2228 3938
150 271 500 346 -JSeptembre15otq
607 303 776 341 RERUM
809 302 1110 340 URBANARUM
1143 301 1495 339 COMMENTAau.
1882 307 1952 342 257

168 406 302 466 tello,
337 411 388 454 ut
419 406 553 455 alias.
590 407 916 455 Interfuerunt
946 404 1223 468 quindecim
1253 405 1543 465 cardinaleS,
1569 406 1800 455 videlicet
1826 410 1952 455 Nea-

170 489 427 552 politanus,
454 489 808 546 Ulixbonensis,
835 487 1197 546 Recanatensis,
1227 504 1265 535 5.
1300 488 1547 547 Praxedis,
1575 489 1948 550 Alexandrinus,

170 588 208 619 5.
259 573 451 631 Crucis,
502 572 782 630 Grimanus,
835 571 1240 634 Caputaquensis,
1292 572 1612 632 Vulteranus,
1666 572 1724 620 de
1771 573 1948 628 Flisco‚

170 655 417 714 Senensis,
443 655 673 713 Medicas,
701 671 740 702 s.
772 653 1003 711 Severini,
1039 654 1312 712 Cesarinus,
1343 654 1401 701 de
1429 654 1659 703 Farnesio
1693 649 1832 703 etde
1857 657 1953 704 Ali-

168 739 343 786 bretto.
388 741 648 786 Decretum
687 737 774 784 fuit
818 740 882 795 et,
930 737 989 784 de
1026 752 1195 785 eorum
1235 738 1482 791 mandato,
1530 743 1638 801 post
1673 739 1946 801 prandium,

168 821 442 870 intimatum
464 821 595 884 quod
611 820 698 885 Idie
724 821 838 869 lune
871 820 1099 876 crastina,
1128 825 1155 868 4
1193 821 1357 884 hujus,
1384 821 1716 884 inciperentur
1748 823 1950 886 exequie

167 905 293 953 bone
318 905 555 953 memorie
589 904 851 952 Alexandri
877 904 1021 963 sexti;
1050 905 1248 952 missam
1276 904 1546 952 celebraret
1578 907 1729 952 Rmus
1758 908 1813 953 D.
1842 922 1952 954 car-

167 987 338 1036 dinalis
363 1004 401 1035 s.
440 987 689 1046 Praxedis,
724 987 980 1050 episcopus
1016 987 1330 1047 Tusculanus,
1366 987 1639 1035 orationem
1676 987 1858 1036 faceret
1890 992 1946 1038 D.

167 1071 450 1119 Octavianus
474 1071 832 1130 Arcimboldus,
870 1069 1266 1135 prothonotarius
1295 1070 1607 1134 apostolicus,
1641 1071 1690 1118 in
1721 1089 1758 1118 s.
1786 1075 1946 1131 Petro,

163 1154 287 1203 hora
318 1155 611 1203 duodecima
635 1159 682 1203 et
709 1154 839 1218 quod
868 1154 1176 1202 ordinaretur
1211 1154 1438 1202 conclave
1467 1154 1517 1201 in
1548 1155 1733 1218 capella
1763 1157 1951 1219 majore

164 1238 330 1300 palatii
357 1254 398 1285 s.
440 1238 565 1286 Petri
586 1239 695 1286 loco
720 1238 861 1287 solito
896 1242 942 1286 et
964 1238 1092 1301 quod
1123 1238 1298 1286 fierent
1328 1242 1441 1286 octo
1479 1242 1526 1286 et
1560 1238 1725 1301 viginti
1757 1238 1946 1287 cellule.

165 1322 593 1384 Interrogaverunt
614 1337 692 1369 me
716 1321 754 1368 si
776 1321 880 1369 fieri
898 1325 1064 1385 posset
1087 1321 1217 1384 quod
1234 1321 1595 1385 perspicerent;
1620 1322 1851 1385 respondi
1872 1338 1951 1370 me

162 1403 337 1451 vidisse
366 1408 411 1452 et
444 1419 753 1453 mensurasse
784 1420 874 1467 pro
914 1404 1100 1452 cellulis
1134 1409 1243 1452 octo
1279 1408 1327 1452 et
1359 1403 1527 1467 viginti
1559 1420 1666 1452 esse
1693 1404 1873 1463 locum,
1904 1408 1952 1453 et

165 1487 295 1549 quod
313 1487 528 1550 quelibet
553 1491 655 1536 erat
675 1488 773 1536 lata
791 1488 1069 1552 palmorum
1101 1488 1295 1536 circiter
1319 1504 1493 1536 novem
1525 1491 1573 1536 et
1597 1488 1743 1552 longa
1765 1489 1953 1552 palmo-

168 1586 278 1617 rum
300 1570 496 1619 circiter
516 1577 723 1633 quatuor
747 1575 794 1618 et
822 1571 1006 1635 viginti.
1037 1571 1221 1619 Placuit
1242 1571 1465 1619 omnibus
1499 1571 1627 1633 quod
1650 1571 1716 1619 ita
1741 1572 1879 1619 fieret
1904 1573 1952 1620 et

168 1652 379 1700 celerius
403 1669 496 1715 quo
519 1653 622 1700 fieri
646 1638 829 1717 posset,
856 1658 903 1701 et
925 1654 1086 1701 clerici
1110 1669 1303 1702 camere
1329 1653 1672 1702 ordinaverunt
1690 1657 1748 1701 D.
1775 1655 1952 1702 Johan-

164 1751 278 1782 nem
299 1735 358 1783 de
385 1736 570 1796 GalveS,
600 1737 882 1801 episcopum
908 1737 1307 1785 Terracinensem
1331 1741 1375 1784 et
1397 1737 1715 1796 Bonifacium,
1739 1737 1950 1786 electum

167 1818 431 1878 Clusinum,
459 1819 664 1867 clericos
690 1836 900 1878 camere,
928 1822 1056 1884 quod
1079 1821 1393 1884 providerent
1425 1822 1484 1869 de
1517 1821 1765 1884 magistris
1794 1825 1840 1869 et
1863 1838 1950 1885 pe-

164 1901 347 1959 cuniis3
388 1918 498 1950 cum
533 1903 704 1966 quibus
750 1909 860 1967 post
892 1904 1148 1967 prandium
1188 1905 1576 1952 mensuravimus
1619 1908 1665 1952 et
1701 1904 1949 1952 divisimus

165 1984 402 2048 capellam
453 2001 565 2033 cum
608 1990 718 2034 octo
760 1991 808 2035 et
852 1986 1020 2050 viginti
1063 1987 1275 2046 cellulis,
1325 1992 1470 2051 prout
1516 1988 1792 2035 ordinatum
1837 1988 1944 2035 fuit.

163 2067 315 2115 Iidem
349 2071 459 2116 octo
491 2068 658 2116 clerici
692 2070 913 2118 fecerunt
952 2074 1149 2134 portare
1181 2086 1344 2118 ceram
1380 2074 1709 2134 opportunam
1738 2086 1826 2134 pro
1871 2070 1947 2118 die

163 2149 376 2198 crastina
408 2152 469 2199 ad
503 2152 773 2200 sacristiam
804 2153 1004 2201 basilice
1031 2170 1068 2201 s.
1106 2154 1251 2213 Petri,
1279 2170 1367 2217 pro
1388 2154 1604 2217 exequiis
1633 2153 1709 2201 die
1739 2154 1949 2201 crastina

164 2228 468 2292 inchoandis,
492 2251 582 2284 nec
620 2252 719 2284 non
757 2242 920 2300 aptare
966 2253 1163 2286 scamna
1198 2243 1245 2285 et
1288 2238 1428 2285 sedes
1475 2253 1561 2301 pro
1601 2237 1949 2295 cardinalibus,

163 2317 361 2380 prelatis
382 2322 430 2366 et
451 2320 723 2367 oratoribus
749 2324 859 2369 ante
893 2321 1129 2384 capellam
1151 2321 1292 2369 beate
1318 2321 1469 2369 Mario
1494 2325 1539 2369 et
1563 2324 1771 2380 Lancee,
1802 2335 1948 2383 quam

163 2398 365 2448 inferius
386 2401 667 2466 designabo.

231 2483 413 2530 Eadem
435 2484 531 2543 die,
555 2485 604 2532 in
633 2502 763 2546 sero,
793 2486 922 2535 circa
941 2487 1112 2536 horam
1136 2488 1420 2551 vigesimam
1448 2491 1686 2551 quartam,
1712 2489 1948 2535 venerunt

167 2566 227 2612 ad
252 2566 430 2614 Urbem
452 2569 619 2615 RRmi.
649 2571 749 2617 DD.
779 2570 1045 2618 cardinales
1070 2588 1109 2618 s.
1144 2572 1270 2618 Petri
1299 2571 1360 2618 ad
1383 2571 1588 2620 Vincula
1609 2574 1657 2618 et
1682 2573 1944 2618 Cumanus.

228 2649 315 2696 Die
342 2649 472 2709 lune,
499 2653 526 2696 4
558 2652 863 2714 septembris,
893 2653 1050 2716 prima
1070 2653 1150 2701 die
1173 2653 1490 2716 exequiarum
1515 2669 1637 2716 pape
1664 2651 1944 2710 Alexandri,

168 2732 318 2779 missa
339 2732 427 2780 fuit
447 2733 642 2797 incepta
666 2735 793 2783 circa
814 2739 1036 2798 quartam
1063 2735 1302 2784 decimam
1326 2736 1498 2784 horam
1532 2751 1676 2799 quam
1702 2735 1820 2783 dixit
1842 2750 1951 2782 car-

168 2813 340 2862 dinalis
363 2831 402 2863 s.
438 2817 667 2866 Praxedis
690 2817 738 2865 in
764 2819 901 2866 altari
933 2822 1150 2868 Lancee:
1187 2820 1311 2867 sedit
1343 2820 1392 2867 in
1425 2819 1603 2883 angulo
1637 2834 1787 2866 cornu
1818 2817 1949 2881 epis-

168 2897 283 2956 tole,
318 2914 488 2947 versus
521 2900 581 2948 ad
620 2900 765 2949 illud:
807 2902 934 2950 inter
972 2919 1083 2951 eum
1126 2908 1174 2951 et
1216 2903 1384 2962 altare,
1426 2902 1516 2950 fuit
1556 2902 1686 2950 dicta
1726 2900 1944 2964 epistola,

166 2995 329 3028 versus
352 2981 413 3030 ad
435 2999 546 3030 eum
580 2983 627 3031 in
653 3000 803 3033 cornu
830 3002 934 3042 suo,
972 3002 1107 3035 more
1140 2987 1327 3045 debito;
1355 2989 1403 3035 et
1429 2986 1554 3033 intra
1578 2983 1813 3048 capellam
1849 2999 1950 3030 ser-

166 3062 349 3113 vierunt
373 3065 416 3113 ei
442 3067 500 3114 de
523 3067 667 3115 mitra
687 3084 742 3116 ac
771 3069 896 3117 libro
927 3070 1207 3128 servitores3
1242 3070 1517 3118 servierunt
1551 3068 1600 3116 iu
1635 3067 1839 3132 capella,
1870 3065 1949 3113 alii

168 3150 332 3195 extra:
376 3149 622 3198 credentia
665 3151 754 3200 fuit
794 3157 932 3201 extra
967 3154 1124 3217 posita
1165 3154 1214 3201 in
1261 3158 1588 3201 transversum
1624 3151 1848 3199 introitus
1889 3149 1947 3196 de

166 3229 382 3278 sacristia
401 3232 462 3279 ad
487 3233 664 3282 dictam
696 3236 951 3298 capellam.
994 3240 1230 3285 Cantores
1272 3240 1514 3285 steterunt
1554 3235 1681 3282 inter
1712 3232 1948 3297 pulpitum

167 3313 399 3376 evangelii
424 3314 621 3365 basilice
647 3318 859 3381 primum
885 3323 933 3367 et
958 3321 1255 3384 sepulturam
1291 3318 1560 3368 Innocentii
1598 3316 1768 3374 octavi,
1798 3314 1949 3363 cardi-

167 3395 300 3443 nales
341 3396 557 3462 episcopi
589 3403 635 3448 et
667 3401 937 3466 presbyteri
970 3404 1200 3451 sederunt
1235 3404 1282 3451 in
1313 3419 1464 3451 cornu
1497 3400 1718 3464 epistole,
1761 3398 1950 3447 diaconi

355 3508 389 3534 τ.
423 3510 470 3536 11¹.
1719 3500 1760 3535 17
