2228 3938
158 349 328 390 membre
351 349 444 388 1500]
609 344 775 381 RERUM
810 326 1108 380 URBANARUM
1143 339 1493 377 COMMENTARH.
1897 340 1939 374 81

166 452 427 497 annuente.
465 447 581 496 Novi
608 448 923 494 accesserunt
962 446 1073 491 ante
1111 445 1311 506 Papam,
1362 443 1440 490 ubi
1481 441 1853 507 genuflexeruut
1893 439 1945 487 in

168 533 367 580 modum
389 530 576 588 circuli,
603 532 651 578 et
677 531 808 592 Papa
829 528 947 592 legit
975 543 1034 574 ex
1058 526 1184 574 libro
1212 526 1346 574 illam
1383 525 1772 574 admonitionem
1797 539 1944 587 quam

168 616 305 680 prius
329 615 539 663 debebat
562 629 620 661 ex
643 616 867 675 tempore
891 610 986 658 illis
1011 610 1203 659 fecisse.

235 698 419 747 Deinde
440 696 573 745 dedit
594 694 794 759 singulis
820 694 1083 758 capellum,
1109 709 1247 743 more
1270 694 1432 753 solito,
1456 696 1503 742 et
1526 693 1702 759 singuli
1724 696 1948 742 emerant

171 782 260 830 sibi
286 782 403 845 ipsis
425 779 657 844 capellos,
682 781 886 842 excepto
910 778 1191 826 Arborense
1214 778 1295 842 qui
1319 781 1581 841 acceperat
1604 780 1773 825 mutuo
1800 790 1948 825 unum

174 865 425 928 antiquum
460 864 583 911 bene
612 865 814 910 unctum
848 877 858 909 ε
893 862 1108 926 primum
1140 861 1386 925 capellum
1417 861 1574 909 tenuit
1606 863 1661 908 D.
1698 861 1947 918 Onufrius,

175 947 503 996 cubicularius
528 948 656 1009 Pape
681 948 729 994 et
760 945 1089 994 subdiaconus
1122 944 1333 1009 capelle;
1370 943 1659 1002 secundum,
1689 945 1745 991 D.
1777 946 1952 991 Petrus

173 1031 441 1080 Matuccius
463 1029 645 1087 Pilaus,
679 1032 998 1078 conservator
1028 1044 1223 1077 camere
1257 1027 1400 1076 Urbis
1427 1044 1436 1087 ;
1468 1026 1690 1086 tertium,
1717 1026 1954 1091 magister

175 1113 352 1162 stabuli
378 1116 523 1177 Pape,
551 1113 672 1161 alios
697 1116 797 1160 tres
822 1112 1041 1161 scutiferi
1067 1115 1214 1176 Pape.
1244 1111 1380 1159 Datis
1405 1110 1626 1174 capellis,
1652 1113 1786 1174 Papa
1810 1110 1955 1158 rediit

177 1197 236 1245 ad
262 1212 508 1245 cameram
533 1193 800 1260 Papagalli,
829 1194 1057 1259 deposuit
1079 1210 1246 1243 sacras
1267 1197 1426 1242 vestes
1448 1209 1588 1242 more
1614 1193 1775 1241 solito.
1804 1196 1957 1241 Inter-

178 1280 338 1346 rogavi
364 1277 561 1328 interim
583 1278 906 1327 Sanctitatem
933 1293 1071 1326 suam
1095 1278 1155 1326 de
1178 1278 1256 1326 die
1280 1278 1571 1326 visitationis
1596 1293 1832 1326 novorum
1854 1290 1959 1325 car-

177 1364 414 1412 dinalium
434 1378 443 1421 ;
471 1378 565 1426 que
590 1361 709 1409 mihi
733 1362 985 1425 respondit
1009 1362 1139 1425 quod
1161 1377 1272 1409 cras
1295 1377 1439 1410 mane
1461 1361 1699 1410 deberent
1725 1360 1962 1409 Sanctita-

179 1450 278 1495 tem
305 1461 442 1494 suam
464 1445 679 1505 visitare,
710 1447 759 1493 et
782 1447 894 1508 post
919 1445 1182 1508 prandium
1207 1445 1484 1493 cardinales
1511 1445 1754 1508 antiquos

245 1532 377 1594 Papa
399 1529 461 1578 ad
487 1544 738 1578 cameram
764 1543 903 1576 suam
927 1543 1144 1586 reverso,
1173 1528 1283 1576 novi
1304 1527 1581 1576 cardinales
1605 1529 1803 1576 suerunt
1826 1543 1962 1575 asso-

182 1613 295 1661 ciati
343 1612 404 1660 ab
449 1611 661 1674 antiquis
695 1626 704 1658 :
744 1614 846 1658 tres
883 1610 932 1657 in
967 1610 1150 1673 palatio
1190 1611 1251 1657 ad
1289 1626 1512 1658 cameras
1559 1626 1689 1669 suas,
1736 1609 1963 1658 videlicet

183 1694 529 1743 Salernitanus
553 1692 613 1741 ad
639 1708 889 1741 cameram
913 1692 1174 1740 camerarii
1195 1692 1244 1740 in
1269 1708 1466 1741 camera
1487 1693 1758 1757 apostolica
1783 1693 1960 1757 primo,

183 1777 360 1825 deinde
382 1775 685 1824 Arborensis
710 1779 758 1824 et
782 1775 1072 1824 Cusentinus
1097 1775 1155 1823 ad
1184 1791 1407 1824 cameras
1433 1791 1605 1824 eorum
1630 1791 1778 1840 super
1804 1776 1964 1824 curri-

185 1861 312 1909 torio
341 1875 525 1924 magno
554 1876 564 1908 :
594 1859 697 1907 sine
724 1859 897 1907 ordine
922 1859 1229 1907 incesserunt
1251 1859 1544 1919 cardinaleS,
1570 1876 1681 1908 cum
1704 1860 1781 1907 his
1807 1860 1964 1908 tribus

185 1943 425 2002 similiter,
462 1942 575 1990 inde
608 1957 760 2006 usque
793 1942 854 1989 ad
884 1941 1044 1989 mulas
1073 1940 1122 1989 in
1153 1942 1293 1990 curia
1322 1946 1370 1990 et
1400 1942 1510 1991 loco
1542 1943 1710 2002 solito;
1747 1943 1827 1991 ubi
1854 1958 1965 1991 cum

183 2026 520 2075 ascendissent.
567 2041 739 2073 omnes
786 2041 960 2073 eorum
1006 2025 1182 2085 mulas,
1229 2026 1341 2073 dedi
1386 2026 1611 2075 ordinem
1657 2030 1961 2075 consuetum.

185 2109 399 2174 Reginus
418 2109 650 2172 equitavit
671 2108 800 2157 inter
818 2108 1036 2157 Medices
1059 2113 1106 2157 et
1131 2109 1419 2157 Farnesium
1441 2109 1490 2157 in
1512 2110 1683 2158 ultimo
1705 2111 1832 2169 loco,
1855 2114 1966 2158 ante

186 2208 298 2240 eum
333 2192 718 2256 Caputaquensis
754 2192 884 2241 inter
923 2192 1304 2257 Agrigentinum
1341 2196 1390 2240 et
1426 2196 1728 2257 Capuanum,
1769 2197 1816 2242 et
1855 2197 1967 2241 ante

186 2276 322 2324 illum
358 2276 644 2324 Mutinensis
675 2275 801 2324 inter
833 2292 871 2324 S.
909 2275 1077 2325 Crucis
1113 2279 1161 2324 et
1193 2278 1512 2335 Gurcensem,
1552 2276 1816 2341 equitando
1856 2280 1968 2324 ante

187 2359 446 2407 ecclesiam
471 2375 510 2407 S.
537 2359 662 2408 Celsi
678 2375 688 2418 3
707 2359 819 2407 inde
846 2359 1135 2407 divertimus
1164 2359 1226 2408 ad
1251 2360 1518 2418 sinistram,
1543 2360 1604 2409 ad
1619 2364 1828 2409 Turrem
1854 2362 1971 2409 San—

188 2442 415 2507 guineam
440 2445 488 2490 et
512 2446 623 2490 ante
654 2443 853 2491 domum
878 2443 939 2491 de
971 2442 1176 2502 Blundo,
1213 2443 1362 2492 etiam
1396 2444 1458 2492 ad
1494 2443 1761 2503 sinistram,
1794 2445 1856 2493 ad
1882 2445 1970 2492 do—

188 2541 322 2573 mum
346 2525 650 2584 Mutinensis,
681 2526 760 2573 ubi
786 2541 899 2574 eum
927 2525 1216 2585 dimisimus,
1246 2531 1295 2575 et
1326 2527 1440 2575 dato
1469 2527 1578 2576 loco
1611 2527 1969 2591 Caputaquensi

191 2608 317 2656 inter
342 2607 499 2656 dictos
523 2608 644 2656 duos
669 2607 903 2656 diaconos
928 2609 977 2656 in
1003 2608 1174 2656 ultimo
1198 2607 1306 2657 loco
1332 2610 1609 2672 equitantes
1634 2611 1858 2658 eamdem
1881 2626 1970 2673 per

189 2691 312 2740 viam
334 2694 522 2740 rectam
548 2691 707 2755 campi
738 2692 882 2739 Flore
914 2696 961 2739 et
984 2692 1126 2756 juxta
1158 2692 1391 2740 clavicam
1417 2693 1478 2740 ad
1503 2694 1705 2741 domum
1737 2709 1873 2741 suam
1899 2709 1972 2741 as-

186 2773 480 2823 'sociavimus
505 2774 553 2822 in
578 2774 774 2823 nomine
801 2774 1008 2823 Domini.

259 2859 493 2917 Sabbato,
522 2862 548 2907 3
575 2858 756 2907 mensis
780 2859 1015 2918 octobris,
1045 2874 1126 2907 sex
1151 2859 1258 2908 novi
1284 2860 1559 2910 cardinales
1584 2861 1900 2910 visitaverunt
1923 2860 1972 2909 in

196 2957 338 2991 mane
366 2943 450 2991 SS.
487 2944 544 2991 D.
574 2946 816 2998 nostrum,
842 2946 891 2991 et
914 2943 1311 3007 post‘prandium
1334 2947 1540 2993 RRmos.
1572 2947 1671 2994 DD.
1698 2946 1973 2994 cardinales

196 3026 590 3090 Neapolitanum,
612 3043 651 3074 s.
678 3026 869 3091 Angeli,
895 3026 1287 3087 Ulixbonensem,
1316 3031 1720 3087 Recanatensem‚
1747 3047 1785 3078 s,
1807 3029 1975 3079 Crucis

199 3113 247 3157 et
278 3110 566 3158 Farnesium
594 3127 604 3170 3
645 3110 726 3159 ulii
758 3114 986 3173 quatuor,
1013 3111 1237 3160 videlicet
1274 3115 1662 3174 Beneventanus,
1692 3112 1971 3170 Gurcensis,

207 3192 412 3240 Ursinus
443 3197 490 3241 et
519 3194 734 3242 Medices
770 3209 868 3242 non
904 3194 1099 3242 luerunt
1128 3195 1176 3242 in
1200 3196 1427 3243 domibus
1457 3212 1629 3244 eorum
1651 3198 1854 3260 reperti.

269 3275 524 3324 Dominica
549 3277 790 3340 sequenti,
819 3277 1133 3326 visitaverunt
1162 3276 1506 3338 s.'Clementis,
1533 3281 1903 3345 Agrigentinum
1928 3284 1973 3324 et

207 3355 464 3418 palatinOS,
504 3363 552 3408 et
588 3360 758 3408 nullibi
802 3360 1137 3424 deposuerunt
1181 3377 1363 3426 cappas
1406 3363 1482 3410 die
1522 3363 1727 3421 sabbati,
1775 3362 1858 3409 sed
1897 3360 1973 3407 die

209 3437 453 3488 dominica
499 3443 677 3507 ubique
717 3444 1075 3507 deposuerunt;
1102 3445 1294 3492 “eadem
1340 3445 1418 3493 die
1463 3445 1667 3503 sabbati,
1715 3447 1770 3492 D.
1821 3444 1974 3491 frater

392 3550 427 3576 τ.
458 3551 506 3578 ιιι.
1766 3546 1785 3578 ss
