2210 3944
501 296 543 349 st
613 287 735 346 „⁴-

531 343 602 377 7
685 341 747 367 f

351 391 394 426 46
528 387 529 390 ’
954 391 1187 429 JOHANNIS
1221 391 1514 436 BURCHARDI,
1923 393 2124 436 [311211500]

350 491 399 539 in
424 492 622 540 basilica
645 509 682 540 s.
715 493 864 553 Petri,
892 494 969 542 cui
997 497 1126 559 Papa
1156 495 1376 543 interfuit
1406 498 1454 543 et
1484 493 1613 542 venit
1637 495 1697 542 ad
1724 510 1831 542 eam
1858 496 1946 543 sub
1970 513 2126 562 regno

350 575 445 623 sive
470 575 647 634 thiara,
676 579 723 624 et
746 579 1008 641 antequam
1033 578 1186 626 exiret
1215 594 1463 626 cameram
1492 578 1753 642 papagalli,
1784 581 1986 642 portare
2011 580 2125 628 fecit

351 657 515 705 sedem
547 675 636 721 pro
668 659 906 709 beneficio
934 660 1116 708 ventris
1150 664 1314 725 aptam
1351 661 1411 709 ad
1436 677 1635 724 parvam
1665 661 1938 709 sacristiam
1971 678 2124 726 prope

350 740 506 788 altare
534 742 692 806 majus
716 742 912 791 basilice
934 760 972 792 s,
1003 743 1150 803 Petri,
1172 745 1232 792 ad
1257 760 1402 807 quam
1427 744 1563 792 finita
1590 743 1737 792 missa
1759 744 1841 793 ivit
1863 747 2124 808 antequam

349 823 525 885 exiret;
553 825 746 886 deinde,
775 829 969 875 ostenso
993 828 1127 876 vultu
1159 827 1368 886 Domini,
1404 828 1623 875 ascendit
1655 828 1715 876 ad
1741 827 1905 876 locum
1931 827 2125 891 publice

347 907 718 970 benedictionis,
755 910 835 958 ubi
868 911 1103 974 populum
1140 911 1423 959 solemniter
1463 911 1726 970 benedixit,
1768 911 1856 958 sub
1888 910 2049 959 thiara
2078 914 2125 959 et

348 991 591 1055 plenarias
611 992 936 1059 indulgentias
953 1010 1049 1042 non
1062 994 1302 1059 jubileum
1318 994 1719 1043 interessentibus
1735 994 2001 1053 concessit3
2031 994 2126 1043 alia

349 1089 488 1124 more
513 1076 672 1125 solito,

415 1160 529 1207 Post
550 1159 726 1208 horam
748 1176 1064 1224 vesperarum
1090 1160 1296 1225 depositi
1322 1164 1431 1209 sunt
1453 1161 1522 1209 illi
1548 1160 1821 1209 octodecim
1847 1161 1954 1209 heri
1979 1176 2127 1226 supra

350 1245 549 1305 pontem
573 1243 793 1307 suspensi
818 1247 865 1292 et
890 1243 1034 1308 positi
1058 1261 1204 1308 supra
1226 1245 1459 1309 quasdam
1485 1247 1739 1303 carrettaS,
1770 1247 1818 1292 et
1841 1260 1870 1292 a
1895 1244 2124 1293 societate

348 1324 678 1374 Misericordie
718 1326 943 1375 associati
977 1343 1129 1391 usque
1163 1328 1224 1375 ad
1256 1343 1427 1376 eorum
1464 1328 1720 1391 capellam,
1752 1331 1800 1375 et
1829 1327 1895 1375 ibi
1927 1327 2121 1392 sepulti,

349 1423 516 1457 eorum
541 1424 679 1457 more
705 1409 862 1458 solit0.

300 1487 552 1593 fFeria
566 1496 718 1553 sexta,
736 1497 762 1541 5
781 1493 963 1541 mensis
972 1493 1112 1557 junii,
1135 1497 1301 1542 Rmus,
1321 1496 1378 1542 D.
1405 1493 1660 1542 cardinalis
1675 1493 1909 1543 Ascanius
1924 1494 2122 1543 recessit

347 1576 406 1624 de
434 1580 593 1624 castro
614 1576 872 1624 Mediolani
893 1577 942 1624 in
962 1577 1109 1636 mula,
1130 1577 1285 1625 iturus
1300 1577 1348 1624 in
1364 1578 1616 1626 Franciam
1631 1577 1898 1626 associatus
1914 1594 1942 1626 a
1955 1577 2122 1642 viginti

349 1664 559 1723 quatuor
576 1659 816 1708 nobilibus
838 1663 886 1708 et
906 1659 1011 1707 aliis
1031 1659 1353 1723 equestribus.

412 1743 495 1792 His
519 1743 704 1803 diehuS‚
731 1745 815 1792 SS.
847 1746 904 1791 D.
929 1746 1096 1791 noster
1121 1759 1178 1791 ex
1198 1759 1346 1792 causa
1366 1741 1594 1807 imposuit
1613 1741 1892 1806 vigesimam
1918 1743 2121 1792 Hebreis

347 1832 395 1877 et
415 1828 655 1876 decimam
677 1828 808 1876 clero
830 1828 892 1876 ad
911 1825 1171 1876 triennium
1202 1826 1377 1891 singuli
1398 1826 1538 1874 annis
1551 1825 1914 1890 persolvendas,
1931 1842 2019 1890 per
2043 1826 2123 1875 lit-

346 1915 474 1960 teras
495 1912 783 1976 apostolicas
804 1927 898 1975 que
926 1912 1002 1961 die
1026 1916 1053 1959 4
1074 1910 1305 1960 februarii
1327 1926 1454 1959 anno
1475 1912 1563 1958 MD
1591 1908 1642 1957 in
1668 1909 1810 1958 valvis
1833 1909 2120 1959 cancellarie

285 1982 317 2021 χ*
345 1995 486 2043 affixe
517 1995 709 2045 fuerunt
731 1994 792 2060 (1)
816 2000 863 2044 et
880 1995 992 2045 hinc
1013 1994 1124 2043 inde
1145 2011 1233 2059 per
1260 1994 1439 2043 Urbem
1459 1992 1721 2056 publicate,
1742 1992 2023 2057 hujusmodi
2045 1997 2117 2041 te-

343 2094 506 2127 noris:

417 2162 734 2212 «Alexander
768 2162 1047 2227 episcopuS,
1084 2178 1249 2212 servus
1277 2177 1527 2211 servorum
1560 2160 1672 2220 Dei,
1704 2160 1765 2209 ad
1796 2161 2011 2210 futuram
2043 2160 2115 2210 rei

345 2246 650 2296 memoriam.
678 2246 900 2303 Quamvis
923 2247 984 2295 ad
1004 2246 1279 2311 amplianda
1294 2246 1611 2295 ecclesiarum
1628 2245 1844 2294 omnium
1864 2245 2120 2295 commoda

344 2335 511 2380 nostre
541 2329 943 2380 considerationis
972 2329 1199 2379 intuitum
1233 2329 1551 2385 extendamus
1582 2333 1629 2377 et
1660 2343 1752 2391 pro
1777 2327 2116 2376 universorum

343 2414 519 2463 Christi
552 2409 769 2463 fidelium
799 2413 1096 2478 projectibus
1126 2417 1292 2461 nostra
1324 2428 1519 2476 semper
1549 2411 1830 2477 aspiraverit
1860 2415 1908 2460 et
1938 2410 2118 2475 aspiret

343 2496 563 2556 intenti0‚
589 2497 675 2545 sed
695 2501 856 2545 tamen
880 2500 1049 2545 contra
1069 2512 1255 2546 morem
1278 2500 1325 2545 et
1344 2495 1646 2560 propositum
1674 2499 1895 2542 nostrum
1916 2493 2116 2543 calami-

343 2585 448 2630 tosa
466 2581 608 2646 hujus
630 2580 860 2645 temporis
881 2581 1090 2630 conditio
1115 2585 1162 2631 et
1185 2597 1296 2630 seva
1322 2585 1492 2629 contra
1519 2578 1829 2628 christicolas
1849 2578 2118 2643 ingensque

341 2663 775 2727 perfidissimorum
795 2665 1058 2713 Turcarum
1081 2663 1257 2712 Christi
1279 2662 1489 2711 nominis
1505 2662 1719 2711 hostium
1740 2661 2014 2727 persecutio
2029 2676 2117 2710 nos

341 2747 522 2811 aliquid
540 2748 768 2797 innovare
790 2747 1068 2812 compellat,
1095 2763 1313 2795 summus
1350 2751 1398 2795 et
1431 2746 1586 2794 almus
1621 2746 1701 2794 ille
1735 2748 1975 2794 scrutator
2007 2760 2116 2793 cor-

343 2830 475 2879 dium
496 2831 725 2880 intuetur.
747 2831 984 2896 Angimur
1006 2831 1231 2891 stimulis,
1257 2834 1305 2879 et
1320 2829 1675 2879 ecclesiasticas
1688 2845 1922 2894 personas
1938 2828 2116 2878 etalios

343 2913 515 2963 Christi
533 2915 702 2965 fideles
725 2930 846 2979 quos
867 2915 926 2963 ab
946 2914 1175 2963 oneribus
1194 2914 1430 2963 hactenus
1451 2912 1663 2962 relevare
1689 2927 1954 2976 eorumque
1982 2927 2116 2960 com-

389 3039 421 3075 1.
451 3054 470 3072 «
497 3065 506 3076 .
521 3067 528 3076 .
546 3065 554 3076 .
577 3051 601 3076 a
620 3040 656 3076 di
676 3039 814 3088 passati
831 3039 870 3076 in
884 3039 1096 3078 Consistoro
1118 3038 1149 3076 si
1167 3049 1257 3087 pose
1277 3036 1309 3074 le
1329 3037 1467 3075 decime
1481 3049 1554 3074 non
1575 3036 1692 3074 solum
1712 3037 1758 3074 ad
1779 3035 1868 3074 tucti
1885 3048 1904 3073 e
1924 3035 2058 3073 Prelati
2079 3039 2115 3074 et

342 3098 479 3135 Uficiali
505 3098 541 3134 di
566 3098 682 3136 Roma
700 3103 737 3136 et
756 3111 822 3148 per
840 3103 939 3137 tucte
957 3098 991 3135 le
1017 3099 1127 3136 Terre
1154 3097 1250 3135 della
1270 3096 1415 3144 Chiesa,
1436 3109 1495 3134 ma
1520 3097 1628 3134 etiam
1652 3108 1718 3145 per
1739 3099 1838 3133 tucta
1864 3093 2114 3140 Christianita,

338 3156 370 3194 le
390 3157 488 3205 quali
502 3157 665 3195 habbino
685 3159 730 3195 ad
748 3158 923 3196 inservire
943 3170 1008 3207 pro
1026 3157 1257 3206 expeditione
1274 3161 1401 3194 contra
1420 3156 1589 3193 Turcum.
1611 3156 1663 3193 La
1682 3155 1785 3192 Bolla
1802 3154 1853 3191 s'e
1873 3153 2057 3202 publicata
2077 3154 2114 3190 in

339 3215 571 3262 Cancellaria‚
594 3221 630 3254 et
647 3229 693 3254 ne
708 3220 788 3254 sara
807 3229 873 3266 per
892 3222 992 3255 tucto
1009 3217 1182 3254 mandato
1203 3216 1352 3265 copia...
1371 3230 1390 3252 »
1406 3216 1533 3261 Rome,
1553 3215 1610 3252 die
1628 3214 1697 3251 IIIJ
1715 3212 1888 3250 februarii
1907 3212 2111 3251 MCCCCC.

338 3275 555 3313 Franciscus
583 3275 789 3325 Cappellus‚
814 3277 1044 3314 secretarius.
1067 3276 1179 3325 (Clas.
1199 3277 1247 3322 X,
1269 3275 1358 3313 dist.
1386 3276 1421 3321 4,
1444 3274 1524 3311 filza
1541 3275 1588 3310 62
1607 3285 1629 3310 a
1648 3285 1679 3311 c.
1702 3272 1801 3321 208).
1825 3272 1924 3309 Dans
1954 3284 2025 3309 une
2051 3273 2114 3309 de-

338 3335 453 3383 peche
473 3336 524 3372 du
542 3336 588 3371 30
600 3334 746 3382 janvier
764 3337 958 3384 precedent
974 3338 1029 3382 (n0
1046 3337 1129 3382 201)
1152 3334 1321 3383 Cappello
1341 3333 1452 3370 disait
1474 3344 1483 3370 ε
1506 3347 1525 3367 «
1615 3333 1645 3368 Il
1665 3333 1765 3379 Papa
1786 3331 1834 3368 ha
1859 3335 1965 3380 posto
1988 3330 2023 3368 la
2043 3332 2115 3369 De-

340 3394 432 3432 cima
447 3406 510 3443 per
531 3398 621 3432 tutte
640 3394 672 3431 le
692 3395 800 3431 Terre
819 3395 914 3431 della
928 3394 1072 3439 Chiesa,
1095 3398 1131 3431 et
1146 3393 1180 3430 al
1199 3392 1358 3441 Collegio
1373 3392 1410 3428 di
1431 3390 1613 3430 Cardinali
1628 3394 1663 3428 et
1677 3390 1737 3427 alli
1752 3389 1907 3428 Ufficiali
1927 3388 1964 3426 di
1981 3389 2111 3429 Roma,

337 3454 404 3491 che
423 3453 456 3491 al
476 3453 683 3503 qualunque
698 3465 744 3491 ne
763 3454 911 3492 tochera
929 3453 965 3490 la
980 3457 1059 3491 rata
1078 3464 1157 3496 sua,
1181 3463 1245 3501 per
1267 3451 1498 3500 expeditione
1517 3454 1642 3488 contre
1668 3449 1866 3488 Thurcum.
1889 3450 1931 3486 In
1969 3458 2110 3486 somma

341 3513 487 3560 quinon
506 3512 536 3550 si
550 3524 663 3562 pensa
683 3524 722 3550 se
739 3524 811 3551 non
829 3524 892 3562 per
910 3512 998 3561 agni
1016 3511 1075 3550 via
1093 3523 1115 3549 a
1132 3511 1207 3549 fare
1227 3510 1365 3549 danari.
1385 3525 1403 3545 >2
