<?xml version="1.0" encoding="UTF-8"?>
<!DOCTYPE html PUBLIC "-//W3C//DTD XHTML 1.0 Transitional//EN"
    "http://www.w3.org/TR/xhtml1/DTD/xhtml1-transitional.dtd">
<html xmlns="http://www.w3.org/1999/xhtml" xml:lang="en" lang="en">
 <head>
  <title>
</title>
<meta http-equiv="Content-Type" content="text/html;charset=utf-8" />
  <meta name='ocr-system' content='tesseract 3.04.00' />
  <meta name='ocr-capabilities' content='ocr_page ocr_carea ocr_par ocr_line ocrx_word'/>
</head>
<body>
  <div class='ocr_page' id='page_1' title='image "./diariumsivererum03burcuoft_0266.png"; bbox 0 0 2228 3938; ppageno 0'>
   <div class='ocr_carea' id='block_1_1' title="bbox 306 400 2078 448">
    <p class='ocr_par' dir='ltr' id='par_1_1' title="bbox 306 400 2078 448">
     <span class='ocr_line' id='line_1_1' title="bbox 306 400 2078 448; baseline 0 -9"><span class='ocrx_word' id='word_1_1' title='bbox 306 403 374 439; x_wconf 88' lang='grc'>184</span> <span class='ocrx_word' id='word_1_2' title='bbox 920 401 940 439; x_wconf 90' lang='lat' dir='ltr'>J</span> <span class='ocrx_word' id='word_1_3' title='bbox 944 401 1104 438; x_wconf 90' lang='lat' dir='ltr'>OHANN</span> <span class='ocrx_word' id='word_1_4' title='bbox 1108 401 1150 438; x_wconf 90' lang='lat' dir='ltr'>IS</span> <span class='ocrx_word' id='word_1_5' title='bbox 1185 400 1480 447; x_wconf 82' lang='lat' dir='ltr'>BURCHARDI,</span> <span class='ocrx_word' id='word_1_6' title='bbox 1751 403 1961 444; x_wconf 73' lang='lat' dir='ltr'>[Decembre</span> <span class='ocrx_word' id='word_1_7' title='bbox 1983 407 2078 448; x_wconf 80' lang='lat'><strong>1502]</strong></span> 
     </span>
    </p>
   </div>
   <div class='ocr_carea' id='block_1_2' title="bbox 297 503 2080 3214">
    <p class='ocr_par' dir='ltr' id='par_1_2' title="bbox 297 503 2080 3214">
     <span class='ocr_line' id='line_1_2' title="bbox 306 503 2076 569; baseline 0.002 -17"><span class='ocrx_word' id='word_1_8' title='bbox 306 504 550 569; x_wconf 83' lang='lat' dir='ltr'>pontificis</span> <span class='ocrx_word' id='word_1_9' title='bbox 582 519 761 568; x_wconf 80' lang='lat' dir='ltr'>gener3</span> <span class='ocrx_word' id='word_1_10' title='bbox 796 503 919 551; x_wconf 90' lang='lat' dir='ltr'>alius</span> <span class='ocrx_word' id='word_1_11' title='bbox 948 505 1167 568; x_wconf 90' lang='lat' dir='ltr'>ejusdem</span> <span class='ocrx_word' id='word_1_12' title='bbox 1205 503 1448 567; x_wconf 89' lang='lat' dir='ltr'>pontificis</span> <span class='ocrx_word' id='word_1_13' title='bbox 1488 503 1817 552; x_wconf 88' lang='lat' dir='ltr'>cubicularius</span> <span class='ocrx_word' id='word_1_14' title='bbox 1853 507 2076 555; x_wconf 83' lang='lat' dir='ltr'>Perottus</span> 
     </span>
     <span class='ocr_line' id='line_1_3' title="bbox 307 587 2075 652; baseline 0.002 -17"><span class='ocrx_word' id='word_1_15' title='bbox 307 589 354 635; x_wconf 91' lang='lat' dir='ltr'>in</span> <span class='ocrx_word' id='word_1_16' title='bbox 381 588 482 652; x_wconf 86' lang='lat' dir='ltr'>ejus</span> <span class='ocrx_word' id='word_1_17' title='bbox 507 587 693 651; x_wconf 91' lang='lat' dir='ltr'>gremio</span> <span class='ocrx_word' id='word_1_18' title='bbox 717 587 986 635; x_wconf 87' lang='lat' dir='ltr'>trucidatus</span> <span class='ocrx_word' id='word_1_19' title='bbox 1016 588 1252 636; x_wconf 90' lang='lat' dir='ltr'>verendos</span> <span class='ocrx_word' id='word_1_20' title='bbox 1279 588 1394 635; x_wconf 93' lang='lat' dir='ltr'>olim</span> <span class='ocrx_word' id='word_1_21' title='bbox 1418 587 1641 637; x_wconf 88' lang='lat' dir='ltr'>Vaticani</span> <span class='ocrx_word' id='word_1_22' title='bbox 1671 590 1874 650; x_wconf 87' lang='lat' dir='ltr'>penates</span> <span class='ocrx_word' id='word_1_23' title='bbox 1899 603 2075 638; x_wconf 90' lang='lat' dir='ltr'>cruore</span> 
     </span>
     <span class='ocr_line' id='line_1_4' title="bbox 305 669 2078 734; baseline 0.002 -17"><span class='ocrx_word' id='word_1_24' title='bbox 305 670 499 728; x_wconf 82' lang='lat' dir='ltr'>sedavit,</span> <span class='ocrx_word' id='word_1_25' title='bbox 528 675 574 717; x_wconf 87' lang='lat' dir='ltr'>et</span> <span class='ocrx_word' id='word_1_26' title='bbox 598 669 783 718; x_wconf 90' lang='lat' dir='ltr'>aulicos</span> <span class='ocrx_word' id='word_1_27' title='bbox 809 685 977 717; x_wconf 89' lang='lat' dir='ltr'>omnes</span> <span class='ocrx_word' id='word_1_28' title='bbox 1008 671 1404 718; x_wconf 82' lang='lat' dir='ltr'>consternatione</span> <span class='ocrx_word' id='word_1_29' title='bbox 1437 673 1484 717; x_wconf 87' lang='lat' dir='ltr'>et</span> <span class='ocrx_word' id='word_1_30' title='bbox 1515 670 1629 734; x_wconf 87' lang='lat' dir='ltr'>fuga</span> <span class='ocrx_word' id='word_1_31' title='bbox 1659 669 1924 734; x_wconf 89' lang='lat' dir='ltr'>dissipavit.</span> <span class='ocrx_word' id='word_1_32' title='bbox 1955 674 2078 720; x_wconf 85' lang='lat' dir='ltr'>Lon-</span> 
     </span>
     <span class='ocr_line' id='line_1_5' title="bbox 305 752 2077 816; baseline 0.002 -17"><span class='ocrx_word' id='word_1_33' title='bbox 305 769 419 816; x_wconf 90' lang='lat' dir='ltr'>gum</span> <span class='ocrx_word' id='word_1_34' title='bbox 444 756 517 800; x_wconf 91' lang='lat' dir='ltr'>est</span> <span class='ocrx_word' id='word_1_35' title='bbox 542 752 773 815; x_wconf 84' lang='lat' dir='ltr'>prosequi</span> <span class='ocrx_word' id='word_1_36' title='bbox 804 755 995 801; x_wconf 89' lang='lat' dir='ltr'>ceteros</span> <span class='ocrx_word' id='word_1_37' title='bbox 1021 753 1102 816; x_wconf 94' lang='lat' dir='ltr'>qui</span> <span class='ocrx_word' id='word_1_38' title='bbox 1129 753 1200 801; x_wconf 92' lang='lat' dir='ltr'>vel</span> <span class='ocrx_word' id='word_1_39' title='bbox 1226 753 1488 811; x_wconf 78' lang='lat' dir='ltr'>interfecti,</span> <span class='ocrx_word' id='word_1_40' title='bbox 1517 753 1592 800; x_wconf 89' lang='lat' dir='ltr'>vel</span> <span class='ocrx_word' id='word_1_41' title='bbox 1622 753 1862 801; x_wconf 87' lang='lat' dir='ltr'>vulnerati</span> <span class='ocrx_word' id='word_1_42' title='bbox 1892 754 1967 802; x_wconf 92' lang='lat' dir='ltr'>vel</span> <span class='ocrx_word' id='word_1_43' title='bbox 1988 753 2077 803; x_wconf 84' lang='lat' dir='ltr'>vivi</span> 
     </span>
     <span class='ocr_line' id='line_1_6' title="bbox 306 835 2078 900; baseline 0.002 -18"><span class='ocrx_word' id='word_1_44' title='bbox 306 835 354 882; x_wconf 92' lang='lat' dir='ltr'>in</span> <span class='ocrx_word' id='word_1_45' title='bbox 378 835 605 899; x_wconf 83' lang='lat' dir='ltr'>Tyberim</span> <span class='ocrx_word' id='word_1_46' title='bbox 629 836 805 900; x_wconf 86' lang='lat' dir='ltr'>dejecti</span> <span class='ocrx_word' id='word_1_47' title='bbox 832 839 915 884; x_wconf 90' lang='lat' dir='ltr'>aut</span> <span class='ocrx_word' id='word_1_48' title='bbox 942 852 1127 884; x_wconf 92' lang='lat' dir='ltr'>veneno</span> <span class='ocrx_word' id='word_1_49' title='bbox 1160 836 1465 899; x_wconf 81' lang='lat' dir='ltr'>consumpti3</span> <span class='ocrx_word' id='word_1_50' title='bbox 1498 851 1706 899; x_wconf 91' lang='lat' dir='ltr'>quorum</span> <span class='ocrx_word' id='word_1_51' title='bbox 1738 852 1887 900; x_wconf 93' lang='lat' dir='ltr'>quum</span> <span class='ocrx_word' id='word_1_52' title='bbox 1916 837 2078 885; x_wconf 90' lang='lat' dir='ltr'>infini-</span> 
     </span>
     <span class='ocr_line' id='line_1_7' title="bbox 305 918 2078 982; baseline 0.002 -17"><span class='ocrx_word' id='word_1_53' title='bbox 305 921 383 965; x_wconf 91' lang='lat' dir='ltr'>tus</span> <span class='ocrx_word' id='word_1_54' title='bbox 413 918 474 966; x_wconf 89' lang='lat' dir='ltr'>sit</span> <span class='ocrx_word' id='word_1_55' title='bbox 504 934 738 966; x_wconf 90' lang='lat' dir='ltr'>numerus</span> <span class='ocrx_word' id='word_1_56' title='bbox 773 921 821 966; x_wconf 90' lang='lat' dir='ltr'>et</span> <span class='ocrx_word' id='word_1_57' title='bbox 850 918 898 966; x_wconf 95' lang='lat' dir='ltr'>in</span> <span class='ocrx_word' id='word_1_58' title='bbox 933 919 1036 966; x_wconf 91' lang='lat' dir='ltr'>dies</span> <span class='ocrx_word' id='word_1_59' title='bbox 1067 923 1257 968; x_wconf 86' lang='lat' dir='ltr'>crescat</span> <span class='ocrx_word' id='word_1_60' title='bbox 1287 919 1546 982; x_wconf 79' lang='lat' dir='ltr'>pernicieS,</span> <span class='ocrx_word' id='word_1_61' title='bbox 1583 934 1739 982; x_wconf 91' lang='lat' dir='ltr'>neque</span> <span class='ocrx_word' id='word_1_62' title='bbox 1772 919 1848 967; x_wconf 91' lang='lat' dir='ltr'>his</span> <span class='ocrx_word' id='word_1_63' title='bbox 1881 920 2078 968; x_wconf 91' lang='lat' dir='ltr'>demum</span> 
     </span>
     <span class='ocr_line' id='line_1_8' title="bbox 305 1001 2073 1067; baseline 0.001 -18"><span class='ocrx_word' id='word_1_64' title='bbox 305 1005 540 1066; x_wconf 87' lang='lat' dir='ltr'>parcatur</span> <span class='ocrx_word' id='word_1_65' title='bbox 561 1001 643 1065; x_wconf 91' lang='lat' dir='ltr'>qui</span> <span class='ocrx_word' id='word_1_66' title='bbox 666 1001 959 1050; x_wconf 89' lang='lat' dir='ltr'>auctoritate</span> <span class='ocrx_word' id='word_1_67' title='bbox 982 1005 1029 1050; x_wconf 91' lang='lat' dir='ltr'>et</span> <span class='ocrx_word' id='word_1_68' title='bbox 1051 1003 1210 1067; x_wconf 89' lang='lat' dir='ltr'>gratia</span> <span class='ocrx_word' id='word_1_69' title='bbox 1230 1002 1352 1050; x_wconf 89' lang='lat' dir='ltr'>alios</span> <span class='ocrx_word' id='word_1_70' title='bbox 1373 1001 1660 1065; x_wconf 73' lang='lat' dir='ltr'>precellam,</span> <span class='ocrx_word' id='word_1_71' title='bbox 1685 1017 1828 1050; x_wconf 89' lang='lat' dir='ltr'>nemo</span> <span class='ocrx_word' id='word_1_72' title='bbox 1856 1002 1905 1050; x_wconf 94' lang='lat' dir='ltr'>in</span> <span class='ocrx_word' id='word_1_73' title='bbox 1926 1004 2073 1063; x_wconf 88' lang='lat' dir='ltr'>Urbe,</span> 
     </span>
     <span class='ocr_line' id='line_1_9' title="bbox 304 1084 2077 1148; baseline 0.002 -16"><span class='ocrx_word' id='word_1_74' title='bbox 304 1088 378 1132; x_wconf 89' lang='lat' dir='ltr'>est</span> <span class='ocrx_word' id='word_1_75' title='bbox 401 1085 548 1133; x_wconf 90' lang='lat' dir='ltr'>etiam</span> <span class='ocrx_word' id='word_1_76' title='bbox 578 1084 765 1148; x_wconf 89' lang='lat' dir='ltr'>private</span> <span class='ocrx_word' id='word_1_77' title='bbox 797 1085 1010 1145; x_wconf 88' lang='lat' dir='ltr'>fortune,</span> <span class='ocrx_word' id='word_1_78' title='bbox 1037 1085 1116 1148; x_wconf 91' lang='lat' dir='ltr'>qui</span> <span class='ocrx_word' id='word_1_79' title='bbox 1149 1085 1238 1133; x_wconf 90' lang='lat' dir='ltr'>sihi</span> <span class='ocrx_word' id='word_1_80' title='bbox 1271 1088 1319 1133; x_wconf 91' lang='lat' dir='ltr'>et</span> <span class='ocrx_word' id='word_1_81' title='bbox 1353 1085 1452 1132; x_wconf 88' lang='lat' dir='ltr'>suis</span> <span class='ocrx_word' id='word_1_82' title='bbox 1477 1086 1579 1148; x_wconf 86' lang='lat' dir='ltr'>jam</span> <span class='ocrx_word' id='word_1_83' title='bbox 1608 1101 1706 1133; x_wconf 91' lang='lat' dir='ltr'>non</span> <span class='ocrx_word' id='word_1_84' title='bbox 1736 1085 1924 1134; x_wconf 87' lang='lat' dir='ltr'>timeat.</span> <span class='ocrx_word' id='word_1_85' title='bbox 1961 1086 2077 1143; x_wconf 88' lang='lat' dir='ltr'>Quis</span> 
     </span>
     <span class='ocr_line' id='line_1_10' title="bbox 302 1168 2077 1233; baseline 0.001 -17"><span class='ocrx_word' id='word_1_86' title='bbox 302 1168 553 1216; x_wconf 89' lang='lat' dir='ltr'>horrenda</span> <span class='ocrx_word' id='word_1_87' title='bbox 575 1168 828 1216; x_wconf 88' lang='lat' dir='ltr'>libidinum</span> <span class='ocrx_word' id='word_1_88' title='bbox 859 1171 1080 1216; x_wconf 88' lang='lat' dir='ltr'>monstra</span> <span class='ocrx_word' id='word_1_89' title='bbox 1112 1184 1346 1216; x_wconf 89' lang='lat' dir='ltr'>enarrare</span> <span class='ocrx_word' id='word_1_90' title='bbox 1378 1184 1474 1216; x_wconf 91' lang='lat' dir='ltr'>non</span> <span class='ocrx_word' id='word_1_91' title='bbox 1506 1168 1755 1228; x_wconf 90' lang='lat' dir='ltr'>formidet,</span> <span class='ocrx_word' id='word_1_92' title='bbox 1788 1185 1880 1232; x_wconf 91' lang='lat' dir='ltr'>que</span> <span class='ocrx_word' id='word_1_93' title='bbox 1907 1173 2077 1233; x_wconf 90' lang='lat' dir='ltr'>aperte</span> 
     </span>
     <span class='ocr_line' id='line_1_11' title="bbox 297 1251 2074 1315; baseline 0.001 -16"><span class='ocrx_word' id='word_1_94' title='bbox 297 1252 399 1314; x_wconf 89' lang='lat' dir='ltr'>jam</span> <span class='ocrx_word' id='word_1_95' title='bbox 437 1251 485 1300; x_wconf 93' lang='lat' dir='ltr'>in</span> <span class='ocrx_word' id='word_1_96' title='bbox 522 1251 650 1299; x_wconf 90' lang='lat' dir='ltr'>illius</span> <span class='ocrx_word' id='word_1_97' title='bbox 687 1252 850 1311; x_wconf 91' lang='lat' dir='ltr'>domo,</span> <span class='ocrx_word' id='word_1_98' title='bbox 891 1254 938 1299; x_wconf 91' lang='lat' dir='ltr'>et</span> <span class='ocrx_word' id='word_1_99' title='bbox 977 1255 1141 1315; x_wconf 86' lang='lat' dir='ltr'>spreta</span> <span class='ocrx_word' id='word_1_100' title='bbox 1173 1252 1260 1299; x_wconf 91' lang='lat' dir='ltr'>Dei</span> <span class='ocrx_word' id='word_1_101' title='bbox 1303 1254 1447 1315; x_wconf 91' lang='lat' dir='ltr'>atque</span> <span class='ocrx_word' id='word_1_102' title='bbox 1483 1251 1737 1300; x_wconf 90' lang='lat' dir='ltr'>hominum</span> <span class='ocrx_word' id='word_1_103' title='bbox 1779 1253 2074 1311; x_wconf 90' lang='lat' dir='ltr'>reverentia,</span> 
     </span>
     <span class='ocr_line' id='line_1_12' title="bbox 304 1334 2080 1398; baseline 0.001 -16"><span class='ocrx_word' id='word_1_104' title='bbox 304 1334 708 1384; x_wconf 81' lang='lat' dir='ltr'>committuntur?</span> <span class='ocrx_word' id='word_1_105' title='bbox 733 1338 850 1398; x_wconf 91' lang='lat' dir='ltr'>quot</span> <span class='ocrx_word' id='word_1_106' title='bbox 877 1338 1063 1398; x_wconf 87' lang='lat' dir='ltr'>stupra,</span> <span class='ocrx_word' id='word_1_107' title='bbox 1091 1338 1209 1398; x_wconf 91' lang='lat' dir='ltr'>quot</span> <span class='ocrx_word' id='word_1_108' title='bbox 1239 1334 1469 1393; x_wconf 79' lang='lat' dir='ltr'>incestuS,</span> <span class='ocrx_word' id='word_1_109' title='bbox 1499 1338 1617 1398; x_wconf 91' lang='lat' dir='ltr'>quot</span> <span class='ocrx_word' id='word_1_110' title='bbox 1646 1335 1861 1383; x_wconf 85' lang='lat' dir='ltr'>filiorum</span> <span class='ocrx_word' id='word_1_111' title='bbox 1886 1338 1934 1383; x_wconf 93' lang='lat' dir='ltr'>et</span> <span class='ocrx_word' id='word_1_112' title='bbox 1956 1335 2080 1383; x_wconf 86' lang='lat' dir='ltr'>filia·</span> 
     </span>
     <span class='ocr_line' id='line_1_13' title="bbox 302 1406 2077 1481; baseline 0.001 -17"><span class='ocrx_word' id='word_1_113' title='bbox 302 1434 412 1465; x_wconf 92' lang='lat' dir='ltr'>rum</span> <span class='ocrx_word' id='word_1_114' title='bbox 438 1406 626 1477; x_wconf 87' lang='lat' dir='ltr'>sordes,</span> <span class='ocrx_word' id='word_1_115' title='bbox 655 1422 773 1481; x_wconf 89' lang='lat' dir='ltr'>quot</span> <span class='ocrx_word' id='word_1_116' title='bbox 798 1434 886 1481; x_wconf 92' lang='lat' dir='ltr'>per</span> <span class='ocrx_word' id='word_1_117' title='bbox 920 1418 1049 1466; x_wconf 89' lang='lat' dir='ltr'>Petri</span> <span class='ocrx_word' id='word_1_118' title='bbox 1075 1418 1311 1481; x_wconf 89' lang='lat' dir='ltr'>palatium</span> <span class='ocrx_word' id='word_1_119' title='bbox 1336 1418 1670 1477; x_wconf 87' lang='lat' dir='ltr'>meretricum,</span> <span class='ocrx_word' id='word_1_120' title='bbox 1697 1422 1816 1481; x_wconf 87' lang='lat' dir='ltr'>quot</span> <span class='ocrx_word' id='word_1_121' title='bbox 1845 1419 2077 1467; x_wconf 90' lang='lat' dir='ltr'>lenonum</span> 
     </span>
     <span class='ocr_line' id='line_1_14' title="bbox 303 1501 2078 1566; baseline 0.002 -19"><span class='ocrx_word' id='word_1_122' title='bbox 303 1516 478 1564; x_wconf 81' lang='lat' dir='ltr'>greges</span> <span class='ocrx_word' id='word_1_123' title='bbox 503 1504 647 1563; x_wconf 80' lang='lat' dir='ltr'>alque</span> <span class='ocrx_word' id='word_1_124' title='bbox 679 1517 966 1560; x_wconf 75' lang='lat' dir='ltr'>concurSUS,</span> <span class='ocrx_word' id='word_1_125' title='bbox 1003 1501 1275 1564; x_wconf 89' lang='lat' dir='ltr'>prostibula</span> <span class='ocrx_word' id='word_1_126' title='bbox 1305 1504 1351 1549; x_wconf 90' lang='lat' dir='ltr'>et</span> <span class='ocrx_word' id='word_1_127' title='bbox 1382 1501 1656 1564; x_wconf 89' lang='lat' dir='ltr'>lupanaria,</span> <span class='ocrx_word' id='word_1_128' title='bbox 1692 1502 1870 1565; x_wconf 88' lang='lat' dir='ltr'>majori</span> <span class='ocrx_word' id='word_1_129' title='bbox 1901 1502 2078 1566; x_wconf 89' lang='lat' dir='ltr'>ubique</span> 
     </span>
     <span class='ocr_line' id='line_1_15' title="bbox 302 1583 2078 1634; baseline 0.001 -3"><span class='ocrx_word' id='word_1_130' title='bbox 302 1584 594 1632; x_wconf 87' lang='lat' dir='ltr'>verecundia</span> <span class='ocrx_word' id='word_1_131' title='bbox 615 1583 872 1632; x_wconf 89' lang='lat' dir='ltr'>contineri.</span> <span class='ocrx_word' id='word_1_132' title='bbox 898 1583 1006 1631; x_wconf 77' lang='lat' dir='ltr'>Kal,</span> <span class='ocrx_word' id='word_1_133' title='bbox 1031 1583 1307 1632; x_wconf 90' lang='lat' dir='ltr'>novembris</span> <span class='ocrx_word' id='word_1_134' title='bbox 1327 1584 1625 1632; x_wconf 88' lang='lat' dir='ltr'>solemnibus</span> <span class='ocrx_word' id='word_1_135' title='bbox 1646 1585 1864 1632; x_wconf 93' lang='lat' dir='ltr'>omnium</span> <span class='ocrx_word' id='word_1_136' title='bbox 1886 1588 2078 1634; x_wconf 88' lang='lat' dir='ltr'>sancto-</span> 
     </span>
     <span class='ocr_line' id='line_1_16' title="bbox 302 1666 2078 1730; baseline 0.002 -17"><span class='ocrx_word' id='word_1_137' title='bbox 302 1683 411 1714; x_wconf 92' lang='lat' dir='ltr'>rum</span> <span class='ocrx_word' id='word_1_138' title='bbox 439 1667 728 1714; x_wconf 90' lang='lat' dir='ltr'>ceremoniis</span> <span class='ocrx_word' id='word_1_139' title='bbox 750 1666 1101 1730; x_wconf 79' lang='lat' dir='ltr'>quinquaginta</span> <span class='ocrx_word' id='word_1_140' title='bbox 1124 1666 1412 1714; x_wconf 87' lang='lat' dir='ltr'>meretrices</span> <span class='ocrx_word' id='word_1_141' title='bbox 1438 1667 1624 1714; x_wconf 89' lang='lat' dir='ltr'>urbane</span> <span class='ocrx_word' id='word_1_142' title='bbox 1649 1667 1709 1714; x_wconf 89' lang='lat' dir='ltr'>ad</span> <span class='ocrx_word' id='word_1_143' title='bbox 1736 1667 2004 1716; x_wconf 89' lang='lat' dir='ltr'>convivium</span> <span class='ocrx_word' id='word_1_144' title='bbox 2028 1668 2078 1716; x_wconf 92' lang='lat' dir='ltr'>in</span> 
     </span>
     <span class='ocr_line' id='line_1_17' title="bbox 303 1749 2077 1814; baseline 0.001 -17"><span class='ocrx_word' id='word_1_145' title='bbox 303 1750 536 1813; x_wconf 89' lang='lat' dir='ltr'>palatium</span> <span class='ocrx_word' id='word_1_146' title='bbox 572 1752 759 1809; x_wconf 87' lang='lat' dir='ltr'>vocate,</span> <span class='ocrx_word' id='word_1_147' title='bbox 799 1749 1102 1797; x_wconf 89' lang='lat' dir='ltr'>fedissimum</span> <span class='ocrx_word' id='word_1_148' title='bbox 1139 1752 1186 1797; x_wconf 94' lang='lat' dir='ltr'>et</span> <span class='ocrx_word' id='word_1_149' title='bbox 1222 1749 1704 1797; x_wconf 89' lang='lat' dir='ltr'>detestabilissimum</span> <span class='ocrx_word' id='word_1_150' title='bbox 1742 1750 2077 1814; x_wconf 78' lang='lat' dir='ltr'>spectaculum</span> 
     </span>
     <span class='ocr_line' id='line_1_18' title="bbox 302 1832 2078 1896; baseline 0.001 -16"><span class='ocrx_word' id='word_1_151' title='bbox 302 1833 576 1896; x_wconf 92' lang='lat' dir='ltr'>prebuere;</span> <span class='ocrx_word' id='word_1_152' title='bbox 613 1835 660 1880; x_wconf 92' lang='lat' dir='ltr'>et</span> <span class='ocrx_word' id='word_1_153' title='bbox 690 1835 742 1880; x_wconf 93' lang='lat' dir='ltr'>ut</span> <span class='ocrx_word' id='word_1_154' title='bbox 773 1832 832 1880; x_wconf 93' lang='lat' dir='ltr'>ad</span> <span class='ocrx_word' id='word_1_155' title='bbox 863 1832 1157 1880; x_wconf 88' lang='lat' dir='ltr'>irritandum</span> <span class='ocrx_word' id='word_1_156' title='bbox 1191 1832 1415 1896; x_wconf 86' lang='lat' dir='ltr'>exempla</span> <span class='ocrx_word' id='word_1_157' title='bbox 1448 1848 1545 1880; x_wconf 93' lang='lat' dir='ltr'>non</span> <span class='ocrx_word' id='word_1_158' title='bbox 1577 1833 1818 1892; x_wconf 90' lang='lat' dir='ltr'>deessent,</span> <span class='ocrx_word' id='word_1_159' title='bbox 1861 1836 1971 1881; x_wconf 87' lang='lat' dir='ltr'>acta</span> <span class='ocrx_word' id='word_1_160' title='bbox 2005 1836 2078 1881; x_wconf 90' lang='lat' dir='ltr'>est</span> 
     </span>
     <span class='ocr_line' id='line_1_19' title="bbox 302 1914 2077 1979; baseline 0.001 -17"><span class='ocrx_word' id='word_1_161' title='bbox 302 1915 616 1978; x_wconf 88' lang='lat' dir='ltr'>sequentibus</span> <span class='ocrx_word' id='word_1_162' title='bbox 642 1914 808 1962; x_wconf 91' lang='lat' dir='ltr'>diebus</span> <span class='ocrx_word' id='word_1_163' title='bbox 831 1914 880 1962; x_wconf 90' lang='lat' dir='ltr'>in</span> <span class='ocrx_word' id='word_1_164' title='bbox 900 1914 1150 1977; x_wconf 89' lang='lat' dir='ltr'>publicum</span> <span class='ocrx_word' id='word_1_165' title='bbox 1176 1914 1511 1977; x_wconf 80' lang='lat' dir='ltr'>spectaculum</span> <span class='ocrx_word' id='word_1_166' title='bbox 1538 1931 1664 1978; x_wconf 90' lang='lat' dir='ltr'>equa</span> <span class='ocrx_word' id='word_1_167' title='bbox 1687 1931 1798 1979; x_wconf 90' lang='lat' dir='ltr'>que,</span> <span class='ocrx_word' id='word_1_168' title='bbox 1824 1918 2077 1979; x_wconf 86' lang='lat' dir='ltr'>spectante</span> 
     </span>
     <span class='ocr_line' id='line_1_20' title="bbox 300 1996 2077 2060; baseline 0.001 -16"><span class='ocrx_word' id='word_1_169' title='bbox 300 2012 411 2044; x_wconf 91' lang='lat' dir='ltr'>cum</span> <span class='ocrx_word' id='word_1_170' title='bbox 435 1996 545 2044; x_wconf 86' lang='lat' dir='ltr'>filiis</span> <span class='ocrx_word' id='word_1_171' title='bbox 571 1996 819 2060; x_wconf 87' lang='lat' dir='ltr'>pontifice,</span> <span class='ocrx_word' id='word_1_172' title='bbox 844 1996 1153 2044; x_wconf 89' lang='lat' dir='ltr'>intromissos</span> <span class='ocrx_word' id='word_1_173' title='bbox 1176 1996 1490 2044; x_wconf 88' lang='lat' dir='ltr'>admissarios</span> <span class='ocrx_word' id='word_1_174' title='bbox 1514 1997 1658 2045; x_wconf 91' lang='lat' dir='ltr'>nimis</span> <span class='ocrx_word' id='word_1_175' title='bbox 1682 1998 1872 2046; x_wconf 91' lang='lat' dir='ltr'>veneris</span> <span class='ocrx_word' id='word_1_176' title='bbox 1897 1998 2077 2046; x_wconf 89' lang='lat' dir='ltr'>ardore</span> 
     </span>
     <span class='ocr_line' id='line_1_21' title="bbox 301 2079 2074 2140; baseline 0 -12"><span class='ocrx_word' id='word_1_177' title='bbox 301 2080 572 2128; x_wconf 89' lang='lat' dir='ltr'>concitatos</span> <span class='ocrx_word' id='word_1_178' title='bbox 596 2079 645 2127; x_wconf 93' lang='lat' dir='ltr'>in</span> <span class='ocrx_word' id='word_1_179' title='bbox 667 2080 886 2128; x_wconf 89' lang='lat' dir='ltr'>furorem</span> <span class='ocrx_word' id='word_1_180' title='bbox 913 2082 960 2127; x_wconf 92' lang='lat' dir='ltr'>et</span> <span class='ocrx_word' id='word_1_181' title='bbox 983 2079 1173 2127; x_wconf 90' lang='lat' dir='ltr'>rabiem</span> <span class='ocrx_word' id='word_1_182' title='bbox 1198 2082 1521 2128; x_wconf 89' lang='lat' dir='ltr'>converteret.</span> <span class='ocrx_word' id='word_1_183' title='bbox 1547 2080 1674 2129; x_wconf 91' lang='lat' dir='ltr'>Nihil</span> <span class='ocrx_word' id='word_1_184' title='bbox 1701 2096 1807 2130; x_wconf 91' lang='lat' dir='ltr'>esse</span> <span class='ocrx_word' id='word_1_185' title='bbox 1831 2080 1926 2128; x_wconf 90' lang='lat' dir='ltr'>vim</span> <span class='ocrx_word' id='word_1_186' title='bbox 1948 2081 2074 2140; x_wconf 90' lang='lat' dir='ltr'>auri,</span> 
     </span>
     <span class='ocr_line' id='line_1_22' title="bbox 300 2161 2075 2226; baseline 0 -16"><span class='ocrx_word' id='word_1_187' title='bbox 300 2162 430 2226; x_wconf 92' lang='lat' dir='ltr'>quod</span> <span class='ocrx_word' id='word_1_188' title='bbox 473 2177 571 2209; x_wconf 92' lang='lat' dir='ltr'>non</span> <span class='ocrx_word' id='word_1_189' title='bbox 617 2177 674 2209; x_wconf 87' lang='lat' dir='ltr'>ex</span> <span class='ocrx_word' id='word_1_190' title='bbox 723 2161 947 2209; x_wconf 91' lang='lat' dir='ltr'>omnibus</span> <span class='ocrx_word' id='word_1_191' title='bbox 990 2161 1183 2225; x_wconf 90' lang='lat' dir='ltr'>populis</span> <span class='ocrx_word' id='word_1_192' title='bbox 1230 2161 1510 2209; x_wconf 86' lang='lat' dir='ltr'>christianis</span> <span class='ocrx_word' id='word_1_193' title='bbox 1552 2162 1612 2209; x_wconf 90' lang='lat' dir='ltr'>ad</span> <span class='ocrx_word' id='word_1_194' title='bbox 1649 2162 1864 2210; x_wconf 91' lang='lat' dir='ltr'>filiorum</span> <span class='ocrx_word' id='word_1_195' title='bbox 1908 2162 2075 2210; x_wconf 89' lang='lat' dir='ltr'>luxum</span> 
     </span>
     <span class='ocr_line' id='line_1_23' title="bbox 300 2243 2076 2307; baseline 0.001 -16"><span class='ocrx_word' id='word_1_196' title='bbox 300 2259 489 2291; x_wconf 90' lang='lat' dir='ltr'>summa</span> <span class='ocrx_word' id='word_1_197' title='bbox 517 2243 744 2292; x_wconf 88' lang='lat' dir='ltr'>aviditate</span> <span class='ocrx_word' id='word_1_198' title='bbox 778 2246 1126 2307; x_wconf 89' lang='lat' dir='ltr'>conqueratur.</span> <span class='ocrx_word' id='word_1_199' title='bbox 1165 2243 1476 2307; x_wconf 89' lang='lat' dir='ltr'>Propositum</span> <span class='ocrx_word' id='word_1_200' title='bbox 1509 2247 1582 2292; x_wconf 92' lang='lat' dir='ltr'>est</span> <span class='ocrx_word' id='word_1_201' title='bbox 1611 2244 1660 2292; x_wconf 93' lang='lat' dir='ltr'>in</span> <span class='ocrx_word' id='word_1_202' title='bbox 1685 2247 1868 2292; x_wconf 91' lang='lat' dir='ltr'>Turcas</span> <span class='ocrx_word' id='word_1_203' title='bbox 1893 2244 2076 2293; x_wconf 90' lang='lat' dir='ltr'>bellum</span> 
     </span>
     <span class='ocr_line' id='line_1_24' title="bbox 299 2326 2075 2390; baseline 0 -16"><span class='ocrx_word' id='word_1_204' title='bbox 299 2327 579 2390; x_wconf 89' lang='lat' dir='ltr'>publicare;</span> <span class='ocrx_word' id='word_1_205' title='bbox 612 2327 674 2374; x_wconf 93' lang='lat' dir='ltr'>ob</span> <span class='ocrx_word' id='word_1_206' title='bbox 700 2342 807 2374; x_wconf 91' lang='lat' dir='ltr'>eam</span> <span class='ocrx_word' id='word_1_207' title='bbox 833 2326 1045 2390; x_wconf 88' lang='lat' dir='ltr'>speciem</span> <span class='ocrx_word' id='word_1_208' title='bbox 1069 2342 1158 2389; x_wconf 91' lang='lat' dir='ltr'>per</span> <span class='ocrx_word' id='word_1_209' title='bbox 1190 2341 1358 2373; x_wconf 90' lang='lat' dir='ltr'>omnes</span> <span class='ocrx_word' id='word_1_210' title='bbox 1389 2326 1523 2374; x_wconf 90' lang='lat' dir='ltr'>orbis</span> <span class='ocrx_word' id='word_1_211' title='bbox 1550 2326 1778 2374; x_wconf 85' lang='lat' dir='ltr'>basilicas</span> <span class='ocrx_word' id='word_1_212' title='bbox 1805 2330 1853 2374; x_wconf 90' lang='lat' dir='ltr'>et</span> <span class='ocrx_word' id='word_1_213' title='bbox 1882 2327 2075 2375; x_wconf 89' lang='lat' dir='ltr'>vendite</span> 
     </span>
     <span class='ocr_line' id='line_1_25' title="bbox 299 2408 2077 2473; baseline 0.001 -17"><span class='ocrx_word' id='word_1_214' title='bbox 299 2409 479 2456; x_wconf 89' lang='lat' dir='ltr'>exteris</span> <span class='ocrx_word' id='word_1_215' title='bbox 507 2408 779 2457; x_wconf 88' lang='lat' dir='ltr'>civitatibus</span> <span class='ocrx_word' id='word_1_216' title='bbox 804 2412 1085 2456; x_wconf 89' lang='lat' dir='ltr'>erratorum</span> <span class='ocrx_word' id='word_1_217' title='bbox 1110 2408 1429 2473; x_wconf 87' lang='lat' dir='ltr'>indulgentie,</span> <span class='ocrx_word' id='word_1_218' title='bbox 1463 2411 1515 2456; x_wconf 93' lang='lat' dir='ltr'>ut</span> <span class='ocrx_word' id='word_1_219' title='bbox 1541 2408 1732 2457; x_wconf 88' lang='lat' dir='ltr'>facilius</span> <span class='ocrx_word' id='word_1_220' title='bbox 1760 2425 1817 2456; x_wconf 88' lang='lat' dir='ltr'>ex</span> <span class='ocrx_word' id='word_1_221' title='bbox 1840 2410 1934 2458; x_wconf 89' lang='lat' dir='ltr'>hac</span> <span class='ocrx_word' id='word_1_222' title='bbox 1960 2425 2077 2458; x_wconf 91' lang='lat' dir='ltr'>con-</span> 
     </span>
     <span class='ocr_line' id='line_1_26' title="bbox 298 2490 2075 2554; baseline 0.001 -16"><span class='ocrx_word' id='word_1_223' title='bbox 298 2491 554 2554; x_wconf 90' lang='lat' dir='ltr'>quisitione</span> <span class='ocrx_word' id='word_1_224' title='bbox 587 2491 751 2554; x_wconf 88' lang='lat' dir='ltr'>largos</span> <span class='ocrx_word' id='word_1_225' title='bbox 787 2490 836 2538; x_wconf 90' lang='lat' dir='ltr'>in</span> <span class='ocrx_word' id='word_1_226' title='bbox 877 2490 974 2538; x_wconf 89' lang='lat' dir='ltr'>vita</span> <span class='ocrx_word' id='word_1_227' title='bbox 1011 2494 1231 2554; x_wconf 88' lang='lat' dir='ltr'>sumptus</span> <span class='ocrx_word' id='word_1_228' title='bbox 1267 2491 1626 2554; x_wconf 90' lang='lat' dir='ltr'>suppeditaret,</span> <span class='ocrx_word' id='word_1_229' title='bbox 1666 2493 1719 2539; x_wconf 93' lang='lat' dir='ltr'>ut</span> <span class='ocrx_word' id='word_1_230' title='bbox 1757 2494 1908 2551; x_wconf 88' lang='lat' dir='ltr'>esset,</span> <span class='ocrx_word' id='word_1_231' title='bbox 1947 2492 2075 2541; x_wconf 89' lang='lat' dir='ltr'>unde</span> 
     </span>
     <span class='ocr_line' id='line_1_27' title="bbox 297 2574 2077 2639; baseline 0.001 -17"><span class='ocrx_word' id='word_1_232' title='bbox 297 2574 538 2638; x_wconf 85' lang='lat' dir='ltr'>pontificis</span> <span class='ocrx_word' id='word_1_233' title='bbox 575 2574 675 2621; x_wconf 87' lang='lat' dir='ltr'>filia</span> <span class='ocrx_word' id='word_1_234' title='bbox 711 2574 915 2638; x_wconf 87' lang='lat' dir='ltr'>gemmis</span> <span class='ocrx_word' id='word_1_235' title='bbox 945 2578 1088 2636; x_wconf 88' lang='lat' dir='ltr'>atque</span> <span class='ocrx_word' id='word_1_236' title='bbox 1126 2589 1245 2622; x_wconf 88' lang='lat' dir='ltr'>auro</span> <span class='ocrx_word' id='word_1_237' title='bbox 1278 2577 1482 2622; x_wconf 88' lang='lat' dir='ltr'>onerata</span> <span class='ocrx_word' id='word_1_238' title='bbox 1513 2574 1728 2622; x_wconf 91' lang='lat' dir='ltr'>dotalem</span> <span class='ocrx_word' id='word_1_239' title='bbox 1762 2590 1993 2639; x_wconf 89' lang='lat' dir='ltr'>pompam</span> <span class='ocrx_word' id='word_1_240' title='bbox 2030 2580 2077 2624; x_wconf 91' lang='lat' dir='ltr'>et</span> 
     </span>
     <span class='ocr_line' id='line_1_28' title="bbox 297 2656 2075 2716; baseline 0.001 -13"><span class='ocrx_word' id='word_1_241' title='bbox 297 2671 494 2704; x_wconf 87' lang='lat' dir='ltr'>romane</span> <span class='ocrx_word' id='word_1_242' title='bbox 521 2656 732 2705; x_wconf 88' lang='lat' dir='ltr'>Ecclesie</span> <span class='ocrx_word' id='word_1_243' title='bbox 751 2656 936 2704; x_wconf 89' lang='lat' dir='ltr'>tributa</span> <span class='ocrx_word' id='word_1_244' title='bbox 957 2671 1120 2703; x_wconf 90' lang='lat' dir='ltr'>secum</span> <span class='ocrx_word' id='word_1_245' title='bbox 1141 2656 1360 2716; x_wconf 83' lang='lat' dir='ltr'>trahens,</span> <span class='ocrx_word' id='word_1_246' title='bbox 1385 2656 1501 2704; x_wconf 88' lang='lat' dir='ltr'>luxu</span> <span class='ocrx_word' id='word_1_247' title='bbox 1522 2656 1740 2706; x_wconf 85' lang='lat' dir='ltr'>inaudito</span> <span class='ocrx_word' id='word_1_248' title='bbox 1762 2657 1824 2705; x_wconf 86' lang='lat' dir='ltr'>ad</span> <span class='ocrx_word' id='word_1_249' title='bbox 1843 2657 2075 2705; x_wconf 90' lang='lat' dir='ltr'>maritum</span> 
     </span>
     <span class='ocr_line' id='line_1_29' title="bbox 298 2738 2074 2802; baseline 0.001 -16"><span class='ocrx_word' id='word_1_250' title='bbox 298 2739 574 2797; x_wconf 88' lang='lat' dir='ltr'>accederet,</span> <span class='ocrx_word' id='word_1_251' title='bbox 609 2741 658 2787; x_wconf 89' lang='lat' dir='ltr'>et</span> <span class='ocrx_word' id='word_1_252' title='bbox 692 2739 819 2787; x_wconf 92' lang='lat' dir='ltr'>unde</span> <span class='ocrx_word' id='word_1_253' title='bbox 855 2739 1038 2787; x_wconf 90' lang='lat' dir='ltr'>bellum</span> <span class='ocrx_word' id='word_1_254' title='bbox 1076 2739 1286 2802; x_wconf 89' lang='lat' dir='ltr'>antiquis</span> <span class='ocrx_word' id='word_1_255' title='bbox 1321 2738 1591 2787; x_wconf 87' lang='lat' dir='ltr'>civitatibus</span> <span class='ocrx_word' id='word_1_256' title='bbox 1628 2743 1675 2787; x_wconf 86' lang='lat' dir='ltr'>et</span> <span class='ocrx_word' id='word_1_257' title='bbox 1706 2739 1834 2787; x_wconf 89' lang='lat' dir='ltr'>veris</span> <span class='ocrx_word' id='word_1_258' title='bbox 1866 2739 2074 2787; x_wconf 89' lang='lat' dir='ltr'>dominis</span> 
     </span>
     <span class='ocr_line' id='line_1_30' title="bbox 298 2821 2071 2880; baseline -0.001 -11"><span class='ocrx_word' id='word_1_259' title='bbox 298 2821 585 2870; x_wconf 84' lang='lat' dir='ltr'>inferretur.</span> <span class='ocrx_word' id='word_1_260' title='bbox 623 2821 793 2869; x_wconf 91' lang='lat' dir='ltr'>Pulsos</span> <span class='ocrx_word' id='word_1_261' title='bbox 831 2837 937 2869; x_wconf 90' lang='lat' dir='ltr'>esse</span> <span class='ocrx_word' id='word_1_262' title='bbox 973 2821 1071 2869; x_wconf 91' lang='lat' dir='ltr'>suis</span> <span class='ocrx_word' id='word_1_263' title='bbox 1105 2821 1301 2869; x_wconf 91' lang='lat' dir='ltr'>sedibus</span> <span class='ocrx_word' id='word_1_264' title='bbox 1335 2823 1526 2869; x_wconf 88' lang='lat' dir='ltr'>veteres</span> <span class='ocrx_word' id='word_1_265' title='bbox 1568 2821 1774 2880; x_wconf 83' lang='lat' dir='ltr'>incolaS,</span> <span class='ocrx_word' id='word_1_266' title='bbox 1811 2821 2071 2868; x_wconf 87' lang='lat' dir='ltr'>maximam</span> 
     </span>
     <span class='ocr_line' id='line_1_31' title="bbox 297 2903 2069 2967; baseline -0.001 -15"><span class='ocrx_word' id='word_1_267' title='bbox 297 2905 433 2952; x_wconf 89' lang='lat' dir='ltr'>urbis</span> <span class='ocrx_word' id='word_1_268' title='bbox 468 2908 620 2953; x_wconf 91' lang='lat' dir='ltr'>Rome</span> <span class='ocrx_word' id='word_1_269' title='bbox 656 2905 962 2952; x_wconf 86' lang='lat' dir='ltr'>nobilitatem</span> <span class='ocrx_word' id='word_1_270' title='bbox 1005 2904 1362 2967; x_wconf 87' lang='lat' dir='ltr'>proscriptione</span> <span class='ocrx_word' id='word_1_271' title='bbox 1399 2906 1543 2966; x_wconf 89' lang='lat' dir='ltr'>atque</span> <span class='ocrx_word' id='word_1_272' title='bbox 1580 2903 1723 2951; x_wconf 87' lang='lat' dir='ltr'>exilio</span> <span class='ocrx_word' id='word_1_273' title='bbox 1763 2903 2069 2967; x_wconf 83' lang='lat' dir='ltr'>ablegatam;</span> 
     </span>
     <span class='ocr_line' id='line_1_32' title="bbox 298 2985 2068 3049; baseline 0 -15"><span class='ocrx_word' id='word_1_274' title='bbox 298 2987 523 3049; x_wconf 87' lang='lat' dir='ltr'>antiquos</span> <span class='ocrx_word' id='word_1_275' title='bbox 556 2986 677 3034; x_wconf 87' lang='lat' dir='ltr'>Latii</span> <span class='ocrx_word' id='word_1_276' title='bbox 709 2986 932 3034; x_wconf 88' lang='lat' dir='ltr'>dominos</span> <span class='ocrx_word' id='word_1_277' title='bbox 968 2986 1065 3033; x_wconf 90' lang='lat' dir='ltr'>suis</span> <span class='ocrx_word' id='word_1_278' title='bbox 1097 2985 1303 3033; x_wconf 87' lang='lat' dir='ltr'>fortunis</span> <span class='ocrx_word' id='word_1_279' title='bbox 1338 2990 1384 3033; x_wconf 90' lang='lat' dir='ltr'>et</span> <span class='ocrx_word' id='word_1_280' title='bbox 1419 2985 1808 3048; x_wconf 89' lang='lat' dir='ltr'>possessionibus</span> <span class='ocrx_word' id='word_1_281' title='bbox 1834 2986 2068 3049; x_wconf 81' lang='lat' dir='ltr'>privatOS,</span> 
     </span>
     <span class='ocr_line' id='line_1_33' title="bbox 297 3067 2072 3131; baseline 0 -15"><span class='ocrx_word' id='word_1_282' title='bbox 297 3072 365 3127; x_wconf 91' lang='lat' dir='ltr'>ut,</span> <span class='ocrx_word' id='word_1_283' title='bbox 395 3085 453 3115; x_wconf 87' lang='lat' dir='ltr'>ex</span> <span class='ocrx_word' id='word_1_284' title='bbox 487 3084 657 3116; x_wconf 91' lang='lat' dir='ltr'>eorum</span> <span class='ocrx_word' id='word_1_285' title='bbox 689 3068 924 3127; x_wconf 80' lang='lat' dir='ltr'>cladibus,</span> <span class='ocrx_word' id='word_1_286' title='bbox 954 3067 1200 3131; x_wconf 83' lang='lat' dir='ltr'>pontificis</span> <span class='ocrx_word' id='word_1_287' title='bbox 1233 3067 1380 3115; x_wconf 89' lang='lat' dir='ltr'>iidem</span> <span class='ocrx_word' id='word_1_288' title='bbox 1405 3068 1489 3115; x_wconf 82' lang='lat' dir='ltr'>filii</span> <span class='ocrx_word' id='word_1_289' title='bbox 1524 3071 1569 3116; x_wconf 90' lang='lat' dir='ltr'>et</span> <span class='ocrx_word' id='word_1_290' title='bbox 1594 3070 1796 3131; x_wconf 89' lang='lat' dir='ltr'>nepotes</span> <span class='ocrx_word' id='word_1_291' title='bbox 1831 3084 1887 3115; x_wconf 89' lang='lat' dir='ltr'>ex</span> <span class='ocrx_word' id='word_1_292' title='bbox 1914 3068 2072 3116; x_wconf 90' lang='lat' dir='ltr'>inces-</span> 
     </span>
     <span class='ocr_line' id='line_1_34' title="bbox 297 3150 2072 3214; baseline 0 -16"><span class='ocrx_word' id='word_1_293' title='bbox 297 3154 438 3199; x_wconf 91' lang='lat' dir='ltr'>tuoso</span> <span class='ocrx_word' id='word_1_294' title='bbox 463 3155 607 3214; x_wconf 88' lang='lat' dir='ltr'>partu</span> <span class='ocrx_word' id='word_1_295' title='bbox 632 3151 792 3198; x_wconf 88' lang='lat' dir='ltr'>adhuc</span> <span class='ocrx_word' id='word_1_296' title='bbox 818 3150 866 3197; x_wconf 92' lang='lat' dir='ltr'>in</span> <span class='ocrx_word' id='word_1_297' title='bbox 893 3150 1028 3198; x_wconf 89' lang='lat' dir='ltr'>cunis</span> <span class='ocrx_word' id='word_1_298' title='bbox 1058 3150 1306 3214; x_wconf 86' lang='lat' dir='ltr'>vagientes</span> <span class='ocrx_word' id='word_1_299' title='bbox 1331 3150 1392 3198; x_wconf 89' lang='lat' dir='ltr'>ad</span> <span class='ocrx_word' id='word_1_300' title='bbox 1417 3165 1569 3214; x_wconf 89' lang='lat' dir='ltr'>regna</span> <span class='ocrx_word' id='word_1_301' title='bbox 1594 3153 1642 3198; x_wconf 90' lang='lat' dir='ltr'>et</span> <span class='ocrx_word' id='word_1_302' title='bbox 1672 3165 1789 3214; x_wconf 91' lang='lat' dir='ltr'>opes</span> <span class='ocrx_word' id='word_1_303' title='bbox 1815 3165 2072 3214; x_wconf 90' lang='lat' dir='ltr'>promove-</span> 
     </span>
    </p>
   </div>
   <div class='ocr_carea' id='block_1_3' title="bbox 231 3237 490 3281">
    <p class='ocr_par' dir='ltr' id='par_1_3' title="bbox 231 3237 490 3281">
     <span class='ocr_line' id='line_1_35' title="bbox 231 3237 490 3281; baseline 0.004 -1"><span class='ocrx_word' id='word_1_304' title='bbox 231 3264 234 3267; x_wconf 91' lang='lat'>·</span> <span class='ocrx_word' id='word_1_305' title='bbox 299 3237 490 3281; x_wconf 88' lang='lat' dir='ltr'>rentur.</span> 
     </span>
    </p>
   </div>
   <div class='ocr_carea' id='block_1_4' title="bbox 298 3315 2070 3545">
    <p class='ocr_par' dir='ltr' id='par_1_4' title="bbox 298 3315 2070 3545">
     <span class='ocr_line' id='line_1_36' title="bbox 366 3315 2069 3381; baseline -0.001 -16"><span class='ocrx_word' id='word_1_306' title='bbox 366 3338 387 3360; x_wconf 90' lang='lat'>«</span> <span class='ocrx_word' id='word_1_307' title='bbox 412 3319 586 3365; x_wconf 91' lang='lat' dir='ltr'>Notam</span> <span class='ocrx_word' id='word_1_308' title='bbox 613 3317 716 3381; x_wconf 88' lang='lat' dir='ltr'>jam</span> <span class='ocrx_word' id='word_1_309' title='bbox 753 3331 856 3364; x_wconf 89' lang='lat' dir='ltr'>esse</span> <span class='ocrx_word' id='word_1_310' title='bbox 895 3315 1117 3364; x_wconf 89' lang='lat' dir='ltr'>omnibus</span> <span class='ocrx_word' id='word_1_311' title='bbox 1154 3316 1402 3379; x_wconf 89' lang='lat' dir='ltr'>provincie</span> <span class='ocrx_word' id='word_1_312' title='bbox 1440 3315 1672 3363; x_wconf 88' lang='lat' dir='ltr'>Flaminie</span> <span class='ocrx_word' id='word_1_313' title='bbox 1709 3315 1918 3375; x_wconf 86' lang='lat' dir='ltr'>ruinam,</span> <span class='ocrx_word' id='word_1_314' title='bbox 1957 3316 2069 3364; x_wconf 92' lang='lat' dir='ltr'>Fori</span> 
     </span>
     <span class='ocr_line' id='line_1_37' title="bbox 298 3398 2070 3463; baseline -0.001 -16"><span class='ocrx_word' id='word_1_315' title='bbox 298 3399 524 3458; x_wconf 84' lang='lat' dir='ltr'>Cornelii,</span> <span class='ocrx_word' id='word_1_316' title='bbox 551 3403 600 3447; x_wconf 92' lang='lat' dir='ltr'>et</span> <span class='ocrx_word' id='word_1_317' title='bbox 623 3399 832 3447; x_wconf 88' lang='lat' dir='ltr'>Forilivii</span> <span class='ocrx_word' id='word_1_318' title='bbox 859 3399 1164 3457; x_wconf 75' lang='lat' dir='ltr'>afflictiones,</span> <span class='ocrx_word' id='word_1_319' title='bbox 1193 3403 1387 3462; x_wconf 88' lang='lat' dir='ltr'>captam</span> <span class='ocrx_word' id='word_1_320' title='bbox 1411 3415 1500 3462; x_wconf 88' lang='lat' dir='ltr'>per</span> <span class='ocrx_word' id='word_1_321' title='bbox 1525 3398 1618 3446; x_wconf 92' lang='lat' dir='ltr'>vim</span> <span class='ocrx_word' id='word_1_322' title='bbox 1645 3402 1787 3462; x_wconf 89' lang='lat' dir='ltr'>atque</span> <span class='ocrx_word' id='word_1_323' title='bbox 1821 3413 2070 3463; x_wconf 83' lang='lat' dir='ltr'>expugna-</span> 
     </span>
     <span class='ocr_line' id='line_1_38' title="bbox 298 3481 2070 3545; baseline 0.001 -17"><span class='ocrx_word' id='word_1_324' title='bbox 298 3485 393 3529; x_wconf 86' lang='lat' dir='ltr'>tam</span> <span class='ocrx_word' id='word_1_325' title='bbox 428 3482 723 3543; x_wconf 87' lang='lat' dir='ltr'>Faventiam,</span> <span class='ocrx_word' id='word_1_326' title='bbox 744 3481 1014 3530; x_wconf 89' lang='lat' dir='ltr'>Ariminum</span> <span class='ocrx_word' id='word_1_327' title='bbox 1043 3485 1090 3530; x_wconf 88' lang='lat' dir='ltr'>et</span> <span class='ocrx_word' id='word_1_328' title='bbox 1118 3482 1390 3543; x_wconf 89' lang='lat' dir='ltr'>Pisaurum,</span> <span class='ocrx_word' id='word_1_329' title='bbox 1411 3481 1560 3545; x_wconf 91' lang='lat' dir='ltr'>pulsis</span> <span class='ocrx_word' id='word_1_330' title='bbox 1581 3481 1882 3545; x_wconf 89' lang='lat' dir='ltr'>principibus</span> <span class='ocrx_word' id='word_1_331' title='bbox 1899 3497 2070 3545; x_wconf 90' lang='lat' dir='ltr'>recep-</span> 
     </span>
    </p>
   </div>
  </div>
 </body>
</html>
