2228 3938
345 383 392 417 60
953 381 1188 419 JOHANNIS
1223 380 1519 424 BURCHARDI,
1914 383 2007 424 [Juin
2032 385 2127 428 1500]

346 483 513 531 Pontis
547 482 786 545 hospitale
825 483 1174 531 Bohemorum.
1217 516 1655 529 ...........
1730 481 1930 529 ducatos
2068 490 2125 535 10

651 586 670 608 »
820 565 1283 629 Portugallensium.
1324 601 1332 610 .
1373 602 1380 610 .
1423 601 1431 610 .
1472 602 1479 610 .
1514 601 1521 609 .
1555 601 1564 609 .
1599 600 1607 608 .
1641 602 1649 610 .
1814 586 1834 607 n
1860 604 1873 617 ,
2097 572 2124 616 6

489 669 508 691 »
654 669 674 691 »
820 648 1167 696 Flandrorum.
1209 683 1652 694 ...........
1719 672 1721 674 -
1819 669 1838 690 »
2099 671 2121 695 »

346 732 569 779 Parionis
594 731 838 795 hospitale
863 731 1245 779 Teutonicorum
1262 746 1372 778 cum
1391 729 1607 793 capellis.
1640 767 1649 776 .
1816 752 1836 774 »
2063 737 2123 782 30

344 815 560 863 Arenule
583 814 827 879 hospitale
854 814 1195 879 Anglicorum.
1235 853 1244 862 .
1286 853 1294 861 .
1334 851 1343 861 .
1383 852 1392 861 .
1427 850 1435 859 .
1471 852 1478 861 .
1630 851 1652 881 ⁷·
1816 836 1835 856 »
2062 821 2122 866 30

492 919 512 941 »
673 918 693 940 »
815 953 817 955 ,
852 896 1170 951 &Eustachii
1179 934 1564 946 ..........
1591 918 1607 942 ’.
1642 933 1650 942 .
1818 918 1837 939 »
2094 919 2116 943 »

493 1002 512 1024 »
673 1002 693 1023 »
851 983 1158 1031 Francorum
1168 1017 1646 1028 ............
1814 1001 1832 1022 »
2063 985 2120 1031 10

341 1064 715 1121 Transtiberim,
744 1064 988 1128 hospitale
1022 1067 1306 1111 sanctorum
1331 1063 1656 1126 quadraginta
1817 1085 1837 1106 »
2091 1067 2119 1113 6

507 1167 529 1191 »
813 1168 856 1208 7»
1332 1146 1651 1206 Januensium
1677 1205 1681 1206 ⁷
1814 1167 1833 1190 »
2094 1168 2115 1190 »

405 1231 639 1289 Sabbato,
673 1233 700 1276 6
728 1229 872 1293 junii,
901 1229 1064 1293 vigilia
1093 1231 1418 1292 pentecosteS,
1448 1211 1654 1298 mutatio
1687 1244 1982 1292 capparum3
2015 1229 2119 1277 sue-

334 1317 452 1364 runt
472 1329 673 1377 vespere
697 1313 745 1360 in
767 1312 958 1376 capella
979 1311 1175 1375 majori,
1202 1313 1331 1375 Pape
1353 1314 1600 1380 presente,
1625 1311 1704 1374 qui
1725 1311 1878 1359 voluit
1899 1311 2117 1375 incipere

330 1397 597 1462 -hymnum;
625 1412 783 1460 neque
817 1398 1046 1444 cantores
1078 1410 1190 1443 eum
1220 1394 1529 1458 inceperunt,
1565 1395 1649 1442 sed
1681 1394 1911 1443 dixerunt
1941 1403 2117 1444 mentes

331 1490 525 1530 tuorum
551 1480 686 1528 visita
711 1495 800 1543 per
826 1495 999 1528 eorum
1026 1494 1267 1538 errorem,
1295 1478 1423 1542 quod
1449 1480 1578 1541 Pape
1610 1478 1819 1526 multum
1846 1467 2112 1542 displicuitss

398 1563 485 1611 Die
513 1563 752 1626 sequenti,
783 1562 875 1610 fuit
901 1562 1050 1609 missa
1076 1561 1307 1609 solemnis
1334 1561 1383 1608 in
1414 1578 1451 1608 s.
1481 1563 1647 1620 Petro,
1676 1577 1823 1624 quam
1849 1561 2115 1610 celebravit

332 1650 499 1694 Rmus.
520 1648 577 1693 D.
599 1645 865 1709 cardinalis
888 1643 1254 1702 Recanatensis,
1273 1646 1405 1706 Papa
1426 1646 1678 1706 presente;
1699 1659 1978 1691 sermonem
1999 1644 2115 1692 fecit

330 1733 389 1778 D.
417 1731 591 1777 Petrus
618 1729 677 1777 de
701 1728 909 1778 Valente
935 1728 994 1774 de
1028 1729 1207 1775 Sancto
1233 1726 1457 1784 Gemino,
1482 1726 1608 1791 juris
1639 1726 1894 1791 utriusque
1918 1727 2109 1790 doctor,

331 1814 447 1862 olim
475 1812 684 1861 servitor
712 1811 978 1860 cardinalis
1004 1810 1390 1875 Segobricensis,
1418 1811 1636 1871 brevem.

376 1897 597 1944 *Interim
628 1895 759 1943 venit
790 1895 850 1942 ad
882 1894 1122 1957 capellam
1154 1896 1282 1957 Pape
1316 1893 1364 1940 in
1396 1909 1434 1942 s.
1469 1896 1615 1941 Petro
1649 1895 1704 1942 D.
1739 1894 2020 1941 Bernardus
2051 1895 2110 1942 de

327 1979 644 2036 Montefulco,
680 1977 894 2041 scriptor
927 1976 1244 2040 apostolicuS,
1279 1976 1515 2039 magister
1544 1976 1720 2024 domus
1749 1977 1875 2024 Rmi.
1913 1979 1969 2024 D.
1998 1993 2109 2025 car-

328 2061 504 2123 dinalis
534 2060 901 2120 RecanatensiS,
934 2063 982 2107 et
1012 2075 1124 2107 cum
1156 2060 1486 2123 gubernatore
1518 2059 1662 2108 Urbis
1693 2060 1777 2107 ivit
1808 2062 1869 2108 ad
1902 2065 2101 2126 Papam,

326 2148 375 2193 et
404 2144 522 2191 dixit
564 2144 607 2190 ei
646 2143 776 2206 quod
811 2142 1130 2206 Magdalenus
1166 2142 1281 2190 civis
1321 2145 1586 2202 Romanus,
1622 2158 1829 2206 sponsus
1864 2144 1962 2192 filie
1999 2162 2100 2205 sue,

324 2214 571 2291 rapuisset
602 2227 826 2274 eamdem
859 2226 1011 2273 filiam
1043 2241 1191 2272 manu
1221 2225 1434 2273 violenta
1465 2226 1513 2272 in
1545 2225 1754 2275 ecclesia
1785 2227 1832 2275 b.
1860 2229 2014 2276 Marie
2044 2230 2103 2276 de

325 2312 488 2361 anima
509 2309 766 2374 hospitalis
789 2310 1141 2357 Alemanorum
1166 2312 1213 2356 et
1244 2309 1543 2356 abduxisset.
1577 2312 1707 2372 Papa
1738 2311 1963 2370 subrisit;
1990 2328 2103 2360 nes-

325 2395 400 2442 cio
444 2394 557 2457 quid
602 2393 880 2456 respondit,
922 2408 1012 2440 nec
1058 2392 1172 2439 fecit
1215 2395 1330 2440 tunc
1374 2393 1588 2456 aliquam
1625 2393 2099 2457 demonstrationem

324 2480 497 2525 contra
530 2475 810 2540 hujusmodi
844 2478 1059 2538 raptum.
1094 2477 1199 2523 Non
1229 2475 1320 2522 fuit
1350 2475 1481 2522 dicta
1512 2491 1675 2539 prosa,
1712 2477 1796 2523 sed
1834 2479 2096 2540 antequam

316 2562 448 2622 Papa
473 2559 797 2606 descenderet
822 2558 882 2605 ad
908 2558 1237 2606 faldistorium
1264 2574 1355 2621 pro
1386 2574 1530 2606 versu
1563 2559 1667 2606 veni
1689 2567 1845 2606 sancte
1866 2558 2092 2622 Spiritus,

309 2642 545 2690 diaconus
576 2642 825 2689 osculatus
856 2644 930 2688 est
962 2642 1065 2705 ejus
1098 2642 1274 2705 pedem
1309 2644 1357 2688 et
1391 2641 1600 2689 obtinuit
1625 2658 1653 2689 a
1678 2642 1913 2690 Pontifice
1944 2643 2094 2691 bene-

311 2725 597 2773 dictionem.
639 2724 747 2772 Alia
786 2740 928 2772 more
974 2725 1137 2772 solito.
1182 2725 1366 2772 Deinde
1403 2727 1536 2788 Papa
1577 2725 1710 2773 circa
1747 2726 1956 2789 spolium
1993 2726 2090 2774 filie

310 2811 367 2856 D.
409 2807 649 2855 Bernardi
675 2807 887 2870 predicti
926 2807 1092 2854 taliter
1116 2807 1344 2870 providit,
1386 2807 1514 2869 quod
1539 2807 1645 2870 ipsa
1683 2807 1769 2855 suit
1795 2808 1872 2854 die
1899 2808 2087 2856 sabbati

314 2895 370 2939 13
395 2892 558 2955 hujus,
588 2893 699 2938 ante
725 2890 902 2937 horam
931 2890 1144 2953 prandii,
1187 2889 1234 2936 in
1272 2905 1396 2953 equo
1422 2889 1630 2952 predicti
1667 2892 1723 2938 D.
1753 2890 1991 2938 Bernardi
2026 2891 2086 2939 ad

310 2975 511 3022 domum
533 2974 755 3030 reducta,
781 2972 1024 3020 associata
1046 2988 1074 3019 a
1098 2973 1288 3019 duobus
1314 2972 1537 3035 squadris
1563 2973 1781 3036 gentium
1807 2989 2079 3022 armorum.

375 3057 518 3104 Feria
546 3057 732 3119 quinta,
771 3059 818 3102 11
861 3054 1043 3102 mensis
1067 3055 1210 3118 junii,
1248 3055 1432 3103 dictum
1461 3055 1550 3103 fuit
1580 3072 1668 3120 per
1699 3057 1882 3105 Urbem
1917 3073 2088 3120 quem-

312 3139 425 3187 dam
449 3139 709 3186 haraldum
741 3138 874 3202 regis
910 3137 1115 3184 Francie
1147 3137 1280 3185 Pisas
1312 3138 1501 3186 venisse
1534 3139 1716 3202 absque
1748 3142 1891 3202 gente
1921 3154 2086 3187 armo-

307 3237 438 3280 rum,
461 3224 508 3268 et
531 3236 671 3268 arma
694 3220 825 3284 regis
851 3220 1070 3283 ejusdem
1095 3220 1307 3284 undique
1330 3237 1418 3284 per
1439 3221 1574 3269 Pisas
1596 3220 1824 3280 affixisse,
1850 3224 2084 3284 tanquam

310 3321 482 3354 eorum
525 3304 728 3362 domini,
770 3319 882 3351 cum
914 3303 1131 3351 clamore
1167 3304 1396 3363 Francia,>
1425 3304 1671 3351 Francia!
1701 3307 1749 3352 et
1781 3304 2079 3367 quodidem

307 3388 535 3437 haraldus
551 3387 638 3435 fuit
656 3389 827 3450 postea
845 3386 1170 3450 interemptus
1191 3387 1437 3456 nonnul-lis
1456 3386 1805 3450 apparentibus
1826 3403 1855 3434 a
1873 3386 2074 3446 Pisanis,

311 3472 392 3520 alii
417 3472 545 3535 quod
571 3486 600 3518 a
622 3469 916 3518 Florentinis
941 3470 1081 3518 veriti
1108 3474 1223 3518 sunt·
1240 3475 1426 3533 postea.
