2228 3938
237 354 283 391 54
851 351 869 388 J
874 350 1035 389 OHANN
1040 349 1083 387 IS
1118 349 1411 396 BURCHARDI,
1820 351 1903 392 [Mai
1928 352 2022 392 1500]

242 453 419 504 Christi
443 452 599 501 nostri
625 451 938 511 subvertere;
967 453 1127 502 denuo
1151 452 1439 502 validiorem
1466 453 1674 502 classem
1701 452 2019 512 maritimam,

243 538 580 602 majoremque
604 537 892 584 terrestrem
925 536 1196 585 exercitum
1227 536 1471 586 instruant
1499 539 1552 585 ut
1579 535 1745 585 omnia
1780 536 2028 584 maritima

241 623 350 671 loca
372 624 516 684 atque
555 622 726 684 portus
753 619 1134 669 christianorum
1169 624 1432 686 occupent3
1462 623 1724 685 pateatque
1751 619 1821 667 eis
1851 619 2027 670 deinde

242 704 431 754 facilius
458 704 518 752 ad
549 707 766 751 Romane
793 703 998 752 ecclesie
1021 706 1182 753 terras
1209 707 1257 753 et
1293 705 1559 769 presertim
1598 705 1660 753 ad
1679 705 1810 753 hanc
1848 704 2027 753 almam

244 790 426 838 Urbem
451 790 670 836 nostram
688 787 736 835 in
761 803 856 851 qua
879 788 1011 836 Petri
1030 789 1169 837 sedes
1187 789 1427 838 collocata
1449 792 1522 838 est
1544 792 1591 838 et
1615 804 1725 852 qua,
1754 788 1884 853 quod
1901 790 2028 836 Deus

245 875 448 932 avertat,
478 874 754 936 expugnata
778 887 828 919 se
847 872 996 920 totius
1019 872 1427 937 orbisimperium
1453 872 1596 922 facile
1619 887 1858 937 occupare
1884 886 2027 935 posse

245 972 344 1006 non
368 956 675 1015 dubitabunt,
706 971 955 1016 accessus;
989 959 1036 1005 et
1061 956 1153 1004 nisi
1186 957 1414 1007 celeriter
1442 959 1749 1016 occurratur,
1782 958 1929 1021 prout
1949 971 2030 1002 res

247 1041 539 1105 expostulat,
571 1039 936 1088 formidandum
961 1039 1039 1099 sit,
1076 1056 1138 1088 ne
1167 1040 1258 1105 ipsi
1291 1041 1608 1105 perfidissimi
1640 1043 1798 1089 Turce
1829 1038 2030 1088 victorie

250 1124 481 1189 superbia
505 1123 635 1182 elati,
663 1124 883 1171 videntes
908 1123 1179 1173 catholicos
1212 1140 1372 1189 reges,
1401 1110 1646 1189 principes
1671 1141 1728 1173 ac
1751 1125 2033 1190 potentatus

250 1209 378 1257 inter
405 1224 456 1256 se
482 1195 790 1266 dissidentes,
810 1207 1011 1271 privatis
1034 1208 1555 1267 commodisintentos,
1573 1224 1834 1257 commune
1851 1208 2034 1256 bonum

250 1293 519 1357 negligere,
560 1291 753 1356 majora
798 1293 846 1339 et
878 1291 1226 1356 irreparabilia
1268 1293 1448 1341 damna
1489 1292 1700 1342 inferant
1736 1290 2033 1350 christianis,
2108 1322 2116 1333 =

251 1379 399 1441 prout
423 1375 526 1441 Jam
564 1374 898 1439 superioribus
924 1375 1063 1423 annis
1087 1375 1136 1423 in
1162 1375 1366 1424 diversis
1408 1376 1555 1424 terris
1589 1379 1733 1439 atque
1758 1376 1880 1424 locis
1919 1377 2039 1423 Ger-

253 1460 432 1520 manic,
462 1459 725 1523 Hungarie,
756 1458 974 1518 Polonie‚
1004 1458 1196 1508 croatie
1223 1462 1271 1507 et
1295 1459 1400 1507 aliis
1426 1460 1531 1524 ejus
1562 1459 1784 1507 finitimis
1810 1474 1867 1507 ac
1888 1458 2038 1506 caris-

255 1544 378 1591 simo
404 1542 453 1591 in
475 1544 662 1593 Christo
687 1544 802 1604 filio,
825 1543 1175 1603 Maximiliano,
1203 1542 1305 1607 regi
1321 1546 1655 1591 Romanorum
1675 1542 1832 1591 lllmo.
1848 1541 2039 1611 subjec-

254 1628 317 1675 tis
341 1626 520 1675 inferre
552 1642 649 1676 non
676 1630 1007 1687 cessaverunt,
1035 1627 1083 1674 in
1108 1627 1374 1675 maximam
1400 1626 1560 1674 divine
1595 1625 1867 1690 majestatis
1892 1624 2039 1673 offen-

257 1727 379 1771 sam,
407 1714 630 1760 nostram
657 1712 718 1760 ad
747 1711 1105 1761 catholicorum
1137 1725 1312 1775 regum
1342 1713 1390 1759 et
1420 1709 1703 1774 principum
1727 1709 2039 1772 raliorumque

261 1796 441 1844 Christi
486 1796 706 1844 fidelium
751 1795 1087 1860 ignominiam,
1129 1796 1342 1844 dedecus
1386 1797 1434 1842 et
1469 1795 1732 1858 jacturam,
1781 1795 1877 1842 Nos
1911 1791 2041 1842 Illius

257 1881 384 1928 vices
410 1882 639 1944 gerentes
663 1865 884 1928 interris
909 1879 988 1943 qui
1013 1895 1104 1943 pro
1132 1879 1300 1928 mundi
1324 1879 1495 1937 salute,
1516 1878 1575 1926 de
1604 1893 1796 1926 summo
1821 1877 2041 1927 celorum

261 1963 380 2012 solio
402 1963 462 2011 ad
491 1963 590 2011 ima
620 1963 940 2022 descendenS,
971 1978 1170 2011 carnem
1190 1963 1457 2011 humanam
1483 1976 1735 2010 assumere
1761 1963 1808 2010 et
1830 1963 2041 2009 mortem

264 2047 428 2095 subire
444 2062 543 2095 non
565 2046 751 2106 abnuit,
768 2049 1047 2111 repetentes
1064 2047 1244 2106 animo,
1264 2063 1362 2094 non
1378 2046 1479 2094 sine
1498 2045 1711 2095 maxima
1726 2043 1890 2094 cordis
1910 2058 2043 2093 ama-

261 2130 476 2179 ritudine
500 2131 631 2194 quod
648 2130 975 2179 sacratissime
996 2130 1367 2194 patriarchaleS,
1399 2129 1776 2194 metropolitane
1799 2130 1848 2176 et
1872 2127 2042 2177 cathe-

263 2213 425 2261 drales
450 2213 608 2277 alique
632 2213 844 2278 insignes
868 2213 1073 2261 ecclesie
1093 2228 1217 2276 pene
1238 2213 1512 2272 innumere,
1540 2228 1597 2261 ac
1621 2212 1875 2276 utriusque
1895 2227 2042 2260 sexus

263 2297 565 2361 regularium
595 2313 922 2362 personarum
954 2297 1269 2356 monasteria,
1308 2296 1512 2345 cenobia
1546 2300 1594 2345 et
1623 2297 1703 2361 pia
1734 2297 1844 2344 loca
1875 2295 2044 2360 profa-

263 2385 376 2430 nata
396 2397 450 2430 ac
472 2381 675 2430 deformi
696 2381 834 2430 ruine
863 2381 1097 2445 subjecta,
1123 2381 1348 2444 quodque
1378 2384 1662 2429 ornamenta
1682 2380 1837 2429 crucis
1860 2384 1908 2428 et
1930 2378 2043 2427 cali-

263 2481 344 2513 ces
371 2465 557 2529 aliaque
586 2465 755 2513 divinis
786 2465 1013 2529 deputata
1038 2464 1337 2524 ministeriis,
1372 2465 1582 2513 conflata
1609 2468 1656 2514 et
1677 2465 1941 2522 destructa,
1973 2467 2038 2521 et,

265 2548 395 2613 quod
431 2549 788 2597 lamentabilius
830 2553 920 2610 est,
953 2553 1230 2598 sanctorum
1263 2548 1534 2598 veneranda
1555 2548 1714 2613 capita
1751 2553 1799 2596 et
1829 2547 2047 2611 ipsorum

267 2649 400 2682 sacre
423 2633 623 2696 reliquie
646 2633 944 2693 conculcata,
970 2638 1018 2682 et
1038 2633 1418 2697 quodinnumeri
1437 2648 1579 2682 sexus
1598 2633 1849 2696 utriusque
1872 2629 2045 2681 Christi
2109 2627 2115 2632 ’

267 2717 434 2766 fideles
455 2717 515 2765 ad
535 2717 812 2766 damnatam
833 2717 1210 2766 mahometicam
1232 2722 1415 2766 sectam
1435 2717 1522 2765 sub
1537 2717 1656 2764 dura
1674 2716 1903 2764 servitute
1924 2714 2050 2763 reci-

268 2801 493 2864 piendam
509 2800 745 2865 compulsi
767 2800 978 2860 fuerunt,
1000 2805 1064 2859 et,
1089 2801 1180 2849 nisi
1195 2817 1284 2865 per
1300 2801 1566 2849 catholicos
1582 2815 1723 2863 reges
1745 2803 1792 2847 et
1810 2798 2052 2862 principes

271 2889 403 2934 tanto
435 2884 585 2934 furori
623 2885 849 2933 celeriter
870 2888 1163 2943 occurratur,
1187 2886 1373 2948 maiora
1403 2884 1451 2931 in
1483 2884 1585 2932 dies
1623 2882 1914 2931 detrimenta
1938 2882 2055 2930 veri-

274 2967 495 3016 similiter
514 2953 830 3032 proventura3
852 2968 1197 3031 cupientesque
1216 2983 1302 3031 pro
1325 2967 1546 3031 ejusdem
1568 2966 1681 3015 fidei
1703 2966 1987 3015 defensione
2007 2969 2055 3014 et

275 3051 651 3100 christianorum
671 3051 824 3099 salute
846 3066 942 3098 non
965 3051 1121 3099 solum
1143 3055 1331 3099 nostras
1354 3055 1400 3100 et
1423 3051 1551 3100 sedis
1573 3050 1834 3116 apostolice
1856 3049 2056 3098 faculta-

275 3139 348 3184 tes
371 3139 533 3183 nostre
556 3134 859 3198 dispositioni
872 3134 1154 3183 commissas
1179 3151 1440 3199 exponere,
1467 3136 1552 3184 sed
1572 3133 1893 3199 personaliter
1911 3135 2054 3196 prout

273 3220 375 3283 jam
396 3218 632 3282 aliquibus
651 3234 739 3282 per
757 3218 970 3267 diversas
992 3223 1181 3267 nostras
1200 3219 1383 3268 litteras
1406 3218 1796 3283 significavimus,
1822 3216 1861 3263 si
1885 3215 2050 3263 nobis-

277 3318 387 3351 cum
412 3302 644 3352 accedere
668 3302 922 3362 voluerint,
944 3319 1041 3351 una
1061 3319 1171 3351 cum
1194 3319 1330 3352 sacro
1351 3302 1698 3352 venerabilium
1720 3301 1921 3349 fratrum
1944 3315 2052 3347 nos-

278 3391 464 3435 trorum
486 3390 651 3435 sancte
674 3389 889 3435 Romane
918 3387 1121 3435 ecclesie
1154 3387 1471 3435 cardinalium
1492 3385 1695 3449 collegio
1719 3384 1798 3448 qui
1820 3400 1871 3432 se
1902 3383 1964 3432 eti
1983 3398 2061 3432 am

277 3471 336 3519 ad
357 3470 404 3518 id
426 3485 512 3535 pro
531 3485 700 3519 eorum
723 3469 771 3518 in
792 3470 1104 3519 christianam
1127 3471 1411 3535 religionem
1441 3469 1692 3520 devotione
1706 3484 1757 3518 se
1779 3475 1947 3534 sponte
1966 3467 2053 3516 ob-
