2228 3938
119 375 385 418 [Janvier1501]
558 374 727 411 RERUM
760 371 1060 409 URBANARUM
1094 369 1443 408 COMMENTARH.
1826 371 1893 406 109

187 500 208 522 «
233 479 464 527 Similiter
497 476 672 526 accidit
697 475 744 522 in
767 474 959 522 civitate
997 472 1287 531 Lubicense3
1316 472 1566 536 Philippus
1590 470 1761 519 habuit
1783 470 1891 534 pul-

121 563 412 610 cherrimam
436 575 672 617 sororem,
698 562 745 606 et
771 557 1010 604 Antonius
1038 556 1119 619 qui
1153 555 1409 604 carnaliter
1439 570 1490 604 se
1512 554 1707 604 miscuit
1734 554 1891 602 sorori

123 645 329 709 Philippi
368 660 459 708 que
497 642 759 691 Antonium
791 639 998 688 multum
1033 639 1249 699 amabat;
1287 638 1446 688 exibat
1492 655 1578 702 per
1625 638 1893 686 fenestram

119 744 310 776 camere
336 743 420 776 sue
461 741 606 791 super
637 727 838 784 tectum,
874 739 961 787 per
991 723 1122 786 quod
1160 723 1319 771 exibat
1343 723 1403 771 ad
1433 723 1630 771 domum
1660 721 1888 769 amantis.

121 811 368 875 Philippus
383 810 562 873 sactum
583 822 899 872 cognoscens,
925 820 1035 854 cum
1061 820 1201 854 soror
1218 805 1503 853 accessisset
1529 804 1589 852 ad
1612 804 1892 861 Antonium,

119 893 247 940 misit
263 908 353 956 pro
375 906 545 940 sorore
564 889 759 938 Antonii
780 904 872 952 que
889 888 949 936 ad
975 903 1086 935 eum
1106 887 1155 935 in
1173 886 1580 935 c‘ameramlibere
1602 885 1755 944 venit;
1778 885 1898 934 dixit

123 977 184 1024 ad
209 992 316 1024 eam
339 975 587 1039 Philippus
613 990 622 1021 :
648 973 797 1020 frater
826 975 938 1020 tuus
967 971 1204 1019 Antonius
1231 972 1395 1035 sepius
1428 969 1653 1034 cognovit
1678 984 1898 1017 sororem

122 1075 279 1107 meam
307 1063 354 1107 et
380 1074 506 1106 nunc
541 1060 650 1104 sunt
679 1055 820 1103 simul
845 1055 894 1102 in
926 1058 1062 1115 actu;
1101 1054 1293 1103 decrevi
1320 1054 1467 1103 etiam
1501 1068 1592 1116 ego
1620 1055 1668 1100 te
1692 1067 1899 1116 cognos-

124 1137 250 1200 cere,
278 1142 354 1190 vel
384 1142 531 1190 frater
565 1143 675 1188 tuus
711 1139 950 1187 morietur
976 1139 1104 1186 mala
1136 1142 1314 1186 morte.
1347 1138 1578 1185 Permisit
1602 1136 1684 1184 illa
1715 1139 1763 1184 et
1789 1151 1902 1183 con-

125 1229 274 1276 sensit
305 1243 355 1276 se
388 1244 416 1275 a
446 1227 667 1290 Philippo
693 1226 922 1290 cognosci
944 1230 995 1274 ut
1032 1225 1237 1274 fratrem
1270 1225 1522 1273 liberaret.
1566 1225 1718 1280 Quam
1753 1238 1900 1286 quum

127 1311 430 1374 cognovisset
464 1310 728 1374 Philippus,
760 1308 947 1358 remisit
981 1309 1041 1356 ad
1066 1308 1265 1357 domum
1293 1325 1382 1372 per
1403 1307 1534 1356 illam
1565 1307 1829 1355 fenestram
1858 1310 1906 1354 et

124 1393 257 1442 idem
279 1395 480 1451 tectum,
506 1393 634 1440 unde
660 1407 797 1440 soror
824 1391 1033 1458 Philippi
1056 1391 1213 1439 redire
1239 1391 1441 1439 solebat.
1475 1389 1729 1448 Antonius,
1760 1389 1907 1437 rein-

126 1475 337 1534 tellecta,
367 1475 638 1539 composuit
672 1491 722 1522 se
762 1490 874 1522 cum
909 1473 1152 1538 Philippo,
1184 1478 1235 1521 ut
1260 1489 1340 1523 res
1371 1477 1595 1522 maneret
1621 1473 1669 1521 in
1694 1476 1903 1531 secreto,

127 1573 219 1620 que
238 1574 388 1621 usque
406 1558 467 1606 ad
488 1574 577 1605 nos
602 1558 837 1621 pervenit.

194 1661 216 1685 «
244 1641 455 1704 Angelus
492 1641 541 1688 in
566 1641 769 1688 meridie
798 1641 1058 1704 quamdam
1086 1640 1344 1687 ecclesiam
1374 1639 1722 1703 pertransiens,
1759 1655 1898 1703 pros-

132 1724 260 1787 pexit
285 1723 346 1771 ad
377 1723 611 1786 capellam
635 1741 674 1771 s.
703 1723 942 1772 Florentis
967 1723 1015 1771 in
1047 1723 1223 1786 angulo
1258 1722 1462 1773 ecclesie
1493 1723 1653 1782 sitam,
1680 1722 1758 1771 ubi
1789 1722 1903 1770 vidit

130 1807 344 1855 Gradam
387 1807 534 1855 Paulo
573 1807 873 1870 suppositam
913 1824 962 1854 se
1005 1810 1174 1855 mutuo
1212 1806 1472 1856 carnaliter
1513 1807 1726 1865 misceri,
1776 1805 1906 1869 quod

129 1889 342 1953 Angelus
384 1894 553 1953 postea
593 1890 643 1936 in
676 1890 868 1953 publico
902 1889 1050 1938 Paulo
1088 1889 1454 1952 improperavit.
1509 1890 1682 1937 Paulus
1722 1890 1904 1937 factum

129 1976 407 2020 constanter
422 1988 622 2035 negaHS,
643 1977 691 2020 et
713 1988 823 2020 cum
835 1972 1048 2035 Angelus
1071 1971 1130 2019 ab
1152 1972 1432 2035 hujusmodi
1457 1972 1616 2020 verbis
1638 1988 1735 2020 non
1757 1972 1907 2019 desis—

129 2058 249 2102 teret
275 2054 356 2119 (1),
381 2055 603 2103 convenit
628 2071 735 2103 eum
757 2071 922 2103 coram
947 2055 1234 2118 magistratu
1253 2071 1401 2119 super
1420 2055 1628 2120 injuriis,
1655 2058 1706 2103 ut
1726 2055 1908 2119 prefer-

130 2142 223 2197 tur,
246 2137 339 2185 ‘sibi
368 2138 535 2196 illatis;
570 2142 618 2187 et
646 2142 811 2187 contra
846 2138 1084 2203 Angelum
1119 2138 1311 2186 actione
1342 2138 1562 2187 instituta
1587 2144 1633 2187 et
1655 2139 1905 2203 injuriosis

129 2221 285 2269 verbis
311 2221 542 2285 probatiS,
567 2222 779 2286 Angelus
802 2238 902 2270 non
934 2222 1092 2286 potuit
1119 2222 1453 2286 improperata
1478 2223 1778 2286 justificare3
1808 2222 1907 2270 lata

128 2309 201 2352 est
244 2309 413 2353 contra
452 2304 691 2369 Angelum
735 2305 977 2354 sententia
1019 2306 1148 2368 quod
1179 2305 1378 2354 deberet
1423 2305 1649 2371 injuriam
1698 2308 1745 2354 et
1785 2305 1907 2353 infa-

128 2387 275 2435 miam
298 2388 444 2435 Paulo
468 2388 651 2436 illatam
680 2389 870 2452 publice
902 2389 952 2436 in
980 2388 1186 2437 ecclesia
1210 2388 1260 2435 in
1282 2389 1507 2448 ambone,
1532 2389 1711 2454 populo
1738 2390 1786 2437 in
1818 2404 1908 2436 nu-

131 2485 266 2518 mero
292 2470 488 2534 copioso
530 2471 747 2519 adstante
788 2478 835 2520 et
868 2477 1180 2536 congregato,
1222 2487 1449 2521 revocare
1483 2477 1531 2521 et
1564 2473 1723 2521 eidem
1759 2472 1907 2540 Paul-o

129 2552 306 2600 bonam
350 2554 528 2602 famam
572 2570 709 2602 suam
751 2555 1030 2603 restituere.
1079 2555 1296 2611 Quadam
1335 2555 1484 2618 igitur
1528 2556 1604 2605 die
1645 2556 1905 2612 dominica,

130 2641 321 2684 rectore
344 2636 565 2695 ecclesie,
592 2652 814 2685 sermone
842 2638 903 2685 ad
927 2637 1159 2700 populum
1195 2637 1339 2697 facto,
1373 2639 1433 2686 de
1467 2638 1674 2687 ambone
1700 2639 1908 2686 descen-

127 2717 289 2779 dente,
314 2719 533 2767 ascendit
552 2720 765 2784 Angelus
780 2724 827 2769 et
847 2736 1014 2769 coram
1034 2719 1210 2784 populo
1234 2736 1523 2784 processum
1544 2737 1713 2770 coram
1731 2721 1907 2785 magis-

124 2890 345 2939 prisonnier,
367 2890 397 2927 si
418 2890 484 2927 elle
504 2902 550 2928 ne
573 2892 777 2930 consentoit.
796 2895 818 2929 a
841 2905 913 2930 une
934 2898 1037 2931 autre
1061 2898 1158 2932 sorte
1186 2895 1230 2932 de
1255 2904 1484 2942 vengeance3
1504 2892 1571 2929 elle
1591 2896 1671 2929 crut
1694 2892 1819 2929 devoir
1841 2904 1909 2930 au-

126 2954 302 2998 paravant
317 2950 501 2987 consulter
520 2951 612 2988 celui
637 2952 698 3000 qui
719 2965 744 3001 y
770 2952 859 2990 etoit
888 2953 920 2990 le
947 2954 1031 3002 plus
1054 2953 1250 2998 interesse3
1276 2953 1300 2990 il
1326 2953 1505 3001 repondit,
1529 2953 1577 2988 du
1601 2952 1687 2988 fond
1714 2952 1763 2988 du
1784 2952 1907 2998 coffre,

127 3009 215 3057 qu'il
234 3010 403 3057 preferoit
422 3011 505 3047 d'en
523 3014 599 3047 etre
618 3011 732 3059 quitte
752 3023 845 3060 pour
864 3024 914 3048 un
934 3024 1004 3061 peu
1025 3013 1070 3050 de
1090 3014 1214 3059 honte,
1236 3018 1272 3050 et
1291 3013 1315 3049 il
1335 3013 1390 3049 fut,
1410 3012 1559 3049 delivre.
1587 3027 1605 3044 »

175 3069 295 3106 Est-ce
325 3069 370 3105 de
399 3069 559 3107 Boccace
585 3082 632 3107 ou
664 3071 709 3107 de
736 3071 937 3117 Burchard‚
962 3085 1033 3120 que
1069 3073 1247 3119 Bouchet,
1267 3077 1360 3110 mort
1385 3084 1431 3109 au
1457 3071 1578 3108 milieu
1610 3072 1660 3108 du
1683 3078 1759 3107 xvi⁰
1787 3071 1910 3116 siecle,

127 3140 148 3164 a
165 3130 352 3176 emprunte
373 3133 467 3165 cette
484 3130 685 3166 aventure‘?
707 3142 754 3167 ou
775 3131 932 3168 n’est-ce
952 3131 1057 3180 point.
1074 3144 1143 3169 une
1164 3132 1367 3170 historiette
1391 3131 1587 3180 interpolee
1610 3131 1702 3167 dans
1724 3131 1910 3167 Burchard

128 3196 192 3234 par
210 3187 365 3235 quelque
383 3188 524 3236 copiste
538 3190 556 3226 ’ἲ
576 3190 618 3226 Je
636 3189 729 3226 crois
751 3189 879 3226 devoir
899 3191 1071 3228 observer
1084 3192 1212 3240 qu‘elte
1233 3204 1278 3228 ne
1300 3204 1339 3228 se
1359 3196 1485 3228 trouve
1505 3202 1575 3239 que
1596 3191 1687 3227 dans
1707 3189 1740 3227 le
1761 3190 1912 3227 Manus-

129 3244 195 3280 crit
211 3246 307 3282 5522
326 3251 363 3284 et
389 3247 518 3295 qu'elle
543 3248 639 3285 n’est
658 3249 761 3297 point
786 3249 880 3286 dans
913 3250 946 3286 le
969 3251 1171 3288 manuscrit
1207 3252 1315 3296 5162,
1338 3250 1496 3299 quoique
1521 3250 1554 3286 le
1576 3254 1669 3286 reste
1701 3249 1746 3285 de
1779 3249 1812 3285 la
1835 3260 1916 3285 con-

130 3304 312 3340 versation
331 3305 376 3342 de
402 3307 589 3344 Burchard
610 3312 646 3345 et
669 3309 718 3344 du
739 3309 967 3346 penitencier
986 3322 1008 3358 y
1028 3310 1098 3347 soit
1119 3313 1304 3359 rapporte.
1330 3325 1348 3343 »
1382 3311 1432 3346 De
1454 3309 1680 3358 Brequigny,
1702 3310 1824 3345 Noticc
1852 3309 1914 3343 des

130 3370 313 3454 mmltuscr.
329 3365 379 3400 (lu
398 3367 487 3412 Roy,
511 3371 538 3405 t.
558 3368 586 3413 1,
610 3379 644 3415 p.
667 3368 792 3404 112-3.
815 3369 916 3406 Cette
949 3368 1153 3407 historiette
1186 3382 1225 3407 se
1253 3374 1378 3406 trouve
1404 3368 1610 3416 egalement
1635 3369 1726 3404 dans
1748 3366 1778 3402 le
1806 3364 1912 3412 Chigi

133 3423 168 3455 et
187 3431 199 3454 (
212 3431 278 3456 ans
296 3421 327 3457 le
349 3423 480 3464 13737.

182 3479 215 3516 1.
245 3494 263 3512 «
285 3492 357 3516 non
376 3483 562 3520 desisteret
583 3499 601 3518 »
622 3497 779 3533 manque
799 3486 890 3523 dans
908 3485 940 3523 le
959 3488 1108 3534 5522-4,
1126 3492 1162 3525 et
1181 3488 1273 3524 dans
1295 3488 1328 3525 le
1349 3487 1475 3535 Chigi.
