2202 3918
249 410 319 447 356
870 403 1104 441 JOHANNIS
1136 404 1434 448 BURCHARDI,
1825 408 1910 449 [Mai
1931 410 2023 452 1504]

250 509 461 558 debitam
480 509 695 570 prestare
718 520 807 569 per
830 519 941 553 suos
963 509 1181 555 oratores
1200 522 1210 566 ;
1238 522 1383 570 quam
1405 521 1516 554 cum
1543 506 1602 555 sit
1625 507 1837 556 facturus
1860 510 2022 570 mod0,

249 595 511 656 propterea
530 605 628 636 non
650 581 874 636 convenit
895 589 1025 651 quod
1046 590 1192 638 etiam
1213 590 1436 654 prestetis
1457 606 1544 654 pro
1566 606 1642 639 eo.
1666 610 1688 635 »
1715 591 1896 641 Deinde
1919 609 2030 641 ver-

248 677 304 725 tit
325 692 375 724 se
389 675 452 723 ad
463 678 642 737 Papam
664 671 965 736 genuflexus,
979 673 1265 737 supplicavit
1286 673 1600 722 Sanctitatem
1619 674 1751 738 quod
1769 691 1867 724 non
1889 675 2031 724 vellet

249 758 453 807 eamden
482 755 809 805 obedientiam
836 771 923 819 pro
952 771 1067 820 rege
1102 756 1305 805 Francie
1346 755 1626 817 admittere,
1670 757 1887 822 alioquin
1914 774 2031 823 pro-

248 841 516 890 testabatur
537 840 596 888 de
621 838 840 886 nullitate
862 839 1115 904 prejudicii
1140 845 1341 904 propter
1364 855 1420 888 ea
1439 840 1541 904 regi
1581 843 1880 890 Francorum
1910 842 2033 890 infe-

249 925 423 984 10011ος
452 927 500 973 01
521 936 781 972 conversus
802 922 863 970 ad
883 926 1248 987 procuratorem
1278 923 1511 983 fiscalem,
1538 924 1786 987 requisivit
1806 926 2032 974 eumdem

250 1014 298 1058 et
319 1009 593 1057 Leandrum
610 1008 668 1057 de
691 1007 890 1056 Perusia
914 1009 962 1055 et
984 1006 1103 1054 alios
1122 1011 1468 1071 procuratores
1491 1012 1537 1055 et
1558 1008 1791 1069 notarios,
1818 1012 1869 1056 ut
1891 1023 2048 1074 supra

248 1091 528 1157 hujusmodi
551 1107 637 1139 sua
649 1090 1001 1155 protestatione
1029 1091 1324 1139 conficerent
1344 1091 1684 1152 instrumenta,
1713 1094 1807 1140 etc.
1850 1094 2034 1139 Extunc

250 1177 307 1222 D.
336 1177 500 1223 noster
519 1173 699 1237 incepit
718 1173 1017 1236 respondere
1043 1173 1316 1222 oratoribus
1336 1175 1532 1237 Anglie3
1558 1179 1604 1223 et
1622 1178 1787 1223 orator
1817 1175 1897 1238 qui
1922 1190 2034 1223 ora-

248 1259 433 1308 tionem
455 1258 656 1316 fecerat,
682 1256 863 1320 incepit
883 1256 1121 1319 replicare
1138 1260 1308 1305 contra
1324 1262 1569 1306 oratorem
1595 1261 1919 1318 Francorum;
1950 1258 2036 1306 sed

253 1341 418 1391 videns
440 1343 619 1405 Papam
640 1339 870 1403 prosequi
894 1340 1267 1403 responsionem
1292 1356 1445 1400 suam,
1476 1341 1605 1390 siluit
1631 1347 1678 1390 et
1710 1345 1841 1406 Papa
1869 1357 2036 1405 prose-

250 1427 427 1487 quutus
451 1429 525 1472 est
573 1423 941 1486 responsionem
980 1439 1134 1470 suam.
1184 1425 1287 1479 Qua
1325 1423 1469 1482 facta,
1529 1429 1816 1487 procurator
1853 1422 2034 1470 fiscalis

248 1507 496 1571 requisivit
511 1522 656 1571 super
673 1506 1019 1564 obedientiam,
1053 1509 1101 1553 et
1125 1505 1288 1552 statim
1316 1509 1536 1553 oratores
1573 1501 1871 1570 Anglie’non
1900 1505 2034 1553 dixe—

250 1594 362 1639 runt
400 1590 545 1649 aliud,
596 1589 680 1637 sed
726 1589 1053 1636 ascenderunt
1103 1586 1164 1635 ad
1207 1590 1386 1650 Papam
1423 1593 1469 1636 et
1510 1589 1691 1638 familia
1723 1593 1927 1652 sequuta
1959 1592 2035 1637 est

251 1689 334 1724 eos
364 1675 425 1722 ad
445 1673 667 1722 osculum
706 1673 870 1737 pedis;
893 1673 1079 1737 ‘deinde
1105 1674 1238 1735 Papa
1265 1671 1406 1719 rediit
1433 1672 1495 1719 ad
1518 1687 1762 1721 cameram
1792 1675 1840 1720 et
1879 1674 1936 1720 D.
1974 1672 2033 1720 de

250 1758 421 1806 Talbot
459 1756 665 1821 portavit
710 1756 943 1819 fimbrias*
970 1759 1123 1819 Pape,
1161 1755 1267 1818 qui,
1308 1755 1463 1803 exutis
1506 1756 1658 1804 sacris
1690 1755 1918 1815 vestibus,
1954 1756 2035 1803 de-

250 1841 439 1905 putavit
470 1841 646 1889 horam
676 1840 918 1889 audientia
956 1838 1300 1903 particularem
1340 1838 1483 1886 dictis
1513 1839 1786 1888 oratoribus
1822 1839 1883 1887 ad
1922 1854 2030 1887 cras

250 1939 393 1973 mane
420 1923 500 1988 (1).

316 2007 401 2054 Die
422 2007 607 2064 martis,
637 2009 689 2053 21
719 2006 849 2066 maii,
871 1991 1105 2054 adductus
1127 2005 1216 2053 fuit
1232 2008 1287 2054 D.
1312 2005 1615 2053 Michelettus
1638 2005 1696 2054 de
1719 2006 1922 2054 Suriano
1944 2021 2032 2070 per

251 2089 606 2137 Bernardinum
631 2089 689 2136 de
711 2090 923 2137 Tuderto
938 2088 1298 2148 cancellarium,
1320 2091 1491 2151 captus
1514 2093 1562 2136 et
1581 2092 1742 2136 tentus
1767 2089 1818 2135 in
1837 2103 2033 2136 camera

252 2173 515 2236 capitanei;
543 2175 591 2219 et
611 2172 752 2235 jovis,
782 2172 831 2218 in
853 2186 1014 2230 mane,
1041 2171 1226 2235 positus
1246 2171 1306 2219 ad
1325 2171 1514 2218 Turrim
1532 2173 1684 2219 None.

315 2255 402 2303 Die
426 2255 625 2314 veneris,
654 2258 714 2301 24
738 2255 871 2314 maii,
890 2244 985 2302 luit
1005 2254 1346 2302 consistorium
1374 2257 1619 2302 secretum
1650 2254 1699 2301 in
1735 2269 1830 2317 quo
1866 2255 2025 2302 cardi-

251 2339 370 2386 nalis
399 2355 436 2385 s.
464 2338 592 2385 Petri
618 2337 678 2385 ad
704 2337 906 2387 Vincula
939 2337 1029 2384 fuit
1055 2337 1398 2400 pronuntiatus
1427 2337 1617 2400 legatus
1642 2337 1959 2386 Bononiensis
1982 2343 2030 2386 et

252 2437 290 2468 s.
319 2421 531 2469 Severini
559 2421 747 2484 legatus
772 2419 1075 2477 Patrimonii,
1104 2420 1310 2468 etambo
1340 2420 1566 2468 associati
1596 2419 1656 2467 ad
1689 2436 1800 2467 suas
1821 2420 2023 2480 domos;

252 2521 290 2551 5.
318 2504 529 2551 Severini
554 2504 730 2567 prime,
749 2503 921 2551 deinde
938 2520 976 2551 5.
1006 2504 1133 2551 Petri
1156 2504 1216 2551 ad
1236 2503 1442 2554 Vincula
1457 2503 1518 2551 ad
1540 2520 1578 2550 5.
1606 2506 1822 2552 Marcum
1844 2520 1854 2552 ι
1882 2504 2029 2552 010110

251 2587 380 2650 quod
403 2587 738 2650 equitaverunt
760 2602 899 2634 more
925 2587 1083 2646 solito,
1114 2587 1224 2650 quia
1245 2603 1339 2634 non
1368 2586 1582 2634 interfui.

318 2670 405 2718 Die
429 2670 630 2729 sabbati,
658 2673 717 2718 25
737 2670 870 2729 maii,
894 2670 1054 2734 vigilia
1078 2673 1404 2729 Pentecostes,
1429 2670 1626 2718 fuerunt
1657 2685 1855 2734 vespere
1881 2685 2031 2734 papa-

253 2755 323 2802 les
379 2754 427 2801 in
478 2771 516 2802 s.
575 2756 717 2802 Pet'ro
765 2754 877 2817 quia
910 2754 1095 2817 capella
1127 2754 1442 2818 reparabatur
1475 2769 1483 2799 :
1514 2768 1605 2816 ego
1638 2754 1824 2817 primus
1857 2753 2029 2802 intravi

254 2838 303 2885 in
329 2854 482 2901 cappa
503 2842 549 2884 01
569 2836 793 2897 Michael,
827 2837 1238 2885 extraordinarius
1270 2836 1475 2885 clericus
1505 2840 1552 2883 et
1588 2836 1720 2884 Paris
1751 2836 1810 2884 de
1841 2835 2030 2884 Grassis

255 2922 485 2969 inlocum
507 2920 810 2979 Bernardini,
833 2921 913 2983 qui
935 2925 1049 2969 tunc
1070 2936 1179 2969 cum
1215 2936 1273 2969 eo
1307 2920 1500 2970 servivit
1529 2923 1576 2969 et
1613 2919 1758 2968 cessit
1789 2919 1948 2967 eidem
1981 2906 2030 2965 iii

256 3003 542 3052 cancellaria
566 3001 645 3068 (2)

306 3167 344 3204 1.
376 3165 472 3214 Voy.
498 3163 533 3201 la
551 3162 707 3212 depeche
729 3163 773 3200 de
792 3162 1027 3210 Giustinia11i,
1050 3165 1120 3202 ala
1140 3167 1222 3203 date
1242 3166 1290 3202 du
1315 3167 1361 3201 20
1383 3176 1490 3211 mars,
1509 3161 1598 3202 horst
1612 3161 1737 3212 prima
1758 3167 1894 3210 necli3;
1916 3172 1943 3206 t.
1963 3163 2030 3216 111,

260 3239 296 3273 p.
318 3227 363 3262 08
384 3230 418 3262 01
438 3238 473 3273 p.
503 3224 586 3269 509,
615 3223 699 3261 (100.
730 3223 777 3267 11,
812 3222 864 3259 105
886 3224 1034 3259 curieux
1064 3222 1215 3261 extraits
1248 3222 1311 3260 des
1337 3223 1461 3260 lettres
1493 3224 1537 3260 de
1574 3225 1776 3262 Francesco
1809 3220 2028 3273 Pandolfini,

260 3290 404 3321 orateur
424 3284 588 3320 florentin
611 3285 632 3319 a
648 3282 794 3330 Naples,
817 3282 982 3319 relatives
1003 3286 1022 3319 a
1044 3284 1154 3321 Cesar
1172 3282 1319 3330 Borgia.

306 3347 341 3381 2.
372 3344 475 3380 Paris
496 3345 539 3380 110
562 3342 707 3380 Grassis
729 3346 874 3378 raconte
895 3342 988 3378 ainsi
1008 3343 1042 3379 la
1062 3343 1264 3379 ceremonie
1289 3343 1334 3379 de
1361 3354 1425 3380 son
1453 3346 1576 3380 0111100
1598 3356 1641 3380 en
1664 3345 1839 3391 fonction,
1862 3350 1897 3382 et
1912 3346 2032 3382 donne

261 3404 435 3451 quelques
457 3402 585 3439 details
606 3413 669 3439 sur
690 3413 729 3438 sa
748 3412 939 3449 personne.
965 3417 983 3435 «
1010 3403 1047 3438 ln
1070 3402 1213 3439 nomine
1235 3402 1379 3439 Domini
1403 3402 1517 3439 nostri
1537 3404 1624 3440 Jesu
1645 3403 1793 3450 Christi,
1810 3404 1868 3442 die
1889 3402 2032 3441 sabbati

261 3464 306 3498 25
328 3463 461 3498 mensis
484 3462 564 3498 maii
587 3462 690 3503 1504,
715 3472 784 3509 ego
804 3460 908 3498 Paris
929 3461 972 3497 de
995 3462 1156 3508 Grassis,
1182 3461 1379 3499 canonicus
1400 3465 1435 3498 et
1455 3461 1579 3499 doctor
1599 3462 1842 3500 Bononiensis
1863 3475 1905 3500 ac
1925 3461 2032 3500 etiam

263 3519 460 3555 canonicus
482 3519 515 3555 in
534 3519 725 3568 collegiata
744 3518 897 3557 ecclesia
918 3531 952 3558 5.
978 3521 1162 3559 Laurentii
1183 3522 1218 3558 in
1235 3522 1391 3559 Damaso
1411 3521 1456 3558 de
1477 3521 1586 3569 Urbe,
1602 3533 1683 3560 eum
1703 3534 1768 3571 per
1784 3533 1901 3561 annos
1921 3532 2032 3571 prope
