2228 3938
130 325 351 367 [Aoat15o3]
582 323 751 362 RERUM
785 322 1084 361 URBANARUM
1114 323 1466 362 COMMENTARII.
1839 326 1910 362 239

130 426 441 485 Cusentinus‚
485 427 662 476 Montis
703 426 910 491 RegaliS,
959 429 1203 475 Casanova
1245 430 1294 475 et
1325 425 1907 490 Constantinopolitanus‚

130 511 304 576 quibus
327 510 499 560 deinde
525 514 653 576 Papa
676 510 794 559 dixit
818 526 868 558 se
897 510 1022 558 male
1049 511 1244 559 sentire.
1274 513 1408 559 Hora
1431 526 1765 575 vesperarum,
1796 510 1910 558 data

130 595 218 643 sibi
242 597 460 643 extrema
489 594 714 643 unctione
741 609 828 658 per
851 593 1134 658 episcopum
1160 594 1480 655 Calmensem,
1520 593 1769 659 expiravit,
1799 609 1909 657 pre-

130 678 345 726 sentibus
367 677 555 726 datario
593 680 640 726 et
670 677 893 741 predicto
923 677 1151 741 episcopo
1187 682 1234 727 et
1268 680 1396 742 Pape
1431 677 1776 742 parafrenariis
1802 680 1910 725 tan-

131 764 232 808 tum
274 761 591 809 adstantibus
628 764 750 821 Dux,
787 760 867 824 qui
901 760 1125 808 infirmus
1150 765 1273 820 erat,
1321 762 1450 809 misit
1490 763 1546 809 D.
1578 761 1911 809 Michelettum

130 860 240 892 cum
276 860 454 908 magna
480 847 643 909 gente,
679 844 761 907 qui
786 844 1066 892 clauserunt
1091 859 1260 893 omnes
1283 848 1448 909 portas
1475 845 1829 909 respondentes
1854 843 1913 892 ad

131 927 313 975 exitum
340 930 388 975 et
419 927 770 976 habitationem
796 930 942 992 Pape,
974 930 1022 976 et
1045 945 1170 976 unus
1197 944 1368 976 eorum
1401 927 1605 976 extraxit
1629 928 1839 992 pugnale
1865 930 1912 974 et

132 1011 340 1060 minatus
366 1014 439 1059 est
463 1011 696 1059 cardinali
721 1014 965 1060 Casanove
991 1012 1138 1075 quod,
1166 1012 1258 1059 nisi
1285 1012 1422 1060 daret
1447 1011 1489 1059 ei
1510 1011 1666 1060 claves
1692 1016 1740 1060 et
1762 1026 1912 1075 pecu-

131 1095 234 1142 nias
259 1097 404 1158 Pape,
442 1095 683 1160 jugularet
708 1111 820 1144 eum
846 1099 894 1144 et
916 1095 1180 1161 projiceret
1204 1112 1316 1144 eum
1346 1099 1486 1145 extra
1510 1096 1768 1143 fenestras
1797 1098 1912 1144 Car-

131 1177 304 1226 dinalis
325 1180 614 1242 perterritus
647 1178 779 1228 dedit
805 1179 978 1228 claves.
1010 1179 1076 1227 llli
1100 1180 1334 1228 intrantes
1357 1180 1417 1228 ad
1442 1179 1649 1228 invicem
1676 1179 1726 1227 in
1749 1179 1912 1227 locum

130 1265 239 1324 post
261 1276 504 1310 cameram
530 1262 679 1327 Pape,
707 1266 1003 1327 acceperunt
1028 1264 1193 1312 omnia
1217 1267 1423 1328 argenta
1448 1279 1542 1327 que
1565 1263 1852 1311 invenerunt
1865 1265 1913 1309 et

132 1343 252 1392 duas
278 1360 448 1409 capsas
482 1361 593 1394 cum
619 1346 808 1395 ducatis
838 1347 1034 1396 circiter
1066 1352 1263 1396 centum
1288 1347 1440 1396 millia
1465 1348 1546 1413 (1).
1578 1347 1716 1396 Circa
1738 1346 1915 1394 horam

133 1427 415 1493 vigesimam
433 1430 644 1489 tertiam,
671 1434 966 1494 aperuerunt
986 1435 1169 1496 portas,
1195 1436 1242 1480 et
1257 1431 1500 1495 publicata
1520 1434 1594 1480 est
1610 1447 1742 1479 mors
1767 1433 1913 1495 Pape.

134 1512 335 1560 Interim
357 1513 612 1562 servitores
633 1518 934 1579 acceperunt
951 1516 1201 1564 residuum
1218 1515 1348 1579 quod
1371 1519 1477 1563 erat
1497 1515 1547 1563 in
1569 1513 1916 1579 guardarobbis

135 1597 183 1642 et
207 1611 299 1658 pro
324 1611 539 1655 camera,
568 1600 616 1645 et
638 1597 759 1646 nihil
783 1599 1026 1646 bonorum
1047 1598 1347 1661 reliquerunt
1373 1601 1537 1662 preter
1557 1598 1696 1646 sedes
1720 1597 1916 1662 papales

137 1682 186 1728 et
206 1675 391 1742 aliquos
416 1680 637 1729 cussinos
665 1683 714 1729 et
747 1697 933 1746 pannos
962 1682 1113 1730 muris
1147 1682 1334 1730 affixos.
1366 1685 1472 1731 Dux
1502 1697 1751 1746 nunquam
1787 1681 1919 1730 venit

135 1761 197 1810 ad
221 1765 404 1827 Papam
429 1763 479 1810 in
502 1766 604 1812 tota
627 1765 733 1829 ejus
756 1764 1038 1814 infirmitate
1064 1781 1154 1814 nec
1176 1766 1226 1814 in
1249 1771 1424 1826 morte,
1446 1782 1537 1815 nec
1559 1768 1690 1831 Papa
1707 1781 1918 1829 unquam

135 1862 326 1895 memor
360 1847 447 1895 fuit
472 1847 546 1895 sui
572 1848 646 1897 vel
674 1850 900 1898 Lucretie
925 1850 975 1897 in
1005 1850 1168 1913 aliquo
1201 1850 1403 1899 minimo
1437 1850 1603 1909 verbo,
1635 1866 1726 1898 nec
1753 1849 1803 1897 in
1834 1865 1922 1897 sua

135 1929 434 1979 infirmitate.
464 1932 634 1980 Socius
661 1948 798 1980 meus
822 1933 947 1981 venit
970 1934 1031 1981 ad
1054 1934 1288 1997 palatium
1314 1938 1424 1998 post
1444 1934 1730 2000 vigesimam
1753 1949 1922 1981 secun-

134 2013 245 2061 dam
267 2013 463 2074 horam;
492 2030 594 2078 quov
612 2015 733 2075 viso,
760 2019 959 2065 vocatus
984 2017 1070 2064 fuit
1098 2020 1146 2065 et
1170 2017 1502 2066 intromissus.
1531 2017 1718 2066 Invenit
1741 2020 1921 2081 Papam

133 2099 381 2146 mortuum
404 2102 453 2147 et
477 2099 601 2163 juvit
622 2115 674 2148 se
707 2100 931 2148 manibus
956 2104 1190 2164 quantum
1213 2102 1388 2165 potuit,
1428 2102 1604 2150 deinde
1625 2101 1736 2150 fecit
1761 2101 1922 2149 lavare

135 2182 335 2245 Papam,
369 2182 499 2246 quod
535 2182 649 2231 fecit
683 2184 984 2244 Balthassar‚
1025 2180 1276 2232 familiaris
1314 2185 1514 2234 sacriste
1552 2187 1600 2233 et
1633 2185 1832 2248 quidam
1864 2201 1922 2232 ex

136 2264 451 2314 servitoribus
492 2269 619 2332 Pape
658 2284 802 2331 quem
838 2269 1098 2317 induerunt
1137 2269 1363 2317 omnibus
1398 2268 1570 2333 pannis
1604 2267 1916 2332 quotidianis,

135 2348 345 2412 quadam
362 2353 494 2399 veste
516 2352 663 2415 panni
689 2352 802 2412 albi,
828 2369 923 2416 qua
944 2369 1191 2417 nunquam
1214 2369 1272 2401 eo
1294 2358 1515 2417 tempore
1541 2368 1636 2417 quo
1661 2352 1789 2401 vivus
1811 2357 1921 2420 erat-

136 2430 332 2480 indutus
357 2438 457 2492 est3
488 2434 589 2482 sine
616 2435 772 2483 cauda
800 2439 907 2485 erat
931 2440 978 2485 et
1002 2437 1212 2501 desuper
1235 2436 1480 2496 rochetto,
1506 2440 1555 2485 et
1577 2439 1845 2501 posuerunt
1868 2434 1917 2483 in

137 2514 230 2562 alia
250 2531 447 2564 camera
472 2520 583 2565 ante
606 2518 757 2566 salam
788 2519 836 2567 in
860 2535 956 2582 qua
982 2524 1202 2568 mortuus
1228 2524 1301 2568 est
1334 2537 1480 2585 super
1505 2536 1650 2568 unam
1673 2519 1915 2578 lecticam,

138 2601 186 2645 et
222 2614 368 2663 super
400 2615 559 2663 panno
594 2602 750 2650 serico
785 2603 1058 2651 cremesino
1087 2607 1133 2651 et
1163 2607 1323 2668 tapete
1354 2604 1579 2668 pulchro.
1616 2606 1730 2651 Post
1746 2602 1919 2667 vigesi-

138 2697 268 2730 mam
291 2683 483 2731 tertiam
512 2683 703 2745 horam,
740 2685 899 2733 socius
926 2701 1064 2734 meus
1091 2686 1206 2734 fecit
1238 2702 1316 2735 me
1345 2687 1505 2735 vocari
1529 2703 1538 2735 :
1563 2686 1687 2745 veni,
1720 2690 1768 2734 et
1793 2701 1916 2733 non·

137 2765 251 2814 dum
278 2771 383 2815 erat
413 2768 740 2817 cardinalibus
767 2769 816 2817 in
844 2769 970 2818 Urbe
995 2770 1294 2830 intimatum;
1315 2771 1399 2818 sed
1423 2771 1621 2819 interim
1646 2769 1776 2833 quod
1807 2768 1914 2817 veni

138 2849 199 2897 ad
221 2850 474 2914 palatium,
501 2852 589 2901 fuit
612 2853 910 2913 intimatum3
936 2854 1020 2902 sed
1046 2854 1206 2902 nullus
1231 2853 1547 2903 cardinalium
1570 2854 1718 2902 movit
1747 2868 1798 2901 se
1824 2867 1913 2900 nec

137 2932 357 2983 fecerunt
382 2936 493 2984 alibi
518 2938 949 3002 congregationem
971 2941 1019 2986 et
1042 2938 1102 2987 de
1123 2939 1216 2987 hoc
1239 2939 1609 3003 Neapolitanum
1635 2935 1915 2986 commonui

138 3017 267 3079 quod
302 3019 533 3082 periculis
572 3021 941 3070 occurrentibus
975 3022 1211 3071 obviaret.
1251 3022 1381 3072 Fecit
1415 3022 1545 3072 idem
1573 3021 1916 3086 Neapolitanus

139 3103 250 3162 post
282 3101 457 3151 horam
491 3104 776 3168 vigesimam
820 3108 1043 3169 quartam
1086 3106 1298 3155 intimari
1332 3106 1554 3155 omnibus
1592 3103 1917 3154 cardinalibus

139 3198 228 3246 per
242 3200 353 3233 suos
373 3188 663 3237 secretarios
688 3189 818 3252 quod
842 3189 892 3237 in
915 3206 1059 3238 mane
1097 3190 1318 3254 sequenti
1342 3190 1656 3255 dignarentur
1676 3188 1839 3237 venire
1856 3186 1916 3234 ad

138 3257 400 3317 Minervam
426 3270 524 3330 ubi,
550 3271 600 3319 in
626 3273 788 3320 medio
816 3273 1052 3334 sacristie‚
1076 3277 1246 3338 parata
1265 3274 1463 3323 fuerunt
1487 3276 1695 3337 quatuor
1718 3284 1917 3319 scamna

142 3451 159 3487 1
185 3392 218 3477 Ξ).
246 3392 450 3490 Laizgmme
469 3394 601 3435 laissee
621 3408 667 3435 en
686 3397 794 3436 blanc
814 3399 908 3436 dans
927 3398 982 3436 les
1012 3411 1102 3437 mss.
1127 3399 1235 3449 Chigi
1254 3404 1290 3438 et
1307 3401 1403 3438 5163
1423 3403 1480 3437 est.
1498 3399 1639 3436 donnee
1659 3408 1724 3446 par
1749 3394 1802 3435 les
1819 3406 1911 3432 mss.

163 3452 211 3488 5,
229 3456 266 3489 et
357 3483 367 3492 .
