2228 3938
154 357 248 407 fJuiti
267 357 365 408 15'001
595 366 764 404 RERUM
797 366 1098 404 URBANARUM
1131 366 1485 406 COMMENTARII.
1891 375 1934 409 61

221 471 452 530 Sabbato,
480 470 643 534 vigilia
664 468 936 528 Trinitatis,
965 468 1166 518 fuerunt
1190 472 1396 534 vespere
1426 471 1476 519 in
1508 473 1699 536 capella
1728 475 1936 538 majore,

159 557 214 602 13
248 554 365 602 dicti
402 554 585 602 mensis
615 553 758 618 junii,
789 556 924 616 Papa
960 556 1210 616 presente,
1247 554 1430 618 absque
1466 557 1940 606 commemoratione

154 637 431 696 dominiee;
469 642 517 686 et
556 636 804 686 dominica
845 636 1091 699 sequenti,
1132 637 1255 685 festo
1294 638 1571 698 Trinitatis,
1616 643 1673 687 14
1718 641 1939 705 ejusdem

154 722 359 782 mensis,
400 725 567 770 Rmus.
608 724 665 769 D.
707 719 976 768 cardinalis
1015 721 1385 769 Beneventanus
1428 723 1693 772 celebravit
1735 725 1938 774 missam

155 805 423 853 solemnem
459 805 509 853 in
547 805 718 853 eadem
756 803 979 867 capella,
1001 805 1134 867 Papa
1170 804 1318 854 etiam
1354 811 1615 870 presente3
1658 824 1939 856 sermonem

154 888 275 937 fecit.
298 891 356 937 D.
389 887 635 937 Mattheus
667 886 908 936 Canarius
938 887 1220 950 capellanus
1251 889 1377 937 Rmi.
1409 892 1466 937 D.
1496 885 1763 938 cardinalis
1794 892 1939 956 Agri-

154 973 356 1036 gentini.
378 973 537 1021 Finita
558 971 725 1031 missa,
753 973 886 1035 Papa
910 971 1156 1019 commisit
1175 971 1294 1022 mihi
1321 973 1453 1036 quod
1479 973 1695 1022 facerem
1717 974 1939 1023 intimari

153 1056 519 1118 processionem
542 1055 654 1104 festi
686 1054 921 1119 Corporis
952 1054 1134 1103 Christi
1165 1071 1256 1119 pro
1284 1056 1429 1117 hora,
1458 1057 1588 1105 inter
1621 1058 1936 1106 undecimam

151 1142 199 1186 et
220 1139 479 1199 decimam,
506 1156 594 1204 per
618 1139 761 1191 Viam
786 1141 968 1188 Novam
995 1155 1149 1202 usque
1174 1139 1235 1187 ad
1258 1140 1458 1188 domum
1481 1141 1606 1189 Rmi.
1632 1144 1691 1190 D.
1711 1142 1938 1190 cardina-

150 1221 210 1270 lis
237 1239 275 1270 s.
305 1223 567 1272 Clementis
592 1227 640 1272 et
662 1223 775 1271 inde
802 1239 891 1288 per
914 1223 1059 1273 Viam
1085 1223 1315 1271 Sanctam
1342 1225 1403 1273 ad
1428 1225 1684 1274 basilicam
1711 1242 1748 1273 s.
1779 1226 1932 1285 Petri,

149 1309 197 1354 et
222 1308 351 1370 quod
383 1308 659 1356 cardinales
690 1311 927 1356 ornarent
956 1306 1082 1354 viam
1108 1307 1282 1370 pannis
1314 1309 1430 1370 suis,
1460 1326 1599 1358 more
1631 1309 1794 1358 solito.
1822 1310 1935 1358 Feci

150 1394 418 1454 propterea
438 1391 729 1440 officialibus
751 1389 970 1439 intimari
990 1390 1361 1453 processionem
1382 1394 1659 1457 predictam
1680 1410 1769 1457 per
1792 1394 1938 1442 cedu-

149 1473 222 1521 las
246 1475 432 1523 tenoris
458 1476 837 1539 subsequentis:
1763 1491 1765 1493 ·

218 1579 240 1603 «
281 1562 350 1608 De
377 1560 607 1608 mandato
634 1562 717 1609 SS.
749 1563 804 1607 D.
834 1562 890 1608 N.
921 1564 1050 1625 Pape
1080 1562 1344 1610 mandatur
1375 1561 1577 1626 singulis
1607 1561 1934 1625 infiascriptis

151 1636 441 1690 officialibus
471 1646 711 1706 quatenus
741 1643 819 1690 die
844 1643 970 1707 jovis
1005 1648 1061 1692 18
1093 1661 1151 1708 p1
1156 1644 1338 1692 esentls
1375 1643 1558 1691 mensis
1579 1644 1722 1707 junii,
1750 1644 1934 1692 festivi-

150 1724 265 1771 tatis
292 1725 611 1773 sacratissimi
637 1726 864 1789 corporis
896 1726 1095 1786 Christi,
1124 1728 1214 1774 sub
1244 1743 1372 1791 pena
1401 1727 1616 1791 quinque
1642 1727 1935 1776 ducatorum

150 1809 259 1856 auri
296 1825 491 1857 camere
530 1809 799 1873 apostolice
835 1810 1244 1859 irremissibiliter
1277 1811 1688 1875 applicandorum
1722 1812 1934 1860 debeant

149 1891 279 1939 inter
302 1892 480 1940 horam
503 1907 683 1940 nonam
710 1895 757 1939 et
781 1893 1023 1941 decimam
1046 1894 1095 1941 in
1121 1894 1304 1957 palatio
1329 1894 1603 1957 apostolico
1629 1895 1759 1958 apud
1781 1911 1820 1942 s.
1847 1897 1932 1943 Pe-

147 1977 304 2033 trum,
342 1975 473 2024 intra
515 1976 728 2040 primam
771 1980 989 2039 portam,
1028 1976 1236 2036 ibidem,
1279 1977 1329 2025 in
1366 1977 1528 2036 curia,
1568 1966 1684 2026 cum
1728 1977 1931 2042 singulis

146 2056 401 2105 intortitiis
438 2059 678 2118 honestis,
707 2062 964 2123 presentes
989 2076 1095 2128 esse
1122 2064 1170 2108 et
1201 2060 1374 2108 exinde
1405 2061 1841 2124 processionaliter
1871 2078 1930 2109 ex

146 2139 317 2188 ordine
354 2142 652 2205 procedere,
683 2144 830 2205 prout
868 2145 922 2190 R.
960 2144 1017 2190 D.
1045 2144 1358 2207 gubernator
1397 2143 1540 2191 Urbis
1576 2143 1834 2203 ordinavit,
1870 2160 1927 2192 ac

145 2220 470 2286 personaliter
512 2241 599 2273 sua
633 2225 875 2273 intortiti'a
910 2226 1129 2285 deferre,
1169 2230 1218 2274 et
1255 2232 1411 2290 ‘usque
1453 2227 1515 2274 ad
1552 2226 1924 2290 processionem

145 2307 457 2370 completam,
487 2308 536 2356 in
561 2324 618 2356 ea
642 2324 935 2373 permanere
960 2309 1050 2357 sub
1073 2310 1247 2357 eadem
1274 2325 1441 2373 pena:

211 2409 232 2431 «
271 2390 709 2439 Abbreviatoribus
733 2392 1013 2442 litterarum
1038 2394 1447 2458 apostolicarum,

213 2492 234 2515 «
274 2472 523 2536 Magistlis
548 2475 754 2537 plumbi,

213 2575 234 2597 «
274 2555 490 2603 Notariis
514 2560 640 2615 rote,

212 2658 232 2681 «
274 2639 488 2687 Notariis
513 2639 754 2687 auditoris
775 2642 991 2700 camere,

179 2721 182 2724 '
213 2723 248 2765 «⁴
270 2722 702 2781 Procuratoribus,

136 2831 138 2833 ·
212 2826 234 2849 «
255 2806 630 2865 ,Bullatoribus3

214 2908 235 2931 «
271 2891 364 2935 Per
384 2889 771 2953 'gubernatorem
797 2888 940 2936 Urbis
965 2890 1013 2936 et
1034 2889 1514 2939 vicecancellarium.

214 2990 237 3013 «
275 2973 342 3018 De
371 2972 602 3019 mandato
633 2972 716 3019 SS.
752 2974 809 3019 D.
844 2972 1001 3020 nostri
1035 2975 1183 3036 Papo,
1219 2974 1482 3022 mandatur
1513 2974 1715 3040 singulis
1743 2975 1921 3025 infras-

147 3054 335 3118 criptis,
367 3058 607 3118 quatenus
644 3055 733 3102 sub
770 3071 897 3118 pena
932 3056 1226 3105 ducatorum
1260 3058 1431 3106 decem
1467 3059 1575 3107 auri
1611 3060 1670 3107 de
1702 3076 1919 3116 camera,

145 3152 340 3186 camere
371 3139 638 3203 apostolice
675 3139 1085 3188 irremissibiliter
1122 3141 1548 3206 applicandorum,
1583 3143 1796 3192 debeant
1833 3162 1922 3208 per

145 3224 302 3270 totum
340 3226 619 3286 presentem
656 3223 807 3281 diem,
855 3227 911 3271 16
956 3225 1201 3287 presentis
1241 3227 1424 3274 mensis
1454 3227 1604 3290 junii,
1645 3227 1837 3276 dedisse
1874 3229 1919 3275 in

146 3304 341 3368 scriptis
372 3306 671 3354 D‘JJohanni
702 3306 1010 3366 Burchardo,
1032 3309 1274 3373 ‘magistro
1305 3310 1703 3358 ceremoniarum
1734 3310 1921 3373 capelle

147 3387 446 3447 SanctitatiS,
471 3405 558 3437 sua
578 3390 778 3438 nomina
803 3394 850 3438 et
876 3392 1170 3455 cognomina
1192 3377 1409 3441 omnium
1433 3393 1720 3442 officialium
1744 3393 1920 3455 quibus

144 3472 237 3536 ipsi
263 3474 483 3534 presunt,
513 3488 598 3520 seu
624 3488 834 3535 quorum
860 3474 951 3536 ipsi
976 3474 1212 3523 officiales
1240 3476 1316 3524 vel
1339 3476 1580 3539 capellani
1606 3475 1834 3532 existunt,
1861 3489 1919 3522 ac
