2228 3938
177 405 332 446 [Janvior
349 404 439 446 1501]
624 403 791 441 RERUM
825 402 1126 440 URBANARUM
1152 403 1500 442 COMMENTARH.
1887 406 1954 441 103

178 526 235 559 ea
258 509 477 558 fraudem
500 510 583 556 aut
609 506 772 556 dolum
794 506 1121 568 committere,
1146 522 1266 556 neve
1294 523 1559 571 procurare
1581 506 1860 571 hujusmodi
1880 507 1954 555 in-

176 593 421 657 dulgentie
440 591 698 656 participes
720 589 842 648 fieri,
869 592 917 637 et
939 606 1024 638 sua
1040 592 1119 654 pia
1142 592 1368 655 suffragia
1390 607 1590 655 erogare
1614 594 1663 640 ct
1683 591 1877 639 mittere
1895 592 1955 639 ab

175 675 454 741 hujusmodi
481 688 650 723 eorum
684 672 931 736 proposito
959 673 1006 720 in
1037 677 1137 722 toto
1170 675 1242 723 vel
1265 675 1311 722 in
1341 678 1495 738 parte,
1519 675 1701 723 directe
1723 674 1802 723 vel
1834 675 1954 722 indi-

175 764 325 819 recte,
350 759 496 807 tacite
514 757 589 805 vel
611 771 836 819 expresse
851 757 1119 816 retrahere,
1139 774 1194 806 ac
1218 774 1547 822 quascumque
1558 757 1675 806 alias
1697 758 1953 821 indulgen-

177 844 269 891 tias
287 858 375 906 per
394 842 501 900 hoS,
523 843 575 888 ut
592 838 903 903 premittitur,
927 842 1187 904 suspensas
1207 842 1457 906 predicare
1481 844 1561 889 aut
1583 840 1845 904 publicare,
1871 845 1951 890 aut

173 927 265 974 illis
288 923 648 989 quomodolibet
673 926 721 971 et
749 938 916 971 earum
944 927 1186 987 pretextu,
1220 925 1402 988 aliquid
1432 927 1598 988 petere
1632 926 1713 971 aut
1734 924 1951 987 recipere

173 1026 229 1058 ac
250 1009 367 1057 alias
389 1010 558 1057 contra
575 1009 845 1071 presenteS‚
871 1007 1159 1071 illarumque
1182 1012 1405 1057 tenorem
1439 1008 1487 1055 in
1516 1007 1630 1071 ipsis
1661 1007 1953 1070 predicatio-

174 1093 332 1152 nibus,
360 1092 493 1157 pium
515 1090 688 1139 Christi
711 1090 927 1140 fidelium
949 1092 1164 1140 animum
1187 1093 1246 1140 ab
1269 1107 1438 1141 eorum
1462 1094 1630 1139 sancto
1654 1094 1702 1139 et
1722 1091 1801 1155 pio
1839 1107 1953 1155 pro—

173 1178 350 1240 posito,
374 1176 577 1224 durante
604 1177 824 1239 tempore
855 1177 1198 1240 quoquomodo
1222 1179 1530 1240 presumant3
1556 1175 1842 1223 mandantes
1864 1175 1952 1222 sub

171 1260 404 1308 similibus
444 1259 715 1319 sententiiS,
766 1258 1107 1307 maledictione
1150 1263 1198 1308 et
1231 1275 1376 1324 pena,
1413 1259 1542 1323 ipsas
1581 1262 1835 1323 presentes
1865 1274 1953 1322 per

171 1359 504 1407 quoscumque
526 1342 659 1392 verbi
692 1342 779 1392 Dei
808 1342 1159 1406 predicatores,
1199 1344 1345 1391 etiam
1381 1343 1585 1391 clericos
1608 1346 1657 1391 et
1677 1343 1948 1406 religiosos,

172 1429 393 1477 ordinum
416 1444 853 1492 quorumcumque,
873 1429 1021 1477 etiam
1034 1428 1431 1488 mendicantium,
1445 1427 1950 1492 juxtaordinationem

169 1513 325 1561 nuntii
349 1517 396 1562 et
426 1512 745 1561 commissarii
780 1528 835 1560 ac
857 1512 1246 1576 deputandorum
1267 1516 1314 1561 et
1353 1511 1825 1575 subdelegandorum
1847 1526 1953 1574 pre-

169 1597 430 1656 dictorum,
455 1597 504 1644 in
534 1596 821 1654 civitatibus,
844 1596 964 1643 locis
986 1599 1035 1644 et
1068 1596 1287 1644 ecclesiis
1324 1596 1384 1644 ad
1410 1595 1505 1642 hoc
1526 1594 1814 1658 deputandis
1838 1609 1949 1657 pre-

173 1680 341 1739 dicari,
381 1679 614 1743 publicari
652 1682 701 1726 et
722 1678 976 1737 declarari,
1013 1695 1069 1726 ac
1095 1679 1249 1727 dictos
1277 1678 1451 1726 Christi
1475 1677 1644 1725 fideles
1679 1677 1739 1725 ad
1768 1677 1950 1725 contri—

171 1763 418 1812 buendum
439 1762 552 1810 huic
574 1764 741 1810 sancto
763 1762 898 1825 operi
914 1761 1073 1810 induci
1097 1764 1145 1810 et
1166 1761 1430 1820 exhortari,
1457 1777 1512 1809 ac
1533 1777 1622 1825 per
1639 1760 1733 1808 loci
1756 1761 1949 1809 ordina-

170 1846 283 1906 rioS,
312 1845 510 1894 abbates
541 1849 589 1894 et
616 1845 735 1893 alias
764 1860 996 1909 personas
1027 1845 1379 1894 ecclesiasticas
1400 1845 1642 1909 predictas
1665 1845 1725 1892 ad
1745 1845 1794 1892 id
1814 1845 1948 1893 auxi-

168 1929 286 1978 lium
327 1933 376 1980 et
411 1928 670 1977 concilium
705 1931 753 1976 et
783 1928 997 1977 favorem
1032 1928 1256 1992 expendi,
1296 1944 1387 1976 nec
1411 1944 1509 1975 non
1530 1943 1618 1992 per
1655 1928 1877 1975 nuntium
1901 1932 1948 1976 et

167 2012 572 2071 commissarium,
614 2026 669 2058 ac
709 2010 1011 2075 deputandos
1051 2016 1099 2060 et
1139 2010 1527 2075 subdelegandos
1567 2010 1812 2074 predictos
1849 2016 1946 2059 tam

166 2095 316 2161 ipsos
343 2095 382 2142 si
403 2110 500 2143 non
522 2094 787 2159 paruerint,
814 2110 958 2158 quam
978 2095 1272 2158 generaliter
1298 2094 1683 2143 contradictores
1705 2094 1947 2157 quoslibet

165 2178 430 2228 etrebelles
452 2194 539 2243 per
551 2193 780 2228 censuras
803 2178 1155 2230 ecclesiasticas
1178 2182 1226 2226 et
1249 2178 1343 2226 alia
1348 2178 1470 2242 juris
1493 2180 1772 2242 opportuna
1792 2193 1947 2227 reme-

164 2263 260 2323 dia,
279 2262 501 2311 invocato
521 2262 667 2311 etiam
687 2262 748 2310 ad
763 2262 877 2322 hoc,
903 2263 941 2310 si
961 2279 1082 2327 opus
1103 2262 1264 2322 fuerit,
1287 2262 1465 2310 auxilio
1491 2261 1673 2310 brachii
1692 2262 1942 2320 secularis,

163 2347 408 2411 compesci
431 2350 479 2395 et
500 2346 743 2410 compelli,
766 2346 944 2395 debere
965 2346 1205 2405 habitum,
1231 2349 1388 2394 ratum
1412 2349 1461 2394 et
1475 2348 1666 2408 gratum
1688 2360 1939 2405 censuras,

164 2434 212 2477 et
232 2446 381 2493 penas
411 2446 529 2493 quas
556 2430 750 2477 nuntius
778 2433 827 2477 et
853 2430 1213 2478 commissarius
1236 2433 1285 2478 et
1312 2428 1568 2493 delegandi
1593 2444 1648 2477 ac
1682 2429 1943 2492 deputandi

162 2513 365 2577 predicti
402 2513 492 2561 rite
525 2512 724 2561 tulerint
762 2513 858 2560 sive
889 2512 1145 2561 statuerint
1180 2513 1228 2560 in
1267 2513 1491 2572 rebelles,
1524 2516 1572 2560 et
1607 2513 1780 2560 facturi
1817 2513 1941 2570 illas,
1998 2503 2004 2508 ⁵

163 2599 360 2644 auctore
393 2596 618 2656 Domino,
654 2611 806 2659 usque
835 2595 895 2643 ad
928 2596 1311 2644 satisfactionem
1339 2596 1630 2659 condignam
1655 2596 1943 2644 inviolabili-

169 2684 240 2728 ter
276 2678 535 2738 observari,
563 2682 611 2727 et
645 2678 938 2742 generaliter
959 2679 1193 2741 quidquid
1212 2694 1300 2742 per
1319 2678 1543 2726 nuntium
1583 2682 1629 2726 et
1659 2679 1943 2727 commissa-

162 2763 282 2811 rium
306 2766 528 2810 nostrum
558 2778 614 2810 ac
647 2761 951 2828 deputandos
986 2766 1033 2809 et
1054 2761 1441 2825 subdelegandos
1479 2760 1723 2825 predictos
1753 2761 1798 2808 in
1836 2778 1944 2825 pre-

164 2847 323 2895 missis
361 2846 449 2894 fuit
487 2845 853 2910 quomodolibet
897 2845 1190 2904 ordinatum,
1243 2860 1390 2908 super
1422 2844 1595 2908 quibus
1635 2845 1857 2892 omnibus
1894 2850 1941 2895 et

162 2929 361 2994 singulis
379 2929 469 2977 sibi
487 2945 543 2978 ac
561 2928 848 2993 deputandis
877 2931 926 2977 et
945 2928 1318 2992 subdelegandis
1336 2928 1568 2992 predictis
1587 2929 1799 2992 plenam,
1823 2929 1939 2977 libe-

160 3028 264 3060 ram
287 3017 333 3061 et
356 3012 686 3061 omnimodam
714 3013 861 3060 etiam
884 3012 1013 3060 circa
1040 3011 1377 3076 processiones
1405 3011 1597 3076 publice
1619 3011 1680 3060 ad
1712 3011 1937 3059 effectum

160 3096 452 3160 premissum
486 3095 752 3154 faciendas,
783 3111 838 3143 ac
859 3095 1026 3159 populi
1057 3095 1203 3144 etiam
1231 3095 1292 3143 ad
1319 3110 1491 3142 sonum
1530 3110 1765 3158 campane
1802 3110 1938 3143 com-

161 3179 554 3238 municationem,
579 3179 690 3226 'non
724 3178 1026 3227 obstantibus
1059 3178 1310 3242 premissis
1344 3194 1399 3226 ac
1431 3178 1854 3226 constitutionibus
1891 3182 1938 3225 et

159 3261 539 3310 ordinationibus
560 3261 854 3326 apostolicis,
873 3277 1064 3310 necnon
1079 3261 1341 3326 privilegiis
1361 3264 1409 3309 et
1429 3261 1624 3308 indultis
1646 3261 1793 3308 etiam
1816 3261 1935 3307 mari

162 3357 336 3406 magno
379 3346 666 3409 nuncupatis
687 3384 697 3403 ,
738 3345 924 3394 eisdem
968 3345 1242 3404 ordinibus,
1282 3345 1571 3406 illorumque
1617 3343 1835 3405 personis
1889 3343 1935 3389 in

157 3440 334 3484 genere
352 3427 426 3475 vel
438 3427 487 3475 in
508 3428 687 3491 specie,
707 3429 868 3476 forsan
890 3429 979 3475 sub
1001 3428 1174 3491 quibus
1184 3428 1249 3474 vis
1271 3427 1532 3475 verborum
1553 3425 1721 3472 formis
1741 3429 1787 3471 et
1804 3425 1935 3472 clau-

158 3508 272 3555 sulis
291 3509 432 3558 ctiam
453 3510 792 3571 derogatorum
814 3511 1148 3571 derogator-iis,
1174 3510 1470 3564 fortioribus,
1497 3507 1857 3554 efficacioribus
1885 3512 1932 3556 et
1990 3525 1996 3531 ·
