2228 3938
179 346 402 389 [Septembre
425 348 519 388 1503]
631 346 800 384 RERUM
836 345 1135 383 URBANARUM
1168 345 1520 383 COMMENTARII.
1892 348 1963 384 265

181 450 338 498 rensis
379 454 468 509 11;
511 452 799 501 Cusentinus
837 455 896 509 9;
940 450 1272 500 Salernitanus
1308 452 1398 508 353
1441 449 1822 513 Caputaquensis
1869 453 1956 508 16;

180 532 431 581 Cumanus
462 538 548 593 28;
593 535 912 584 Bononiensis
937 537 1021 594 33;
1053 534 1232 582 Montis
1257 533 1447 596 Regalis
1470 536 1554 591 37;
1589 532 1850 580 Perusinus
1873 536 1956 590 22;

178 619 476 667 Volteranus
503 623 582 679 153
607 621 666 667 de
692 619 849 667 Flisco
877 621 958 676 19;
990 618 1232 665 Adrianus
1257 620 1284 663 4
1306 633 1315 675 ;
1354 616 1671 681 Legionensis
1698 619 1783 675 363
1815 618 1960 664 Casa-

177 716 303 749 nova
325 705 376 760 3;
405 702 631 750 Senensis
658 705 741 761 38;
768 718 807 750 s.
841 701 1037 764 Georgii
1065 704 1080 747 1
1104 719 1113 758 ;
1143 700 1396 749 Cesarinus
1420 704 1504 758 31;
1531 700 1589 747 de
1616 699 1846 746 Farnesio
1873 702 1956 756 30;

179 784 416 832 Columna
441 789 525 840 20;
554 785 791 834 Ascanius
822 788 874 837 5:
903 784 1117 832 Medices
1143 786 1227 841 18;
1260 800 1298 831 s.
1338 783 1554 831 Severini
1590 786 1673 841 213
1700 782 1759 830 de
1782 783 1962 845 Arago-

177 867 258 914 nia
280 870 366 926 343
392 868 451 916 de
476 868 712 917 Alibretto
740 871 824 926 273
854 867 1030 931 Borgia
1053 871 1134 926 12;
1167 867 1416 915 Cornelius
1445 868 1529 923 263
1559 866 1960 929 Constantinopo-

175 949 354 998 litanus
381 954 459 1000 25.
1356 953 1360 958 ’

242 1034 326 1082 Die
348 1034 593 1094 mercurii,
628 1037 683 1082 13
709 1033 1015 1097 septembriS,
1040 1033 1221 1080 factum
1242 1032 1332 1080 fuit
1360 1032 1417 1079 de
1445 1030 1689 1079 conclavis
1713 1030 1954 1094 ingressu,

175 1117 260 1163 sed
293 1116 577 1164 mandatum
613 1116 703 1164 fuit
736 1118 793 1163 D.
831 1115 1040 1164 Johanni
1075 1115 1352 1174 Francisco,
1390 1114 1660 1162 camerario
1690 1114 1886 1177 capituli
1916 1130 1956 1161 s.

174 1199 319 1257 Petri,
343 1199 401 1246 de
417 1199 646 1247 mandato
666 1202 724 1247 D.
745 1199 1021 1258 camerarii,
1042 1199 1130 1245 sub
1146 1214 1269 1262 pena
1283 1196 1634 1261 quinquaginta
1647 1197 1953 1254 ducatorum,

173 1282 303 1345 quod
326 1282 528 1330 deberet
554 1283 636 1329 illa
661 1283 738 1330 die
771 1282 932 1330 facere
965 1298 1188 1330 amovere
1224 1298 1252 1329 a
1276 1281 1473 1329 basilica
1496 1297 1534 1327 s.
1579 1280 1706 1328 Petri
1741 1282 1958 1327 castrum

172 1364 371 1420 doloris,
401 1366 531 1428 quod
565 1365 749 1412 factum
790 1365 879 1412 fuit
910 1369 956 1412 et
987 1365 1232 1413 venditum
1264 1380 1351 1428 pro
1387 1362 1645 1411 duodecim
1676 1362 1863 1410 ducatis
1897 1363 1957 1409 de

92 1446 98 1453 “
171 1447 405 1506 carlenis3
437 1452 485 1497 et
514 1448 601 1497 fuit
626 1448 807 1496 factum
840 1449 993 1496 altare
1015 1450 1153 1512 juxta
1179 1453 1369 1512 portam
1394 1446 1599 1495 cancelli
1634 1446 1860 1493 introitus
1897 1446 1957 1492 ad

171 1530 326 1578 altare
353 1532 508 1595 majus
530 1531 727 1579 basilice
760 1548 798 1578 s.
836 1532 968 1579 Petri
992 1532 1183 1594 largum
1204 1531 1475 1594 palmorum
1501 1533 1728 1592 quatuor,
1756 1527 1957 1591 longum

170 1614 443 1676 palmorum
465 1630 640 1662 novem
669 1630 780 1662 cum
810 1614 1032 1673 dimidio,
1062 1615 1214 1662 altum
1243 1614 1521 1677 palmorum
1545 1615 1756 1675 septem3
1784 1612 1831 1658 la
1852 1627 1957 1675 pre-

169 1697 296 1744 della
328 1697 474 1761 longa
510 1697 783 1761 palmorum
823 1697 1012 1756 decem,
1047 1697 1146 1744 lata
1182 1697 1413 1759 quinque,
1449 1696 1546 1744 alto
1585 1711 1681 1743 uno
1720 1710 1832 1742 cum
1860 1711 1955 1742 uno

168 1781 323 1844 gradu
350 1784 479 1839 ante,
505 1783 552 1828 et
576 1797 603 1828 a
624 1780 861 1828 lateribus
883 1796 1034 1843 usque
1058 1781 1118 1827 ad
1136 1795 1332 1827 murum
1355 1780 1502 1827 etiam
1521 1778 1792 1826 altitudinis
1813 1779 1955 1826 unius

167 1864 315 1926 palmi
338 1863 433 1911 sive
456 1865 650 1927 gradus.
681 1864 823 1911 Posui
847 1865 987 1912 sedes
1017 1880 1107 1927 pro
1130 1862 1458 1911 cardinalibus
1488 1863 1601 1910 hinc
1628 1866 1677 1910 et
1700 1863 1838 1920 inde;
1865 1878 1953 1926 pro

168 1946 496 1994 cardinalibus
536 1947 753 1994 diaconis
785 1947 924 2010 juxta
954 1947 1231 1995 columnam
1264 1948 1312 1993 et
1351 1946 1468 1993 alias
1504 1962 1591 2009 pro
1623 1945 1864 2009 episcopis
1908 1949 1956 1994 et

166 2030 466 2094 presbyteris
489 2046 658 2078 coram
680 2046 834 2078 cornu
857 2030 1090 2094 evangelii
1115 2045 1291 2093 parum
1314 2029 1441 2076 ultra
1452 2029 1714 2092 pulpitum3
1736 2044 1826 2091 pro
1840 2042 1954 2075 ora-

164 2116 277 2161 turo
305 2114 446 2178 juxta
485 2129 735 2162 scamnum
767 2113 1106 2173 diaconorum,
1140 2129 1228 2176 per
1268 2113 1493 2176 longum,
1535 2128 1624 2176 pro
1660 2111 1862 2175 prelatis
1904 2111 1953 2158 in

166 2199 513 2256 transversum,
541 2197 590 2244 in
614 2196 710 2245 fine
736 2213 1047 2245 scamnorum
1072 2196 1479 2260 presbyterorum
1502 2194 1844 2243 cardinalium.

233 2279 315 2326 His
337 2280 523 2338 diebus,
551 2280 827 2328 cardinales
849 2280 1216 2343 Neapolitanus,
1248 2296 1286 2327 s.
1317 2279 1449 2327 Petri
1474 2279 1533 2326 ad
1551 2277 1779 2334 Vincula,
1806 2279 1953 2324 Reca-

166 2363 381 2410 natensis
405 2379 516 2411 cum
542 2363 759 2426 pluribus
790 2363 893 2410 aliis
924 2363 1270 2427 conspirarunt
1304 2365 1352 2410 et
1388 2361 1711 2425 conjurarunt
1744 2359 1873 2406 inter
1900 2375 1950 2405 se

167 2445 227 2491 de
252 2460 350 2492 non
372 2445 594 2493 faciendo
612 2461 807 2509 papam,
840 2445 915 2494 vel
941 2446 1101 2493 dando
1126 2450 1237 2493 vota
1259 2445 1386 2493 inter
1409 2461 1479 2492 se.

233 2528 405 2586 Hodie,
441 2543 500 2575 ex
534 2528 702 2576 ordine
727 2529 934 2591 collegii,
960 2529 1165 2575 recessit
1189 2545 1247 2575 ex
1284 2528 1413 2576 Urbe
1447 2527 1690 2575 Jordanus
1714 2524 1945 2591 {Ursinus

167 2611 282 2657 licet
302 2611 543 2670 infirmus,
574 2626 684 2658 cum
711 2611 858 2658 Fabio
881 2614 928 2658 et
946 2611 1068 2658 aliis.
1419 2600 1423 2603 ’

234 2694 319 2741 Die
336 2694 475 2757 jovis,
506 2697 564 2740 14
603 2694 910 2756 septembris,
946 2694 1197 2741 sollicitavi
1230 2693 1339 2742 heri
1369 2696 1416 2740 et
1447 2692 1594 2740 hodie
1626 2706 1713 2754 pro
1736 2689 1951 2754 'introitu

166 2776 408 2824 conclavis
434 2777 704 2824 cardinales
725 2777 902 2824 Montis
931 2776 1123 2840 Regalis
1149 2779 1196 2823 et
1218 2793 1256 2823 s.
1294 2775 1505 2823 Severini
1532 2775 1806 2837 deputatOS,
1831 2787 1952 2835 quo-

166 2876 273 2907 rum
299 2876 424 2907 unus
456 2860 632 2907 Montis
659 2860 850 2923 Regalis
876 2860 1165 2908 acceleravit
1188 2862 1425 2923 quantum
1458 2858 1632 2922 potuit,
1663 2874 1701 2902 S.
1733 2854 1951 2903 Severini

167 2943 476 3007 prorogavit:
507 2944 754 2992 consensit
778 2947 942 2991 tamen
965 2943 1283 3008 et‘commisit
1310 2943 1357 2989 in
1386 2958 1424 2989 S.
1456 2940 1685 2989 Praxedis
1705 2944 1752 2986 et
1774 2936 1950 2985 Montis

168 3026 358 3089 Regalis
382 3027 643 3090 presentia,
674 3027 802 3089 quod
823 3027 1021 3074 omnino
1044 3027 1120 3074 die
1144 3026 1331 3074 sabbati
1355 3026 1616 3082 intrarent,
1639 3026 1687 3070 et
1705 3021 1835 3084 quod
1852 3019 1950 3067 hoc

169 3123 279 3156 sero
305 3109 634 3157 cardinalibus
670 3110 980 3157 intimaretur
1013 3126 1101 3173 per
1128 3125 1370 3157 cursores.
1409 3107 1530 3156 Dedi
1555 3110 1819 3171 propterea
1850 3103 1945 3149 hoc

169 3206 279 3238 sero
301 3193 474 3240 Carolo
496 3193 682 3241 cursori
708 3193 932 3240 cedulam
957 3193 1140 3240 tenoris
1168 3192 1507 3255 subsequentis
1529 3210 1537 3238 :

237 3293 259 3316 «
283 3274 539 3322 Intimetur
565 3275 765 3339 singulis
800 3276 990 3322 RRmis.
1034 3278 1132 3323 DD.
1175 3274 1502 3323 cardinalibus
1534 3273 1741 3336 qualiter
1778 3267 1943 3316 RRmi.

170 3358 269 3403 DD.
295 3358 469 3404 Montis
494 3359 684 3421 Regalis
711 3362 759 3406 et
780 3375 818 3406 s.
849 3358 1060 3405 Severini
1088 3358 1358 3407 cardinales
1383 3357 1601 3419 deputati
1624 3355 1757 3402 circa
1778 3353 1949 3415 gentes

169 3454 420 3487 armorum
439 3439 658 3488 fecerunt
676 3446 861 3504 partem
884 3441 1181 3489 executionis
1199 3439 1552 3488 commissionis
1573 3438 1642 3486 eis
1666 3437 1806 3495 facte,
1833 3432 1948 3481 resi-
