2228 3938
312 426 382 461 218
917 428 1152 466 JOHANNIS
1187 427 1482 474 nummum,
1830 429 1964 470 [sumet
1986 432 2084 473 ¹502]

641 527 791 575 Tritos
816 543 891 576 vos
910 530 1093 594 faciens
1114 545 1216 576 mea
1233 529 1418 592 rapina,

635 611 854 659 Nauium
876 619 931 659 ut
944 613 1200 677 fraudibus
1223 612 1421 660 involem
1447 611 1674 660 Clzaronti

634 695 827 759 Simque
848 695 954 743 auri
972 712 1118 744 novus
1140 696 1308 762 inferis
1328 695 1528 743 abactor.

375 778 519 826 Aliud
549 794 558 826 :

503 886 779 935 Morborum
806 887 957 935 rabies
976 888 1298 937 Mutinensem
1323 890 1575 946 invaserat,
1601 889 1763 952 etjam

602 971 828 1035 Raptum
848 972 1100 1020 attonitum
1120 988 1244 1021 mors
1266 980 1368 1021 erat
1385 980 1488 1020 atra
1509 981 1666 1035 eaput.

506 1053 610 1102 Hee
635 1062 789 1103 tamen
808 1054 942 1103 haud
956 1056 1097 1103 sentit
1118 1074 1135 1103 :
1151 1057 1287 1122 fulvo
1306 1063 1495 1104 tantum
1513 1055 1704 1104 incubat
1724 1071 1839 1104 auro

607 1138 749 1196 Quod
763 1138 891 1186 labor
912 1140 1160 1203 ayqressih
1179 1139 1421 1204 flaqitium
1437 1139 1642 1203 peperit.

508 1223 663 1281 Quam
685 1223 798 1271 bene
822 1226 1018 1271 cuneta!
1041 1223 1146 1271 Deo
1158 1223 1344 1286 placuit
1365 1223 1441 1271 eui
1452 1224 1554 1288 fine
1573 1223 1675 1271 sine
1694 1223 1789 1270 ullo

645 1307 751 1356 Vita
771 1306 849 1365 Sit,
874 1315 927 1354 ut
941 1314 1120 1371 pereat,
1145 1322 1240 1354 non
1263 1321 1439 1354 memor
1457 1308 1556 1369 ipse
1575 1306 1666 1355 sui.

370 1391 511 1439 Aliud
535 1407 544 1438 ε

502 1497 614 1545 Jam
635 1499 815 1546 laniata
833 1499 944 1561 lupo
965 1515 1070 1546 seva
1096 1498 1297 1546 lacerata
1323 1497 1541 1562 fereque.

643 1582 784 1641 Quod
806 1581 888 1630 tibi
914 1582 979 1629 ad
994 1582 1195 1629 urticam
1220 1580 1405 1628 eredere
1427 1581 1583 1630 Roma
1594 1585 1764 1644 potes?

367 1665 512 1714 Aliud
539 1682 548 1714 ε

501 1773 657 1821 Passa
678 1773 778 1838 lupi
796 1773 972 1833 dentes,
997 1774 1245 1839 dirumque
1262 1775 1311 1822 in
1336 1774 1511 1822 viscera
1531 1775 1740 1840 ferrum,

641 1856 800 1906 Urtiee
819 1857 1032 1906 stimulos
1049 1874 1110 1906 ne
1130 1858 1215 1906 tibi
1232 1858 1389 1906 Roma
1415 1859 1540 1906 time.

371 1940 513 1989 Aliud
544 1957 553 1988 :

501 2047 688 2111 Hospes
706 2063 946 2096 sacrorum
960 2049 1095 2112 jacet
1122 2050 1197 2097 lzie
1220 2058 1448 2098 mereator

630 2131 780 2180 Hune
800 2148 935 2180 saera
959 2140 1096 2180 tuens
1115 2133 1218 2181 sine
1237 2149 1387 2182 merce
1405 2150 1542 2197 spera
1555 2133 1635 2200 (1).

373 2251 593 2301 Relatum
620 2257 693 2302 est
723 2255 841 2303 mihi
862 2256 1075 2319 quodam
1104 2271 1247 2304 mane
1273 2259 1515 2320 repertam
1538 2255 1684 2304 fuisse
1708 2256 1757 2304 in
1785 2255 1941 2320 primo
1963 2256 2089 2304 ostio

308 2351 614 2385 camerarum
651 2338 859 2402 predicti
900 2339 1142 2402 quondam
1186 2339 1443 2388 cardinalis
1482 2339 1772 2388 Mutinensis
1813 2339 1863 2388 in
1905 2339 2087 2403 palatio

308 2421 573 2484 apostolico
609 2421 803 2470 affixam
843 2422 1063 2470 cedulam
1094 2422 1241 2471 verba
1284 2423 1535 2486 sequentia
1573 2422 1904 2471 continentem
1939 2437 1950 2469 ε
1988 2421 2085 2469 Bos

309 2503 445 2564 bona,
471 2513 595 2553 terra
614 2521 795 2569 eorpus,
820 2505 947 2569 Styx
968 2507 1193 2555 animam.

375 2590 606 2637 Preterea
640 2589 751 2650 hee,
796 2593 1106 2639 asseruerunt
1130 2590 1390 2652 quemdam
1432 2589 1619 2638 Gallum
1645 2589 1693 2637 in
1724 2589 1890 2638 tinello
1928 2591 1984 2638 R.
2023 2590 2082 2638 D.

310 2672 662 2736 archiepiscopi
684 2673 916 2738 Ragusini
943 2673 1154 2722 fabulam
1179 2673 1432 2731 recitasse3
1462 2673 1786 2722 Mutinensem
1808 2673 1998 2721 venisse
2025 2673 2082 2721 ad

308 2759 471 2819 portas
497 2755 605 2815 celi,
635 2757 852 2820 pulsasse
881 2760 933 2805 ut
959 2757 1166 2806 intraret
1190 2772 1394 2820 regnum
1427 2756 1530 2804 Dei.
1562 2757 1648 2804 Cui
1677 2759 1848 2804 Petrus
1879 2772 1889 2803 ε
1924 2776 1946 2800 «
1975 2756 2081 2815 Hie,

307 2840 414 2902 quis
439 2839 628 2903 pulsat?
657 2860 678 2884 »
697 2840 961 2905 Respondit
980 2841 1061 2889 ille
1082 2857 1091 2888 :
1121 2861 1142 2885 «
1168 2841 1455 2890 Mutinensis
1475 2857 1602 2889 sum.
1623 2859 1645 2883 »
1668 2839 1795 2888 Dixit
1811 2840 1855 2888 ei
1878 2842 2077 2887 Petrus:

354 3011 387 3046 1.
410 3010 479 3047 Les
508 3022 598 3047 mss.
621 3015 657 3048 et
687 3012 825 3048 Eecard
858 3013 1020 3050 donnent
1049 3011 1191 3050 ensuite
1210 3023 1260 3049 un
1286 3010 1447 3061 distique
1475 3010 1596 3049 visent
1621 3009 1824 3048 Alexandra
1847 3007 1916 3056 VI;
1936 3018 1978 3044 ce
2007 3007 2083 3045 dis-

306 3068 406 3118 tique
425 3069 599 3119 inter-pole
620 3082 641 3107 a
661 3074 716 3108 ete
737 3071 920 3120 supprime
944 3083 953 3110 z
987 3070 996 3077 '

677 3167 803 3200 Seaetus
820 3169 1039 3211 Tarquinius,
1057 3169 1184 3202 Sextus
1199 3169 1288 3201 Nero
1308 3168 1433 3201 Sextus
1453 3169 1484 3200 et
1502 3166 1573 3207 itte,

677 3220 791 3254 Sextis
809 3225 944 3264 quanta
963 3221 1027 3255 tibi
1043 3222 1150 3255 Roma
1165 3222 1271 3255 ruina
1287 3222 1372 3264 fuit.

353 3309 400 3347 Ce
419 3308 609 3347 deuxieme
631 3321 714 3347 vers
734 3322 756 3347 a
774 3321 845 3347 une
864 3310 1026 3348 variante
1049 3321 1059 3348 :

1097 3410 1494 3422 ·········

758 3440 899 3484 Semper
918 3441 980 3474 sub
999 3441 1112 3475 Sextis
1131 3442 1269 3484 perdita
1290 3442 1395 3475 Roma
1413 3442 1497 3484 fult.

351 3530 445 3579 Voy.
466 3530 517 3568 les
536 3532 630 3569 Acta
654 3533 838 3579 Paparum
857 3533 901 3570 de
922 3532 1080 3582 Zeigler.
