2228 3938
154 359 383 401 [septembre
406 360 497 399 1500]
598 357 767 395 RERUM
801 353 1104 394 URBANARUM
1138 354 1490 394 COMMENTARH.
1893 363 1940 395 79

158 462 532 511 commemoravi
569 460 759 527 agenda
797 458 847 508 in
886 459 1080 524 publico
1116 458 1337 523 proximo
1378 459 1686 520 consistoriO,
1725 465 1771 510 et
1809 463 1939 526 Papa

158 546 322 595 omnia
342 544 447 595 fieri
469 545 664 605 debere,
686 546 830 609 prout
850 543 900 591 in
920 557 1043 592 novo
1062 543 1375 592 ceremoniali
1394 543 1616 593 habetur.

222 630 362 681 Feria
388 634 539 691 sexta,
580 631 608 678 2
640 628 822 678 mensis
854 629 1086 689 octobris,
1122 629 1252 692 Papa
1278 628 1438 676 vocari
1468 627 1583 677 fecit
1611 629 1670 678 ad
1700 646 1751 677 se
1782 630 1940 679 cardi—

156 715 291 764 nales
312 714 553 779 antiquOS,
579 727 689 763 cum
711 713 884 777 quibus
905 713 1120 762 tractavit
1148 713 1207 762 de
1236 712 1484 762 creatione
1507 713 1778 777 aliquorum
1805 714 1940 778 lega-

161 803 317 848 torum
346 794 403 848 e'x
430 799 563 847 novis
588 796 928 858 cardinalibus,
964 801 1011 845 et
1037 796 1123 845 fuit
1150 797 1433 846 conclusum
1461 798 1589 860 quod
1610 797 1738 846 dicta
1759 798 1940 847 creatio

155 882 428 949 legatorum
467 881 748 948 hujusmodi
787 884 1135 946 prorogaretur
1172 897 1258 930 seu
1305 880 1687 946 suspenderetur
1721 882 1781 930 ad
1813 882 1940 930 aliud

159 973 364 1033 tempus,
388 966 518 1033 quod
538 970 586 1016 et
606 966 788 1015 factum
812 970 902 1015 est.
936 968 1066 1030 Papa
1090 964 1265 1014 deinde
1294 964 1425 1014 venit
1445 965 1507 1013 ad
1529 979 1773 1015 cameram
1796 980 1941 1030 papa-

157 1050 286 1116 galli‚
323 1051 404 1100 ubi
433 1048 640 1115 receptis
667 1049 961 1115 paramentis
991 1049 1142 1098 solitis
1174 1049 1305 1098 venit
1336 1049 1396 1098 ad
1431 1049 1592 1098 aulam
1626 1049 1817 1098 tertiam
1853 1065 1941 1114 pro

157 1134 347 1200 publico
366 1135 654 1184 consistorio
675 1138 911 1199 paratam.

226 1219 428 1269 Interim
451 1235 535 1268 sex
555 1217 664 1268 novi
687 1219 954 1269 cardinales
976 1216 1056 1283 qui
1080 1234 1131 1268 se
1152 1216 1201 1267 in
1223 1234 1419 1268 camera
1437 1218 1723 1268 Mutinensis
1745 1233 1945 1283 congre-

160 1308 407 1368 gaverant,
434 1309 670 1354 venerunt
691 1305 739 1354 in
768 1318 937 1353 eorum
970 1301 1136 1367 cappis
1163 1303 1224 1351 ad
1255 1318 1452 1368 parvam
1487 1302 1722 1367 capellam
1758 1317 1846 1367 pro
1876 1302 1946 1350 eis

160 1388 447 1438 ordinatam.
488 1390 635 1454 Papa,
674 1388 883 1454 receptis
920 1386 1130 1451 antiquis
1158 1385 1484 1436 cardinalibus
1520 1386 1580 1435 ad
1608 1387 1943 1445 reverentiam,

159 1489 296 1521 more
319 1472 480 1534 solito,
501 1472 722 1523 recitavit
744 1478 792 1522 et
810 1470 1072 1536 publicavit
1093 1486 1145 1520 se
1167 1469 1349 1518 dudum
1378 1473 1477 1518 tres
1506 1484 1656 1518 novos
1677 1470 1946 1519 cardinales

161 1571 374 1614 creasse,
404 1555 628 1605 videlicet
658 1555 896 1605 Didacum
922 1555 982 1604 de
1012 1553 1288 1613 Mendozza,
1320 1553 1742 1618 archiepiscopum
1775 1554 1946 1619 Hispa—

157 1638 365 1699 lensem,
393 1640 666 1687 Amaneum
695 1638 753 1686 de
778 1637 975 1687 Albreto
998 1644 1044 1687 et
1071 1635 1367 1685 Ludovicum
1389 1638 1635 1702 Borgiam,
1660 1643 1945 1702 protonota-

161 1721 288 1770 rium
325 1723 667 1788 apostolicum,
705 1729 752 1773 et
784 1722 834 1770 in
871 1723 1041 1771 ultimo
1088 1720 1377 1771 consistorio
1416 1738 1590 1772 novem
1630 1723 1752 1772 alios
1779 1709 1946 1772 'cardi-

162 1805 296 1856 nales
325 1808 717 1872 pronuntiavisse
739 1807 821 1873 qui
852 1810 963 1856 sunt
994 1807 1216 1871 superius
1251 1809 1312 1854 29
1346 1805 1633 1871 septembris
1663 1822 1773 1855 cum
1794 1807 1944 1856 tribus

160 1890 414 1941 nominati.

224 1977 328 2032 Quo
363 1975 508 2036 sacto,
549 1976 679 2040 Papa
707 1973 826 2023 dixit
857 1973 976 2022 mihi
1005 1975 1135 2038 quod
1168 1973 1290 2023 irem
1326 1990 1414 2040 pro
1447 1973 1584 2024 novis
1619 1974 1943 2026 cardinalibus

158 2062 206 2107 et
238 2056 366 2123 quod
410 2058 606 2108 interim
641 2058 903 2108 advocatus
943 2063 1240 2124 proponeret
1278 2059 1487 2124 primam
1522 2058 1939 2111 commissionem.

157 2142 400 2207 Respondi
438 2145 564 2208 Pape
596 2142 988 2208 propositionem
1019 2143 1382 2193 commissionis
1419 2144 1500 2193 hic
1532 2161 1630 2194 non
1664 2146 1940 2207 convenire,

157 2225 242 2273 sed
264 2225 441 2274 debere
465 2226 602 2291 sequi
627 2227 687 2275 ad
708 2243 858 2277 novos
880 2226 1150 2278 cardinales
1172 2226 1558 2278 admonitionem
1581 2229 1789 2279 solitam.
1816 2233 1946 2295 Papa

158 2308 428 2374 replicavit:
472 2330 494 2355 «
526 2310 594 2359 sic
629 2311 884 2361 volumus!
922 2332 944 2356 »
986 2310 1206 2362 Conticui
1248 2318 1296 2364 et
1336 2314 1514 2363 obedii.
1555 2317 1612 2362 D.
1657 2313 1942 2364 Octavianus

155 2393 408 2457 proposuit
437 2394 648 2459 primam
678 2393 1097 2455 commissionem,
1135 2395 1328 2445 interim
1353 2396 1465 2446 dato
1494 2398 1633 2462 signo
1660 2397 1872 2447 Medices
1897 2403 1944 2447 et

157 2477 387 2527 Farnesio
423 2467 640 2528 diaconis
670 2483 719 2528 et
744 2481 973 2543 Capuano
1011 2480 1182 2530 ultimo
1216 2481 1543 2530 cardinalibus
1570 2480 1700 2546 quod
1727 2481 1945 2531 venirent

156 2575 244 2625 pro
267 2561 421 2610 noviS.

221 2646 353 2710 Papa
379 2643 545 2695 videns
576 2645 760 2696 vocavit
789 2663 868 2696 me
905 2651 953 2696 et
978 2647 1130 2697 voluit
1164 2648 1294 2712 quod
1335 2649 1566 2698 ducerem
1596 2652 1695 2698 tres
1733 2647 1853 2698 alios
1883 2647 1944 2698 de

157 2730 363 2794 antiquis
385 2747 473 2796 pro
501 2732 636 2781 novis
667 2731 989 2781 cardinalibus
1020 2736 1072 2780 ut
1104 2738 1268 2783 essent
1294 2738 1366 2783 tot
1392 2749 1596 2783 numero
1624 2732 1806 2798 antiqui
1828 2736 1946 2796 quot

155 2815 292 2875 novi3
318 2821 557 2865 venerunt
576 2815 724 2881 igitur
745 2831 802 2864 ex
823 2814 1032 2880 antiquis
1056 2833 1094 2865 S.
1122 2818 1308 2879 Crucis,
1336 2818 1614 2878 GurcensiS,
1640 2817 1721 2882 qui
1739 2817 1945 2882 ingressi

156 2898 316 2947 aulam
338 2899 631 2960 consistorii,
657 2899 873 2950 Medices
902 2913 1014 2950 cum
1042 2901 1322 2962 Arborensi,
1355 2903 1575 2953 fecerunt
1602 2901 1942 2963 reverentiam,

158 2981 376 3034 similiter
410 2985 682 3034 successive
716 2982 795 3034 alii
830 2999 1018 3046 omneS,
1058 2988 1311 3051 Capuanus
1346 3003 1455 3036 cum
1493 2987 1772 3048 Cusentin0‚
1803 2986 1944 3052 Agri-

157 3068 384 3133 gentinus
407 3086 519 3119 cum
542 3069 868 3131 Salernitano,
894 3069 1155 3121 Gurcensis
1178 3087 1289 3121 cum
1312 3073 1671 3138 Caputaquensi
1694 3077 1739 3121 et
1763 3087 1802 3119 s.
1828 3075 1945 3121 Cru-

158 3152 226 3200 cis
260 3168 373 3202 cum
406 3153 688 3213 Mutinensi,
725 3152 836 3202 novi
871 3152 1147 3205 cardinales
1182 3173 1210 3205 a
1240 3157 1420 3206 dextris
1456 3157 1784 3221 antiquorum,
1821 3155 1949 3220 quod

160 3235 305 3284 etiam
343 3235 471 3302 Pape
518 3253 618 3287 non
659 3236 860 3303 placuit,
910 3236 991 3301 qui
1036 3239 1228 3288 volebat
1271 3240 1494 3305 antiquos
1534 3257 1644 3290 esse
1681 3255 1708 3290 a
1747 3237 1949 3297 dextris,

159 3332 305 3366 novos
327 3335 356 3367 a
381 3319 603 3381 sinistris,
632 3325 680 3369 et
697 3336 796 3369 non
820 3315 963 3370 hene.

226 3403 279 3448 In
319 3401 517 3452 introitu
558 3404 835 3453 consistorii
875 3403 1102 3455 similiter
1134 3406 1263 3456 facta
1300 3411 1373 3456 est
1401 3423 1490 3472 per
1527 3405 1768 3472 predictos
1799 3403 1950 3454 cardi-

161 3483 294 3532 nales
320 3486 590 3535 successive
623 3489 910 3549 reverentia,
943 3494 991 3538 et
1020 3489 1172 3540 locavi
1203 3491 1473 3540 successive
1503 3507 1652 3540 novos
1674 3489 1944 3539 cardinales
