2254 3944
386 381 443 439 16-
994 378 1230 414 JOHANNIS
1264 375 1562 422 BURCHARDI,
1892 372 2050 417 [Fevri'er
2072 379 2167 418 1500]

386 482 465 529 ubi
489 481 787 544 pernoctavit
806 496 815 527 :
840 480 1050 528 habebat
1071 495 1219 543 equos
1242 479 1629 543 quatuordecim.
1651 477 1903 525 Dominica
1924 479 2163 541 sequenti,

386 566 515 613 venit
538 565 586 611 in
612 565 812 611 domum
837 579 1014 622 meam,
1041 563 1090 610 in
1114 579 1209 626 qua
1231 564 1501 627 hospitatus
1527 567 1616 610 est.

445 648 584 695 Feria
615 647 799 710 quinta,
828 650 888 695 20
921 647 1140 710 ejusdem
1173 647 1353 694 mensis
1385 646 1631 705 februarii,
1667 649 1721 693 R.
1760 648 1810 693 Ρ.
1839 648 1896 693 Ι).
1929 646 2164 694 Antonius

387 735 622 791 Bavanus,
660 730 914 794 episcopus
941 730 1243 789 Parentinus,
1270 731 1498 794 magister
1530 731 1703 777 domus
1739 729 1996 777 cardinalis
2028 731 2167 777 Cesa-

385 814 492 874 rini,
527 814 652 874 heri,
687 819 740 861 ut
773 814 1041 872 dicebatur,
1077 818 1212 877 peste
1249 815 1472 873 infectus,
1512 813 1641 860 diem
1674 812 1845 860 clausit
1869 816 2161 860 extremum:

385 899 551 947 nescio
590 897 669 945 uhi
708 914 799 945 nec
844 912 939 959 quo
982 898 1127 944 modo
1165 898 1396 961 sepultus,
1442 894 1819 960 cum‘patronus
1857 912 1970 943 suus
2007 901 2168 944 careat

386 982 517 1030 omni
543 981 758 1030 bonitate
784 985 830 1028 et
855 981 1167 1028 humanitate.
1195 982 1484 1043 Requiescat
1507 982 1556 1028 in
1582 996 1716 1044 pace.

452 1065 717 1114 Dominicis
760 1067 815 1112 16
848 1069 896 1112 et
933 1067 991 1112 23
1025 1065 1167 1128 hujus
1204 1065 1385 1112 mensis
1410 1064 1656 1123 februarii,
1686 1067 1878 1112 ostensa
1908 1064 2013 1124 fuit,
2047 1065 2168 1112 hora

386 1149 532 1196 misse
558 1148 774 1211 majoris,
802 1147 851 1194 in
890 1147 1089 1195 basilica
1115 1163 1153 1194 s.
1184 1147 1331 1207 Petri,
1364 1146 1606 1196 Veronica
1637 1147 1839 1210 populo;
1870 1150 1942 1194 est
1972 1146 2166 1195 ordina-

391 1236 491 1280 tum
519 1248 606 1295 pro
634 1231 834 1295 singulis
859 1231 1030 1278 diebus
1056 1230 1311 1278 dominicis
1342 1231 1621 1278 ostendatur
1644 1236 1841 1294 propter
1872 1246 2167 1278 concurren-

389 1316 503 1363 tiam
530 1315 695 1379 populi
721 1331 807 1378 per
832 1319 983 1362 totum
1009 1315 1139 1362 hunc
1166 1330 1345 1362 annum
1366 1314 1554 1377 jubilei.

455 1399 592 1447 Feria
621 1400 852 1457 secunda,
892 1398 952 1445 24
992 1398 1107 1447 dicti
1144 1398 1343 1455 mensis,
1381 1402 1544 1445 orat01
1578 1397 1739 1461 Magni
1771 1397 1911 1445 Turci
1943 1370 2167 1460 equitavit

391 1483 451 1530 ad
475 1482 707 1545 palatium
733 1482 1052 1545 apostolieum
1077 1486 1129 1528 ut
1153 1497 1180 1528 a
1205 1482 1287 1529 SS.
1328 1483 1384 1528 D
1414 1485 1579 1528 nostro
1606 1480 1871 1540 audiietur,
1899 1480 2166 1529 associatus

387 1565 446 1612 ab
473 1570 662 1612 oratore
697 1567 1019 1622 Venetorum,
1061 1564 1228 1611 nescio
1265 1565 1510 1626 quomodo
1535 1564 1606 1611 vel
1638 1564 1829 1625 quando
1860 1563 2053 1611 intravit
2083 1566 2167 1612 Ur-

386 1648 512 1707 bem,
542 1647 622 1711 qui
647 1647 742 1695 hoc
767 1647 976 1711 primum
1002 1647 1157 1695 audivi
1182 1648 1241 1694 de
1269 1663 1326 1694 eo
1349 1647 1567 1694 verbum.

447 1731 532 1779 Die
560 1734 618 1779 25
646 1731 866 1793 ejusdem
892 1731 1073 1779 mensis
1096 1730 1321 1778 februarii
1348 1730 1490 1777 affixa
1514 1729 1707 1776 fuerunt
1729 1728 1779 1776 in
1803 1729 2002 1777 basilica
2027 1745 2165 1792 apos-

386 1814 595 1862 tolorum
635 1818 681 1861 et
719 1814 1056 1861 Lateranensis
1099 1813 1242 1861 valvis
1291 1813 1449 1863 littere
1488 1812 1750 1876 apostolice
1804 1828 1896 1875 que
1946 1815 1972 1859 5
2021 1811 2166 1875 hujus

387 1896 598 1961 [mensis]
626 1896 675 1943 in
707 1897 952 1944 audientia
976 1897 1387 1945 contradictarum
1407 1897 1531 1944 lecte
1551 1896 1758 1954 fuerant,
1785 1895 1934 1958 quod,
1963 1895 2163 1942 durante

385 1979 480 2027 hoc
516 1979 853 2043 annojubilei,
896 1979 965 2026 vie
1003 1984 1050 2026 et
1083 1980 1294 2042 hospitia
1329 1980 1447 2026 fiant
1478 1994 1650 2026 secura
1680 1993 1767 2041 pro
1801 1977 2083 2040 Romipetis,
2119 1980 2166 2023 et

385 2063 661 2111 decernitur
684 2063 913 2111 vassallos
938 2062 1091 2110 teneri
1118 2063 1178 2110 ad
1211 2063 1389 2109 damna
1415 2066 1462 2109 et
1485 2061 1590 2108 fieri
1624 2066 1792 2109 contra
1828 2076 1910 2109 eos
1948 2075 2164 2123 represa-

383 2146 488 2195 lias.
518 2149 676 2194 Tenor
700 2147 874 2195 harum
900 2146 1171 2194 litterarum
1198 2146 1304 2193 talis
1331 2149 1403 2193 est
1428 2145 1490 2209 (1)
1520 2161 1529 2192 ε

453 2231 589 2278 Bulla
613 2234 782 2279 contra
807 2230 1127 2294 impedientes
1154 2230 1432 2293 Romipetas
1457 2245 1583 2277 anno
1604 2231 1790 2294 jubilei.

451 2314 723 2362 Alexander
753 2313 1025 2377 episcopus,
1062 2329 1222 2360 servus
1252 2328 1495 2360 servorum
1521 2313 1623 2371 Dei,
1654 2315 1713 2361 ad
1739 2314 1948 2378 futuram
1975 2315 2044 2362 rei
2067 2330 2166 2362 me-

386 2397 608 2445 moriam.
638 2400 769 2444 Inter
791 2396 963 2444 'cetera
991 2413 1082 2459 que
1115 2396 1254 2443 nobis
1280 2413 1337 2442 ex
1362 2396 1659 2459 apostolatus
1693 2398 1853 2445 officio
1883 2398 2164 2445 incumbere

389 2480 632 2528 cernimus
665 2482 711 2527 et
742 2495 944 2542 quorum
969 2495 1057 2528 nos
1083 2495 1196 2527 cura
1231 2478 1471 2536 sollicitat,
1509 2478 1636 2526 circa
1657 2479 1737 2527 illa
1764 2481 2016 2543 potissime
2052 2480 2165 2544 vigil

390 2562 612 2626 dirigitur
654 2565 818 2610 nostre
858 2563 1034 2609 mentis
1071 2563 1290 2620 affectus,
1332 2578 1417 2625 per
1454 2578 1545 2624 que
1584 2565 1637 2609 ut
1673 2562 1847 2610 Christi
1885 2563 2054 2611 fideles
2084 2563 2164 2626 qui

389 2645 634 2709 precipue,
666 2645 761 2693 hoc
788 2660 926 2693 sacro
945 2645 1114 2709 jubilei
1139 2661 1265 2693 anno
1296 2645 1523 2703 instante,
1556 2661 1613 2692 ex
1638 2645 1840 2693 diversis
1865 2645 2032 2694 mundi
2060 2661 2166 2709 par-

390 2727 516 2776 tibus
553 2729 613 2775 ad
652 2728 827 2775 almam
867 2728 1045 2776 Urbem
1077 2744 1424 2789 romanamque
1464 2728 1646 2776 curiam
1685 2744 1772 2790 pro
1810 2727 2163 2791 conspiciendis

390 2809 700 2873 indulgentiis
739 2826 767 2857 a
806 2810 1022 2857 romanis
1068 2810 1377 2873 pontificibus
1422 2809 1845 2872 predecessoribus
1892 2809 2069 2856 nostris
2115 2812 2163 2857 et

389 2893 527 2940 nobis
566 2909 651 2956 pro
690 2893 1035 2955 expurgatione
1078 2895 1390 2956 peccatorum
1433 2892 1676 2940 concessis
1712 2907 1810 2940 non
1854 2892 1955 2939 sine
1993 2908 2163 2955 parum

390 2958 681 3021 discrimine⁴
699 2977 747 3021 et
777 2990 1092 3037 personarum
1130 2990 1325 3022 suarum
1362 2974 1586 3038 periculis
1610 2975 1659 3021 in
1684 2990 1888 3022 numero
1914 2974 2163 3021 confluunt

391 3055 604 3119 copioso,
641 3059 827 3103 secrete
861 3059 908 3103 et
942 3057 1099 3119 quiete
1126 3057 1305 3120 absque
1338 3058 1498 3120 aliqua
1525 3058 1810 3121 predonum,
1844 3057 2085 3105 latronum
2116 3059 2164 3104 et

392 3151 725 3201 perversorum
774 3155 830 3186 ac
884 3139 1252 3203 nephandorum
1302 3140 1555 3188 hominum
1613 3140 1693 3204 qui
1747 3140 1915 3187 hostes
1973 3138 2162 3203 generis

390 3220 589 3268 humani
630 3222 944 3284 suggestione
984 3223 1187 3282 seducti,
1228 3224 1510 3287 peregrinos
1558 3226 1604 3270 et
1643 3223 1760 3271 alios
1804 3221 2083 3285 Romipetas
2114 3222 2163 3269 in

392 3303 476 3350 viis
512 3304 717 3367 publicis
749 3307 796 3351 et
837 3304 941 3352 aliis
977 3305 1095 3353 locis
1132 3306 1354 3369 spoliare,
1389 3306 1610 3354 invadere
1648 3309 1695 3353 et
1726 3305 1868 3353 etiam
1906 3304 2165 3353 crudeliter

392 3485 408 3520 f
431 3427 476 3519 ll.
505 3427 608 3532 (Jette
628 3426 724 3464 bulte
745 3427 841 3464 n'est
861 3429 1001 3465 (lonnee
1021 3441 1091 3477 que
1113 3441 1176 3477 par
1202 3430 1234 3466 le
1255 3443 1344 3467 mss.
1367 3432 1411 3467 de
1432 3431 1602 3467 Florence
1625 3431 1706 3475 150,
1728 3430 1753 3467 f.
1777 3431 1857 3475 177,
1883 3434 1918 3467 et
1942 3429 1974 3466 le
1996 3430 2086 3467 1516
2104 3430 2160 3475 (n.

408 3496 428 3520 o
446 3489 513 3522 1ote
539 3515 547 3523 .
