2254 3944
382 385 424 420 14
985 384 1219 422 ιΙΟΗΑΝΝΙΞ,
1253 383 1549 427 BURCHARDI,
1880 385 2039 426 [Fevrier
2059 388 2154 429 15⁰⁰]
2178 352 2181 355 '

378 484 762 549 Calagurstanus,
803 485 1036 549 magister
1057 485 1228 535 domus
1252 487 1414 551 palatii
1441 486 1693 551 apostolici
1716 480 1779 535 de*
1801 487 1895 535 fide
1922 491 1968 535 et
1991 487 2152 535 heresi

380 574 662 633 suspectus;
705 573 751 617 et
787 569 1101 618 commissum
1135 586 1338 619 examen
1373 571 1478 635 ejus
1509 575 1555 619 et
1592 587 1850 634 processus
1900 570 2150 619 instructio

377 656 430 701 R.
457 655 513 701 D.
545 655 687 701 Petro
713 652 1078 718 archiepiscopo
1103 655 1306 719 Regino,
1334 655 1458 704 alme
1484 655 1623 704 Urbis
1648 655 1978 719 gubernatori,
2006 657 2149 703 Petro

375 737 687 786 Cesanatensi
719 736 964 801 episcopo,
1005 738 1136 786 curie
1173 755 1426 787 causarum
1457 755 1649 788 camere
1686 738 1950 803 apostolice
1986 737 2148 802 palatii

375 821 625 886 apostolici
650 821 946 869 auditoribus
970 821 1131 870 locum
1154 823 1448 872 tenentibus.
1479 823 1585 883 Qui,
1605 827 1657 871 ut
1681 822 1740 871 ab
1757 838 1852 871 uno
1874 822 2147 870 auditorum

373 910 541 970 postea
566 905 795 966 intellexi,
826 905 1049 970 produxit
1072 922 1160 970 pro
1188 908 1475 971 purgatione
1501 924 1586 956 sua
1612 911 1810 955 centum
1837 911 2003 965 testeS‚
2032 922 2149 969 quo-

373 1007 481 1040 rum
511 989 670 1038 nullus
699 989 787 1039 fuit
810 990 891 1054 qui
919 1007 1017 1039 non
1046 991 1312 1055 deponeret
1337 991 1515 1055 aliquid
1540 995 1709 1040 contra
1739 1006 1868 1039 eum.
1898 993 2146 1038 Assertum

372 1080 532 1124 autem
549 1074 635 1122 fuit
659 1075 786 1123 inter
805 1075 896 1123 alia
911 1074 1069 1139 ipsum
1088 1075 1226 1123 fateri
1245 1079 1291 1123 et
1317 1075 1476 1123 dicere
1491 1076 1650 1139 legem
1672 1090 1948 1140 mosaycam
1963 1073 2145 1122 habere

373 1176 522 1209 unum
549 1158 857 1223 principium,
888 1158 1198 1207 christianam
1224 1164 1387 1207 autem
1412 1158 1519 1218 tria,
1550 1159 1703 1207 Patris
1723 1162 1770 1206 et
1794 1158 1899 1206 Filii
1925 1162 1972 1206 et
1995 1157 2147 1221 Spiri-

370 1249 445 1292 tus
474 1241 652 1302 Sancti,
670 1242 918 1291 Christum
942 1258 1138 1307 passum
1164 1258 1258 1291 non
1284 1258 1408 1302 esse,
1428 1242 1466 1290 si
1493 1247 1566 1290 est
1582 1244 1734 1300 Deus3
1760 1241 1943 1290 orando
1969 1239 2143 1289 dixisse

366 1328 520 1392 qloria
549 1327 709 1387 Patri,
729 1327 908 1376 omisso
933 1327 1056 1374 Filio
1085 1330 1133 1374 et
1163 1326 1347 1390 Spiritu
1379 1335 1564 1385 san0t03
1596 1355 1659 1362 --
1685 1326 1859 1374 fecisse
1887 1324 2143 1389 prandium

365 1414 626 1474 antequam
654 1410 920 1458 celebraret
944 1426 953 1469 ;
982 1438 1045 1445 —
1068 1410 1257 1458 veneris
1286 1414 1449 1458 sancte
1475 1414 1521 1458 et
1553 1409 1656 1457 aliis
1688 1409 1856 1458 diebus
1886 1407 2142 1472 prohibitis

365 1494 636 1543 comedisse
664 1509 884 1553 carnem3
911 1493 1317 1557 —indulgentias
1340 1493 1460 1551 nihil
1497 1509 1603 1542 esse
1629 1493 1699 1540 vel
1731 1492 1941 1557 operari,
1962 1490 2047 1539 sed
2067 1490 2142 1538 in-

362 1582 525 1626 ventas
552 1593 580 1626 a
611 1578 829 1626 Patribus
854 1592 942 1641 pro
969 1592 1136 1625 eorum
1161 1578 1443 1635 commodo;
1463 1606 1527 1612 —
1543 1593 1641 1626 non
1666 1593 1772 1625 esse
1798 1576 2042 1624 infernum
2064 1573 2140 1622 vel

364 1661 717 1726 purgatorium,
748 1660 833 1708 sed
857 1660 1135 1725 paradisum
1160 1665 1364 1722 tantum,
1388 1665 1435 1709 et
1457 1661 1609 1709 multa
1633 1661 1741 1709 alia.

428 1746 607 1794 Diebus
634 1744 894 1810 preteritiS,
928 1745 1209 1793 nunciatum
1241 1745 1331 1794 fuit
1356 1748 1507 1793 Rome
1537 1745 1797 1793 Alemanos
1823 1758 1934 1791 cum
1964 1755 2141 1805 magna

359 1831 573 1895 potentia
590 1830 777 1878 venisse
806 1830 866 1877 ad
888 1829 1049 1877 lacum
1076 1833 1361 1890 Comanum,
1391 1829 1520 1893 quod
1551 1831 1607 1877 D.
1638 1828 1949 1886 Philibertus,
1977 1829 2139 1881 orator

361 1914 656 1963 serenissimi
694 1916 1024 1962 Romanorum
1061 1914 1187 1977 regis
1225 1913 1344 1962 dixit
1380 1913 1636 1970 Pontifici;
1665 1912 1819 1961 nullas
1858 1916 2037 1961 tamem
2077 1908 2136 1957 de

357 1998 453 2047 hoc
475 1998 658 2046 litteras
683 1998 867 2046 habuit.

423 2081 612 2130 Dictum
642 2096 832 2144 quoque
858 2081 943 2129 fuit
970 2080 1028 2128 de
1061 2080 1322 2129 concordia
1350 2080 1477 2128 inter
1504 2079 1677 2129 ducem
1701 2079 1977 2138 Mediolani,
2007 2079 2134 2143 epis-

357 2180 531 2230 copum
574 2165 908 2213 Sedunensem
947 2169 993 2213 et
1026 2165 1284 2214 Suicenses
1316 2165 1520 2223 firmata,
1557 2167 1604 2212 et
1638 2164 1801 2227 viginti
1840 2168 1949 2212 octo
1986 2163 2134 2212 millia

353 2249 636 2298 ducatorum
667 2265 754 2313 per
787 2249 962 2297 ducem
992 2248 1251 2297 Mediolani
1282 2247 1592 2296 Suicensibus
1615 2238 1711 2312 'per
1740 2247 1954 2312 singulos
1979 2263 2130 2296 annos

352 2332 712 2396 persolvendos.

421 2415 507 2464 Die
524 2419 672 2474 Lune,
689 2419 714 2464 3
732 2416 912 2463 mensis
928 2416 1174 2475 februarii,
1187 2416 1273 2464 fuit
1290 2416 1408 2463 mihi
1425 2415 1604 2464 dictum
1618 2432 1706 2480 per
1721 2418 1773 2464 D.
1790 2414 2125 2473 Philibertum,

353 2503 593 2547 oratorem
610 2498 905 2547 serenissimi
922 2502 1249 2548 Romanorum
1265 2500 1409 2563 regis,
1436 2499 1564 2563 quod
1588 2502 1752 2547 Rmus.
1774 2498 2028 2547 cardinalis
2042 2500 2127 2546 As-

350 2582 515 2631 canius
532 2582 607 2630 die
631 2582 820 2641 eadem,
851 2585 876 2631 3
894 2582 1140 2643 februarii,
1158 2583 1280 2631 hora
1293 2591 1420 2631 nona
1435 2581 1623 2631 decima
1644 2582 1918 2631 intravisset
1940 2581 2127 2630 Medio-

347 2666 511 2714 lanum
547 2682 657 2715 cum
695 2666 816 2714 duce
851 2666 1055 2715 Saxonie
1088 2670 1134 2713 et
1168 2666 1322 2714 tribus
1359 2664 1569 2714 millibus
1612 2665 1825 2729 equitum
1873 2667 1920 2712 et
1955 2663 2124 2712 decem

348 2748 557 2797 millibus
581 2749 796 2813 peditum
821 2754 868 2797 et
891 2749 1166 2812 quindecim
1193 2747 1810 2810 carrutiisbombardarum
1835 2746 2120 2809 etpulveris.

411 2832 591 2881 Eadem
612 2832 688 2880 die
705 2836 750 2891 3,
766 2832 999 2880 Ascanius
1013 2848 1123 2881 cum
1144 2832 1378 2879 tredecim
1393 2831 1602 2879 millibus
1617 2830 1830 2894 peditum
1847 2833 1894 2877 et
1907 2828 2124 2892 equitum

348 2915 572 2978 equitavit
598 2915 657 2963 ad
694 2915 904 2973 Paviam,
940 2915 1019 2962 ubi
1052 2918 1276 2978 receptus
1301 2913 1391 2962 fuit
1420 2929 1447 2961 a
1472 2913 1669 2962 civibus.
1705 2916 1762 2962 D.
1791 2912 2000 2961 Jacobus
2024 2911 2125 2959 Tri-

345 2997 517 3046 vultius
543 2997 623 3060 qui
648 3002 750 3046 erat
778 2998 827 3045 in
854 3001 1011 3045 castro
1042 2997 1184 3045 exivit
1215 3001 1260 3044 et
1294 3000 1506 3045 castrum
1532 2996 1703 3046 obtulit
1728 3013 1778 3044 se
1810 2995 1876 3044 illi
1899 2995 2123 3044 daturum

343 3081 467 3128 infra
487 3080 651 3129 nescio
678 3085 790 3143 quot
818 3097 997 3144 paucos
1023 3080 1142 3139 dies,
1171 3080 1210 3128 si
1238 3096 1335 3128 non
1359 3080 1546 3129 veniret
1570 3081 1613 3128 ei
1640 3080 1922 3129 subsidium.

406 3155 557 3212 Feria'
574 3165 729 3225 tertia,
760 3169 786 3212 4
812 3164 992 3213 mensis
1018 3164 1264 3223 februarii,
1298 3168 1349 3213 R.
1379 3167 1435 3212 D.
1465 3164 1710 3214 Johannes
1734 3165 2004 3214 Vannutius
2030 3166 2119 3212 Lu-

345 3247 503 3296 censis
530 3247 890 3307 auditorandus,
918 3251 1128 3296 tentatus
1154 3247 1241 3295 suit
1264 3248 1312 3294 in
1338 3252 1526 3297 secreto
1552 3247 1772 3296 examine
1796 3262 1960 3295 coram
1977 3249 2116 3294 Rmo.

343 3330 667 3380 Alexandrino
692 3331 739 3378 in
763 3331 907 3379 domo
933 3347 1020 3379 sua
1042 3331 1090 3378 in
1118 3332 1276 3394 Burgo
1299 3348 1337 3379 S.
1367 3330 1494 3379 Petri
1508 3345 1595 3395 per
1619 3333 1719 3379 DD.
1748 3329 1990 3378 auditores
2014 3334 2118 3379 rote

343 3414 391 3461 in
431 3414 594 3479 cappis
626 3414 850 3463 sedentes
895 3418 942 3463 et
974 3424 1062 3479 per
1093 3427 1175 3463 eos
1213 3413 1503 3479 approbatus
1552 3418 1600 3463 et
1640 3413 1912 3473 admissus3
1953 3417 2000 3461 et
2039 3412 2116 3460 die

341 3499 551 3558 veneris,
595 3498 709 3547 dicti
756 3499 954 3558 mensis,
998 3499 1045 3547 in
1082 3508 1277 3548 camera
1326 3497 1612 3563 apostolica,
1653 3501 1847 3562 recepto
1883 3496 1943 3546 ab
1994 3511 2052 3544 eo
2089 3512 2117 3544 a
