2228 3938
293 354 358 388 164
897 353 1131 390 JOHANNIS
1164 352 1456 397 BURCHARDI,
1786 355 1949 396 [Octobre
1971 359 2067 399 1501]

357 454 495 501 Feria
530 457 679 512 sexta,
715 457 774 500 24
809 454 924 502 dicti
961 456 1141 503 mensis
1179 455 1490 518 septembris,
1534 455 1678 503 affixa
1716 455 1805 503 fuit
1843 456 1893 504 in
1920 458 2063 506 valvis

291 537 495 585 ecclesie
537 554 574 583 s.
616 537 746 585 Petri
782 538 913 585 bulla
950 538 1297 586 consistorialis
1337 543 1560 586 emanata
1590 554 1680 601 per
1710 554 1879 587 omnes
1908 540 2065 588 cardi-

290 621 422 667 nales
442 624 553 667 tunc
578 624 845 683 presentes,
875 621 1146 684 subscripta
1164 623 1333 668 contra
1358 621 1724 670 ColumnenseS.
1752 612 1939 669 Bullam
1966 638 2063 670 non

288 703 380 767 legi
408 719 498 751 nec
522 703 653 766 potui
684 704 862 751 habere
895 705 999 768 ejus
1039 703 1246 766 copiam,
1288 709 1549 767 propterea
1583 704 1746 752 nescio
1779 705 1882 769 ejus
1914 707 2064 754 conti-

285 787 497 834 nentiam
545 787 748 835 referre.
792 790 904 835 Post
946 787 1202 850 prandium
1230 787 1318 834 fuit
1351 788 1706 850 proclamatum
1739 804 1826 851 per
1862 788 2057 849 Urbem,

284 870 412 932 quod
437 869 598 916 nullus
623 862 1017 918 aude1¹etlcnere
1040 869 1089 916 in
1115 870 1259 917 domo
1287 886 1390 927 sua,
1429 870 1572 918 etiam
1606 872 1812 930 secrete,
1848 871 2059 935 aliquem

284 952 674 1012 Columnensem,
700 952 787 1001 sub
816 969 940 1016 pena
983 953 1099 1011 vite;
1135 956 1183 1000 et
1220 953 1300 1015 qui
1337 952 1575 1001 haberent
1608 954 1668 1001 de
1697 954 1836 1002 bonis
1873 954 1971 1002 suis
2010 955 2057 1002 in

281 1036 555 1099 depositum
578 1037 648 1083 vel
665 1036 936 1084 custodiam
963 1030 1199 1084 deberent
1225 1052 1283 1083 ea
1299 1036 1512 1085 revelare
1535 1037 1622 1085 sub
1638 1053 1764 1101 pena
1785 1036 2057 1086 amissionis

280 1119 495 1167 omnium
535 1119 774 1167 bonorum
808 1119 1132 1183 propriorum,
1172 1123 1219 1167 et
1254 1119 1394 1182 plura
1424 1119 1520 1168 alia
1547 1119 1831 1183 dispertioni
1861 1119 2057 1168 Colum-

277 1202 501 1251 nensium
525 1202 864 1252 deservientia.

340 1286 568 1346 Sabbato,
605 1289 663 1335 25
699 1286 813 1334 dicti
851 1286 1032 1334 mensis
1068 1285 1375 1349 septembris,
1410 1286 1615 1334 recessit
1647 1287 1697 1334 in
1735 1302 1878 1335 mane
1921 1290 2049 1352 Papa

274 1368 430 1416 iturus
456 1372 657 1433 Nepem,
677 1369 929 1417 Civitatem
959 1369 1279 1417 Castellanam
1303 1372 1351 1417 et
1377 1369 1470 1417 alia
1486 1369 1596 1418 loca
1617 1370 1980 1430 circumvicina,
2005 1374 2053 1418 et

270 1468 380 1500 cum
412 1469 470 1500 eo
493 1453 586 1500 dux
611 1453 916 1511 Valentinus,
948 1456 995 1500 et
1029 1452 1308 1500 cardinales
1336 1453 1652 1512 ArborensiS,
1683 1453 1971 1502 Cusentinus
2004 1458 2052 1501 et

271 1535 450 1597 Borgia
482 1550 591 1582 cum
623 1535 818 1583 modica
845 1535 1043 1582 familia.
1074 1537 1129 1582 D.
1170 1535 1399 1583 Lucretia
1423 1536 1602 1584 mansit
1626 1536 1674 1583 in
1700 1551 1897 1585 camera
1909 1524 2047 1600 ‘Pape

269 1634 358 1681 pro
382 1617 510 1664 illius
537 1617 775 1677 custodia,
811 1633 919 1665 cum
957 1617 1322 1686 commissione,
1391 1621 1505 1665 rout
1533 1618 1583 1664 in
1621 1618 1715 1666 alio
1747 1634 1964 1677 recessu,
2001 1621 2049 1666 et

267 1700 413 1748 rediit
437 1701 496 1748 ad
520 1700 700 1748 Urbem
727 1700 951 1759 sabbato,
977 1676 1050 1773 2}
1064 1700 1297 1748 octobris,
1345 1634 1403 1765 §A
1430 1699 1461 1761 ’ᾗ
1485 1673 1700 1772 fisissstjffl

330 1783 468 1832 Feria
496 1786 682 1846 quarta,
718 1787 744 1831 6
772 1783 952 1831 mensis
981 1783 1211 1843 octobris,
1245 1783 1332 1831 fuit
1363 1783 1706 1832 consistorium
1728 1789 1970 1832 secretum
1991 1783 2039 1831 in

265 1883 358 1930 quo
382 1871 436 1915 D.
459 1868 703 1915 Mattheus
728 1870 876 1930 Lang,
910 1867 1199 1915 secretarius
1229 1867 1530 1915 serenissimi
1554 1868 1685 1932 regis
1711 1870 2038 1916 Romanorum

263 1949 606 2015 pronuntiatus
626 1950 712 1998 fuit
733 1950 985 2013 coadjutor
1007 1950 1132 1997 Rmi.
1158 1953 1214 1998 D.
1241 1949 1502 1998 cardinalis
1526 1950 1788 1999 Gurcensis
1818 1951 1867 1998 in
1889 1949 2040 1998 eccle-

262 2034 335 2081 sia
355 2036 618 2092 Gurcense,
649 2048 759 2080 cum
795 2033 1121 2092 successione,
1153 2033 1212 2080 ad
1247 2032 1667 2096 presentationem
1692 2033 1823 2100 regis
1848 2035 1896 2080 et
1922 2049 2035 2096 sup-

262 2117 570 2180 plicationem
604 2115 967 2179 predictorum;
1006 2119 1053 2164 et
1087 2119 1142 2163 D.
1174 2108 1388 2165 Ventura
1423 2116 1654 2164 Benassai
1693 2116 2035 2179 pronuntiatus

261 2204 332 2248 est
369 2201 626 2264 episcopus
650 2201 897 2246 Massan’us
930 2215 1015 2262 pro
1040 2202 1227 2264 septem
1264 2198 1392 2247 mille
1429 2197 1719 2247 ducatorum
1753 2214 1873 2262 quos
1905 2201 2032 2262 Pape

259 2284 574 2346 persolverat,
604 2282 642 2329 si
660 2281 779 2329 mihi
798 2297 913 2329 vera
938 2282 1075 2329 fuere
1100 2282 1271 2330 relata.

324 2366 594 2423 Dominica,
628 2369 684 2412 10
711 2365 890 2412 mensis
917 2365 1150 2425 octobris,
1179 2368 1307 2429 Pape
1338 2364 1387 2412 in
1413 2380 1555 2414 mane
1582 2365 1712 2413 circa
1738 2363 1911 2414 horam
1934 2368 2028 2413 tre-

259 2450 497 2498 decimam
530 2448 735 2495 recessit
771 2447 830 2495 ab
870 2449 1012 2508 Urbe,
1054 2449 1209 2496 iturus
1247 2450 1306 2496 ad
1332 2452 1491 2496 terras
1530 2449 1941 2505 Columnensium,
1982 2452 2029 2496 et

257 2548 367 2581 cum
392 2547 449 2579 eo
473 2531 566 2579 dux
592 2534 639 2578 et
657 2534 753 2578 tres
778 2531 1070 2589 cardinales,
1093 2530 1318 2580 videlicet
1345 2531 1655 2590 Arborensis,
1675 2531 1962 2580 Cusentinus
1981 2534 2030 2580 et

258 2614 453 2678 Boi-gia.
480 2614 687 2662 Domina
707 2614 935 2662 Lucretia
960 2614 1195 2663 remansit
1218 2615 1269 2662 in
1290 2614 1471 2678 palat-io
1496 2618 1544 2663 et
1566 2630 1763 2664 camera
1784 2611 2027 2679 Pape'pro

257 2698 478 2746 custodia
499 2712 609 2745 cum
635 2697 994 2756 commissione,
1023 2702 1162 2761 prout
1188 2698 1438 2762 prioribus
1454 2698 1640 2746 duabus
1655 2697 1859 2756 vicibus;
1884 2697 2029 2745 rediit

256 2781 314 2829 ad
339 2781 531 2840 Urbem,
558 2780 802 2829 dominica
827 2784 882 2828 17
909 2781 1125 2844 ejusdem
1149 2780 1348 2840 mensis,
1395 2780 1525 2828 circa
1547 2780 1721 2828 horam
1761 2779 2024 2828 secundam

257 2915 406 2963 randum
435 2930 501 2963 est.
525 2926 688 2974 Cumque
709 2926 815 2963 etiam
842 2926 1047 2976 respublica
1069 2925 1149 2975 ipsa
1170 2926 1258 2965 satis
1280 2927 1484 2965 detrimenti
1503 2939 1625 2975 passa,
1647 2926 1758 2964 variis
1778 2924 1910 2974 praeliis
1937 2937 2020 2973 per·

256 2985 529 3029 turbationisve‚
562 2990 635 3021 tam
664 2985 896 3022 terrestribus
925 2998 1033 3035 quarn
1065 2986 1268 3033 maritimis,
1294 2991 1426 3024 vexata
1457 2987 1561 3031 foret,
1592 2991 1713 3034 atque,
1741 2990 1846 3033 rupto
1872 2985 2018 3028 foedere,

256 3048 446 3081 vexaretur
470 3056 491 3080 a
509 3044 705 3080 Turcarum
731 3045 829 3081 rabie
861 3050 970 3093 atque
996 3046 1170 3094 potentia,
1193 3045 1243 3083 ita
1264 3051 1303 3083 ut
1323 3046 1454 3083 multas
1475 3046 1511 3082 in
1533 3045 1783 3094 Peloponneso
1804 3044 1870 3081 sibi
1891 3056 2018 3080 neces-

255 3103 368 3141 sarias
396 3102 556 3139 amiserit
575 3103 740 3140 civitates
773 3108 808 3140 et
837 3104 942 3141 locha
961 3105 1168 3153 pariterque
1197 3105 1442 3154 Dyrachium;
1464 3104 1532 3142 etsi
1564 3104 1688 3150 etiam,
1714 3104 1791 3152 ipso
1818 3103 2018 3152 imperante

252 3174 412 3200 venerem
444 3160 571 3197 insulae
605 3161 838 3198 famosissimi
871 3163 974 3211 regni
1007 3164 1115 3211 Cypri
1147 3163 1455 3212 plurimorumque
1487 3164 1646 3200 locorum
1675 3162 2018 3211 dignissimarumve

252 3222 394 3258 urbium
419 3220 454 3256 in
483 3220 586 3263 Italia
613 3221 727 3268 ample
754 3221 1088 3270 permagniticeque
1119 3222 1199 3271 ipsa
1230 3224 1307 3271 ejus
1337 3222 1478 3260 auxerit
1493 3222 1694 3271 imperium.
1718 3222 1859 3258 Placuit
1895 3226 2017 3259 tamen

250 3281 332 3328 ipsi,
354 3291 490 3328 paucos
511 3284 596 3317 ante
636 3279 692 3316 sui
718 3280 860 3316 obitum
879 3280 972 3325 dies,
1003 3282 1144 3317 animos
1165 3281 1323 3317 omnium
1345 3286 1433 3329 puto
1464 3280 1719 3318 reconciliandi
1741 3281 1871 3330 gratia,
1905 3282 2015 3318 duca-

247 3345 323 3376 tum
344 3340 463 3388 ipsum
490 3338 713 3385 renuntiare3
737 3351 817 3387 quae
849 3338 995 3387 quidem
1025 3351 1046 3375 a
1075 3339 1239 3387 patribus
1266 3352 1338 3376 non
1369 3339 1530 3377 admissa
1549 3344 1619 3378 est.
1642 3340 1740 3378 Obiit
1772 3345 1893 3378 autem
1931 3341 2012 3389 ipse

248 3411 321 3435 suoe
360 3398 476 3436 {etatis
508 3410 602 3435 anno
632 3410 743 3447 supra
772 3398 998 3446 octuaginta,
1034 3399 1212 3446 undecim,
1243 3399 1440 3437 subtractis
1478 3400 1666 3438 mensibus
1700 3399 1959 3448 diebusque...
1991 3413 2008 3431 »

246 3458 400 3505 Sanuto,
422 3458 491 3495 col.
511 3459 631 3495 112-3.
