2228 3938
328 372 396 407 126
930 370 1161 407 JOHANNIS
1194 367 1488 414 BURCHARDI,
1871 369 1981 409 [Avril
2006 370 2098 411 1501]

325 472 384 521 lis
410 475 779 521 Beneventanus
803 471 883 535 qui
909 476 1015 521 erat
1038 473 1221 537 primus
1247 472 1374 521 inter
1405 472 1659 535 presentes
1687 469 1805 519 dixit
1828 472 2096 520 orationem

327 555 542 618 Respice,
575 559 667 603 etc.
687 554 794 602 Alia
815 569 949 603 more
974 555 1132 604 solito.

392 637 601 686 Sabbato
622 640 806 696 sancto,
834 642 890 686 10
916 638 1102 702 aprilis,
1130 642 1296 686 Rmus.
1325 641 1382 686 D.
1415 636 1674 686 cardinalis
1701 637 1990 686 Cusentinus
2019 653 2096 686 ce-

326 721 527 770 lebravit
563 721 762 769 missam
789 720 1031 785 publicam
1054 722 1103 769 in
1126 722 1345 786 predicta
1368 721 1569 785 capella,
1600 723 1729 785 Papa
1760 723 2004 785 presente.
2034 723 2091 769 D.

331 804 604 852 Bonisacius
635 804 695 851 de
726 806 892 854 Castro
925 804 1139 866 Otherio,
1176 805 1498 853 subdiaconus
1527 804 1839 868 apostolicus,
1867 804 2101 853 nuntiavit

329 886 541 935 Alleluia
579 890 727 951 Pape,
760 888 888 951 quod
925 888 1134 937 cantavit
1169 888 1418 936 celebrans
1447 903 1583 935 more
1618 886 1775 935 solito.
1810 890 1957 951 Papa,
1980 887 2102 935 infra

330 970 549 1029 missam,
596 970 724 1018 bona
762 969 884 1030 vice,
929 986 1016 1035 per
1051 972 1238 1019 socium
1286 986 1450 1018 meum
1490 970 1740 1018 admonuit
1772 970 2100 1018 celebrantem

330 1053 459 1115 quod
479 1052 651 1100 melius
671 1052 880 1116 aperiret
900 1068 954 1101 os
969 1054 1231 1113 cantando;
1251 1056 1298 1101 et
1315 1053 1463 1101 missa
1482 1053 1635 1114 finita,
1657 1068 1766 1101 cum
1784 1055 1914 1117 Papa
1937 1052 2103 1101 ascen-

327 1134 478 1182 disset
501 1135 668 1183 sedem
692 1135 741 1182 in
775 1151 868 1198 qua
885 1139 1105 1199 portatur
1130 1135 1379 1184 celebrans
1403 1138 1451 1183 et
1473 1134 1789 1199 pertransiret
1806 1136 1946 1200 juxta
1968 1151 2096 1195 eum,

334 1217 452 1265 dixit
483 1217 641 1267 eidem
669 1218 766 1266 alta
791 1234 909 1267 voce
940 1220 1068 1282 quod
1090 1218 1215 1267 male
1241 1221 1498 1279 cantasset,
1527 1221 1575 1266 et
1600 1218 1702 1282 ipse
1730 1218 1779 1266 in
1802 1219 1915 1266 sede
1937 1219 2101 1282 porta-

332 1305 408 1348 tus
427 1301 665 1359 cantabat,
696 1301 777 1349 illo
801 1304 849 1349 et
868 1302 1008 1350 nobis
1030 1302 1339 1350 audientibus
1360 1302 1605 1366 quomodo
1629 1300 1882 1350 celebrans
1897 1301 2104 1350 debebat

329 1389 565 1432 cantasse.

393 1466 649 1515 Dominica
682 1467 869 1516 Pasche
904 1468 1270 1517 resurrectionis
1307 1468 1566 1517 Salvatoris
1597 1469 1750 1518 nostri
1769 1471 1881 1517 Jesu
1906 1467 2099 1528 Christi,

334 1553 384 1596 11
413 1549 578 1613 aprilis
604 1550 828 1613 predicti,
857 1552 943 1598 SS.
982 1553 1039 1598 D.
1076 1554 1244 1599 noster
1267 1552 1393 1599 venit
1419 1552 1839 1615 processionaliter
1863 1552 1922 1599 ad
1944 1550 2104 1599 basili-

329 1647 436 1680 cam
453 1631 685 1695 principis
709 1632 1038 1696 apostolorum
1059 1648 1147 1696 per
1161 1637 1350 1697 portam
1370 1634 1581 1682 mediam
1597 1634 1811 1693 solitam;
1841 1649 1951 1696 que,
1975 1636 2104 1697 post-

327 1730 471 1778 quam
510 1717 641 1779 Papa
674 1730 784 1763 cum
815 1715 1130 1779 processione
1166 1716 1442 1775 intraverat,
1489 1715 1579 1764 fuit
1614 1716 1778 1764 clausa
1819 1732 1907 1780 per
1950 1718 2103 1764 totam

327 1797 543 1858 missam,
585 1801 633 1846 et
672 1797 881 1862 primum
920 1803 1103 1862 aperta,
1144 1800 1335 1863 quando
1362 1803 1470 1864 post
1507 1799 1705 1848 missam
1736 1799 1986 1864 processio
2016 1815 2104 1864 per

330 1880 449 1946 eam]
464 1881 626 1929 redire
655 1896 753 1930 non
784 1881 971 1940 debuit3
1011 1898 1109 1929 non
1146 1882 1342 1930 fuerunt
1365 1883 1426 1931 ad
1451 1884 1810 1947 processionem
1834 1886 1945 1931 ante
1985 1882 2104 1930 mis-

328 1980 431 2012 sam
466 1967 656 2028 portata
684 1964 974 2013 candelabra
1002 1968 1049 2012 et
1077 1965 1399 2026 thuribulum,
1440 1966 1551 2030 quia
1586 1983 1683 2015 non
1706 1967 1912 2031 ¹fuerunt
1937 1970 2103 2031 parata

327 2048 622 2112 negligentia
651 2048 967 2107 clericorum3
999 2050 1129 2111 Papa
1157 2051 1321 2097 tamen
1345 2066 1442 2098 non
1471 2050 1676 2108 notavit;
1707 2053 1968 2114 propterea
2005 2065 2102 2097 non

329 2130 419 2178 fuit
444 2130 743 2179 scandalum.
774 2130 975 2179 Diaconi
1000 2131 1147 2179 etiam
1171 2132 1447 2181 cardinales
1461 2149 1558 2181 non
1574 2135 1715 2181 erant
1729 2132 1888 2197 parati
1909 2132 2102 2196 quando

329 2215 459 2277 Papa
483 2214 672 2277 accepit
696 2216 986 2278 paramenta
1010 2213 1058 2261 in
1083 2215 1361 2279 papagallo,
1389 2216 1473 2263 sed
1493 2219 1665 2279 postea
1686 2232 1796 2264 cum
1819 2215 2103 2264 confusione

329 2300 377 2344 et
408 2296 660 2345 celeritate
693 2299 991 2360 acceperunt
1023 2313 1081 2344 ea
1108 2297 1157 2344 in
1193 2312 1391 2346 camera
1419 2299 1712 2362 paramenti,
1748 2299 1944 2348 interim
1975 2297 2104 2362 quod

330 2382 462 2444 Papa
483 2379 613 2428 venit
636 2380 750 2428 illuc
780 2381 840 2428 de
871 2396 1070 2429 camera
1098 2382 1363 2446 papagalli.
1397 2385 1563 2431 Rmus.
1597 2386 1653 2431 D.
1686 2383 1949 2431 cardinalis
1982 2384 2105 2431 Nea-

331 2462 577 2527 politanus
606 2463 695 2512 fuit
726 2465 986 2525 assistens;
1021 2466 1283 2515 cardinalis
1320 2466 1607 2515 Cusentinus
1646 2466 1766 2515 dixit
1801 2465 2103 2530 evangelium

331 2546 565 2606 latinum;
605 2547 862 2611 epistolam
897 2549 1099 2597 latinam
1135 2552 1191 2597 D.
1234 2549 1508 2598 Bonifacius
1545 2550 1871 2599 subdiaconus
1913 2553 2106 2615 aposto-

330 2629 481 2689 licus;
516 2631 819 2695 evangelium
863 2647 1064 2697 grecum
1106 2635 1160 2680 R.
1202 2635 1258 2681 D.
1302 2632 1516 2692 Alexius,
1560 2633 1817 2697 episcopus
1858 2633 2105 2698 Gallipoli-

330 2715 498 2772 tanus,
517 2713 776 2777 epistolam
803 2731 999 2779 grecam
1023 2719 1080 2764 D.
1110 2716 1388 2764 Demetrius
1413 2716 1658 2764 Lucensis
1689 2717 1903 2764 Primam
1927 2714 2102 2779 aquam

331 2795 553 2844 manibus
578 2798 707 2862 Pape
737 2797 871 2846 dedit
895 2799 1095 2847 Carolus
1120 2799 1354 2859 Ursinus3
1384 2800 1665 2857 secundam,
1702 2801 1871 2847 orator
1901 2799 2102 2847 Floren-

336 2877 579 2940 tinorum;
612 2881 829 2941 tertiam,
865 2884 1034 2930 orator
1064 2885 1368 2932 Venetorum
1393 2884 1440 2929 et
1465 2884 1708 2944 quartam,
1742 2883 1911 2930 orator
1934 2881 2103 2945 Hispa-

332 2960 541 3011 niarum.
560 2963 707 3011 Missa
727 2963 880 3022 finita,
901 2966 1033 3027 Papa
1045 2965 1174 3012 venit
1195 2963 1623 3028 processionaliter
1646 2965 1707 3012 ad
1727 2964 1888 3013 locum
1910 2964 2102 3028 publice

336 3043 703 3105 benedictionis,
745 3046 952 3094 ostensis
991 3046 1125 3110 prius
1167 3047 1300 3095 ferro
1336 3047 1504 3096 lancee
1546 3050 1594 3095 et
1626 3047 1759 3095 vultu
1801 3047 2011 3106 Domini,
2054 3046 2102 3094 in

334 3127 455 3175 locis
480 3131 529 3176 et
551 3145 690 3177 more
716 3129 855 3177 solito
876 3145 886 3189 ;
914 3129 1159 3178 benedixit
1181 3130 1229 3177 in
1251 3129 1358 3179 loco
1382 3130 1605 3194 predicto
1628 3130 1809 3194 populo
1835 3132 1882 3178 et
1899 3130 2104 3178 interes-

337 3210 582 3271 sentibus3
615 3211 856 3260 concessit
887 3211 1212 3275 indulgentias
1246 3213 1489 3277 plenarias
1518 3229 1635 3277 quas
1667 3212 2105 3277 pronuntiaverunt

337 3292 501 3341 RRmi.
530 3296 630 3342 DD.
660 3294 934 3343 cardinales
958 3295 1215 3343 Cesarinus
1239 3296 1387 3344 latine
1413 3299 1461 3344 et
1484 3297 1542 3344 de
1567 3297 1799 3345 Farnesio
1825 3297 1872 3344 in
1895 3294 2100 3361 vulgari.

338 3374 447 3423 Alia
472 3391 610 3426 more
635 3377 795 3426 solito.
821 3377 1143 3426 Gabrielletus
1175 3394 1365 3437 scurra,
1400 3381 1532 3443 Papa
1560 3383 1766 3428 exeunte
1791 3380 1850 3428 de
1880 3379 1989 3428 loco
2025 3378 2106 3426 be-

342 3457 635 3509 nedictionis
658 3460 899 3526 predicto,
929 3460 1065 3509 finxit
1087 3462 1313 3510 continue
1339 3462 1597 3526 predicare
1609 3463 1758 3512 latine
1775 3466 1822 3511 et
1835 3460 2103 3527 hispanice,
