2254 3944
114 389 382 432 [Femur-1500]
559 389 727 427 RERUM
760 387 1064 426 URBANARUM
1098 387 1450 427 COMMENTARH.
1844 393 1898 439 ‚15

115 497 214 542 DD.
234 493 589 557 presidentibus
607 497 654 540 et
667 507 755 556 per
769 491 928 555 ipsum
954 490 1155 555 prestito
1170 491 1447 554 juramento
1468 491 1629 552 solim,
1650 491 1790 541 datus
1808 492 1897 541 sibi

115 577 306 625 habitus
332 581 609 635 consuetus,
637 575 686 622 in
710 589 806 637 quo
831 574 1084 622 descendit
1107 574 1168 622 ad
1193 590 1231 622 s,
1262 577 1476 633 Petrum,
1506 580 1570 634 et,
1599 575 1648 623 in
1673 575 1769 624 fine
1793 580 1898 625 rote

116 666 312 711 vocatus
336 677 422 725 per
445 664 567 718 DD.,
590 658 780 707 intravit
802 661 849 705 et
874 657 923 705 in
948 657 1195 706 audientia
1218 657 1342 706 sedit
1365 658 1426 706 ad
1451 658 1696 708 sinistram
1720 661 1778 708 D.
1809 661 1900 708 Gu-

112 746 262 795 lielmi
288 746 348 793 de
379 743 608 793 Perreriis
633 741 804 791 decani
830 741 1124 789 auditorum.

176 830 315 878 Feria
338 833 523 893 quarta,
558 831 613 875 12
645 826 760 875 dicti
784 826 965 873 mensis
992 825 1238 885 februarii,
1266 842 1463 875 camera
1486 827 1755 891 apostolica
1780 844 1899 877 ven-

115 914 236 962 didit
260 916 314 962 D.
360 911 579 960 Lucretie
611 897 717 958 filie'
746 913 875 974 Pape
913 909 1146 973 oppidum
1184 912 1471 958 Sermonete
1510 927 1619 959 cum
1655 915 1813 961 castro
1851 918 1899 962 et

115 998 338 1046 omnibus
374 995 677 1060 pertinentiis
714 994 812 1042 suis
848 1009 934 1058 pro
973 994 1218 1058 octoginta
1255 995 1406 1043 millia
1442 995 1731 1044 ducatorum
1779 1011 1899 1059 quos

115 1082 220 1145 ipsa
242 1097 436 1130 camera
458 1081 517 1128 ab
549 1080 722 1128 eadem
752 1081 810 1126 D.
851 1077 1075 1127 Lucretia
1099 1079 1390 1127 manualiter
1416 1083 1464 1127 et
1498 1079 1548 1127 in
1572 1079 1781 1143 pecunia
1810 1095 1900 1128 nu-

115 1169 302 1214 merata
326 1169 399 1213 est
429 1164 655 1214 confessa
678 1162 940 1227 recepisse.

178 1249 318 1297 Feria
346 1248 527 1312 quinta,
566 1250 621 1296 13
662 1248 882 1313 ejusdem
912 1247 1094 1295 mensis
1127 1246 1372 1306 februarii,
1408 1247 1614 1296 cadaver
1645 1248 1771 1297 bone
1804 1265 1904 1297 me-

116 1332 269 1381 morie
307 1336 365 1381 D.
407 1331 633 1396 Prosperi
670 1331 924 1390 Caffarelfi,
969 1330 1186 1395 episcopi
1236 1331 1600 1391 Asculanensis‚
1656 1336 1901 1396 portatum

114 1416 200 1465 fuit
225 1416 492 1466 honorifice
517 1417 578 1464 ad
610 1416 868 1464 ecclesiam
895 1419 1158 1465 conventus
1190 1415 1421 1475 Minerve,
1448 1415 1630 1464 ibidem
1660 1417 1903 1481 sepelien-

115 1499 248 1548 dum.
278 1503 624 1549 Precesserunt
654 1500 898 1549 intorticia
926 1499 1262 1563 quadraginta,
1302 1505 1349 1548 et
1383 1500 1534 1548 secuti
1566 1504 1677 1548 sunt
1708 1500 1904 1564 triginta

115 1583 290 1631 funesti
323 1584 394 1632 vel
432 1584 577 1644 circa,
614 1599 820 1648 quorum
858 1583 1137 1646 quindecim
1175 1583 1548 1646 consanguinei3
1589 1583 1774 1646 primus
1808 1586 1904 1631 An-

117 1665 275 1725 dreas,
323 1666 566 1715 secundus
607 1667 859 1725 Antonius,
909 1667 1024 1714 licet
1068 1666 1248 1725 senior,
1299 1665 1475 1713 deinde
1523 1666 1626 1724 alii3
1679 1667 1902 1716 associati

117 1749 309 1798 suerunt
329 1767 357 1798 a
378 1751 574 1814 prelatis
597 1754 644 1799 et
667 1750 845 1799 civibus
867 1750 1168 1814 quindecim3
1194 1749 1454 1797 familiares
1476 1749 1642 1798 nescio
1666 1750 1704 1798 si
1723 1750 1902 1800 fuerint

117 1832 358 1882 associati.
387 1835 488 1898 Ego
519 1850 616 1883 non
642 1833 707 1882 fui
732 1838 929 1882 vocatus
955 1833 1068 1897 quia
1090 1833 1343 1882 voluerunt
1367 1834 1530 1882 facere
1558 1850 1645 1883 suo
1670 1836 1835 1883 modo.

180 1917 265 1965 His
291 1917 479 1978 diebus,
506 1934 629 1966 unus
652 1918 1091 1981 parafrenariorum
1117 1920 1246 1981 Pape
1274 1917 1403 1966 circa
1427 1922 1648 1981 portum*
1667 1919 1716 1966 in
1740 1919 1901 1968 littore

119 2000 283 2059 maris,
313 2001 487 2064 sagitta
516 2000 759 2049 interfecit
786 1999 1047 2064 quamdam
1072 2017 1209 2049 avem
1236 2017 1485 2065 magnam,
1513 2018 1658 2065 quam
1682 2002 1731 2050 in
1756 2002 1902 2050 domo

121 2101 206 2134 sua
239 2083 353 2143 vidi,
393 2084 729 2133 onocrotalum
762 2090 1110 2148 nuncupatam,
1151 2085 1467 2149 longitudinis
1504 2086 1600 2134 sive
1638 2086 1900 2134 altitudinis

116 2168 388 2231 palmorum
413 2183 587 2217 novem
610 2184 638 2216 a
661 2168 818 2232 capite
844 2169 904 2216 ad
927 2169 1096 2232 pedes,
1123 2169 1269 2217 latam
1296 2185 1384 2232 per
1407 2169 1663 2218 circuitum
1689 2170 1900 2233 quinque

115 2251 319 2315 palmos,
360 2251 435 2300 ala
477 2251 694 2315 qualibet
730 2252 1047 2316 longitudinis
1081 2252 1355 2317 palmorum
1392 2269 1492 2312 sex,
1531 2253 1682 2317 pedes
1720 2257 1766 2301 et
1809 2253 1904 2302 for-

116 2352 246 2385 mam
280 2337 543 2386 habentem
583 2337 720 2402 cycni
758 2353 903 2400 quam
941 2353 1030 2386 nos
1069 2338 1293 2403 schyram
1333 2337 1653 2401 appellamus,
1688 2335 1901 2385 colorem

117 2419 326 2480 ciconie3
356 2424 566 2469 rostrum
591 2425 694 2469 erat
717 2437 808 2469 nec
835 2421 998 2470 album
1025 2437 1116 2469 nec
1141 2420 1352 2485 nigrum,
1381 2419 1699 2485 longitudinis
1722 2420 1904 2484 palmo-

116 2517 224 2551 rum
262 2503 494 2563 duorum3
545 2505 824 2553 extremitas
872 2504 1137 2568 superioris
1182 2504 1331 2568 partis
1371 2504 1512 2553 rostri
1551 2509 1654 2553 erat
1690 2507 1817 2552 torta
1854 2503 1902 2550 in

118 2586 276 2634 forma
303 2587 487 2645 ancini;
521 2588 799 2636 extremitas
833 2589 984 2651 partis
1015 2587 1280 2647 inferioris,
1315 2605 1408 2651 que
1440 2577 1790 2651 aliquantulum
1821 2603 1902 2635 su-

115 2669 293 2733 periori
319 2670 508 2719 brevior
538 2674 641 2719 erat
665 2670 725 2719 ad
757 2671 971 2718 medium
1002 2670 1236 2734 palmum,
1272 2677 1376 2719 erat
1405 2671 1502 2719 lata
1523 2656 1579 2719 'et
1612 2686 1823 2719 concava
1853 2670 1902 2717 in

116 2752 321 2801 formam
346 2753 579 2802 coclearis
605 2756 894 2814 Turcarum;
932 2770 1043 2802 cum
1073 2754 1219 2802 bursa
1249 2754 1310 2802 de
1335 2759 1490 2802 rostro
1518 2750 1815 2818 appendenti
1841 2753 1901 2801 ad

117 2837 295 2885 collum
325 2843 428 2886 erat
457 2835 686 2886 distantia
723 2838 862 2886 unius
894 2838 1064 2901 palmi3
1101 2837 1280 2886 collum
1306 2837 1517 2886 habehat
1547 2834 1900 2901 longitudinem

117 2919 220 2970 sive
245 2921 546 2970 altitudinem
567 2922 778 2986 quinque
800 2923 1073 2986 palmorum
1096 2922 1168 2970 vel
1191 2922 1322 2970 circa
1346 2940 1354 2969 :
1384 2920 1595 2971 habebat
1610 2921 1663 2979 jn
1686 2925 1897 2986 gutture,

117 3019 226 3054 cum
249 3005 540 3070 aperiretur,
569 3008 753 3071 piscem
777 3008 1008 3072 ponderis
1028 3007 1259 3056 librarum
1284 3023 1393 3065 sex3
1420 3009 1520 3055 tota
1542 3007 1640 3055 avis
1664 3011 1765 3056 erat
1788 3021 1905 3071 pon-

121 3086 249 3137 deris
277 3095 472 3138 centum
497 3091 748 3155 sexaginta
770 3091 1018 3140 librarum.

184 3172 412 3233 Sabbato‚
441 3175 497 3223 15
526 3174 642 3222 dicti
667 3174 849 3223 mensis
874 3174 1120 3234 februarii,
1147 3175 1277 3224 circa
1299 3175 1508 3239 primam
1530 3175 1703 3223 horam
1728 3174 1902 3233 noctis,

118 3255 246 3303 venit
259 3254 321 3304 ad
337 3255 517 3304 Urbem
530 3260 584 3305 R.
599 3260 656 3305 D.
669 3258 896 3306 Matthias
916 3258 1176 3322 episcopus
1193 3258 1523 3307 Sccorciensis
1539 3258 1620 3323 (1),
1637 3257 1715 3306 cui
1734 3257 1905 3305 ivimus

121 3336 307 3386 obviam
337 3356 426 3403 per
454 3345 644 3404 portam
676 3341 735 3389 de
767 3342 977 3405 Populo;
1016 3342 1240 3405 equitavit
1271 3341 1332 3390 ad
1360 3341 1629 3405 hospitium
1662 3357 1700 3388 s.
1730 3336 1901 3401 Angeli

165 3519 202 3557 1.
235 3521 336 3557 Cette
350 3524 452 3559 autre
472 3523 584 3560 forme
603 3524 649 3561 de
678 3525 919 3563 seccoviensis
934 3530 989 3563 est
1009 3526 1150 3563 donnee
1167 3535 1232 3574 par
1247 3530 1327 3562 tous
1348 3524 1400 3561 les
1424 3535 1512 3561 mss.
