2222 3932
303 361 374 396 342
911 355 1146 393 JOHANNIS
1179 353 1476 398 BURCHARDI,
1859 353 1966 395 [Mars
1987 354 2082 395 1504]

304 460 452 509 disset
474 462 711 508 torturam
746 458 1060 506 familiaribus
1103 456 1318 521 episcopi
1350 454 1579 514 Massani,
1625 456 1673 502 et
1725 453 1817 517 ipsi
1856 456 2078 503 Massano

304 547 438 591 certa
458 541 606 590 verba
630 541 892 589 minatoria
916 540 1150 600 dedisset;
1178 542 1439 604 propterea
1457 537 1714 601 allegasset
1735 551 1905 585 causas
1922 536 2079 599 suspi-

304 625 455 674 cionis
480 628 647 673 contra
662 624 952 682 auditorem,
965 627 1012 671 et
1025 623 1324 671 nominasset
1350 622 1601 679 arbitrum,
1622 624 1669 669 et
1684 619 1875 669 auditor
1886 635 2078 667 camere

302 708 602 756 nominasset
635 707 950 756 Sanctitatem
977 722 1137 765 suam;
1167 706 1245 754 cui
1271 705 1558 770 supplicavit
1594 704 1878 768 dignaretur
1911 702 2077 751 minis-

300 795 430 839 trare
457 790 525 838 eis
540 790 796 854 justitiam.
822 789 1086 853 Respondit
1109 789 1298 837 auditor
1316 788 1436 836 nihil
1455 803 1561 836 esse
1586 786 1774 835 facilius
1800 801 1945 849 quam
1967 801 2080 834 con-

301 874 456 922 futare
475 873 789 931 calumniam3
810 874 1068 936 propterea
1084 871 1347 920 nominavit
1361 870 1657 920 cardinalem
1675 868 2074 926 Alexandrinum,

301 961 348 1006 et
382 973 497 1005 casu
537 971 631 1020 quo
668 971 766 1004 non
810 955 1052 1013 obstaret,
1095 954 1295 1018 eligeret
1341 957 1398 1002 D.
1440 954 1741 1017 Alphonsum
1781 951 2078 1000 calumniose

299 1039 455 1104 loqui;
479 1039 600 1088 velle
623 1039 784 1102 ipsum
808 1038 1082 1087 auditorem
1104 1038 1203 1101 pati
1241 1038 1301 1085 ad
1333 1037 1462 1100 quod
1496 1053 1555 1084 ex
1578 1052 1707 1085 nunc
1745 1034 2075 1084 consentiebat

302 1128 350 1171 et
380 1122 526 1186 quod,
562 1121 823 1170 constituto
855 1122 914 1168 de
947 1120 1205 1178 calumnia,
1233 1135 1331 1168 non
1363 1120 1508 1168 vellet
1542 1118 1961 1182 advocatum‚pati
1993 1117 2078 1166 sed

300 1206 576 1269 relinquere
598 1205 782 1270 judicio
810 1204 1087 1253 Sanctitatis
1115 1220 1198 1251 sue
1225 1219 1317 1267 que
1346 1202 1659 1267 interrogavit
1688 1206 1744 1250 D.
1774 1202 2076 1265 Alphonsum

302 1306 363 1338 an
395 1295 524 1336 esset
555 1292 829 1347 contentus,
866 1287 945 1351 qui
983 1287 1234 1351 respondit
1263 1287 1456 1350 placere
1488 1285 1785 1334 oblationem
1818 1284 2073 1333 auditoris.

301 1372 486 1421 Deinde
521 1375 653 1435 Papa
691 1356 823 1419 dedit
852 1386 1013 1419 rosam
1046 1370 1206 1433 primo
1235 1369 1413 1418 oratori
1446 1369 1692 1428 Januensi,
1736 1368 1841 1416 aliis
1873 1383 1985 1416 cum
2018 1383 2077 1415 eo

302 1455 590 1521 genuflexis,
626 1454 792 1503 dicens
821 1454 951 1518 ipsos
985 1454 1034 1501 in
1077 1468 1247 1502 eorum
1281 1453 1502 1501 oratione
1536 1452 1767 1501 obtulisse
1800 1467 1851 1500 se
1881 1455 2077 1515 paratos

301 1538 463 1591 facere
491 1536 849 1600 expeditionem
873 1540 1043 1584 contra
1070 1538 1271 1594 Turcas3
1298 1538 1557 1599 propterea
1581 1535 1778 1583 dederat
1804 1533 2077 1582 communi-

302 1620 386 1668 tati
411 1636 584 1668 eorum
610 1635 789 1667 rosam.
817 1619 1052 1667 Associati
1071 1619 1269 1666 fuerunt
1289 1618 1379 1682 ipsi
1403 1621 1623 1666 oratores
1656 1633 1746 1681 per
1767 1618 1929 1680 plures
1949 1617 2079 1680 pala-

300 1703 427 1751 tinos
453 1706 500 1751 et
524 1702 758 1750 familiam
784 1718 823 1750 s.
853 1701 1077 1765 Georgii:
1107 1701 1308 1764 quilibet
1333 1704 1498 1748 orator
1525 1700 1752 1763 equitavit
1776 1699 1836 1748 ad
1861 1699 2079 1747 dextram

300 1786 443 1834 unius
474 1786 673 1850 prelati,
714 1788 762 1833 et
793 1785 980 1849 primus
1026 1790 1191 1834 orator
1239 1783 1452 1849 prelatus
1483 1783 1691 1847 portavit
1731 1799 1877 1831 manu
1911 1783 2080 1831 dextra

305 1885 472 1917 rosam
497 1872 607 1917 ante
636 1869 835 1916 domum
870 1883 1040 1915 eorum
1070 1867 1270 1931 hospitii
1304 1867 1607 1927 Ursinorum,
1627 1867 1677 1914 in
1710 1868 1892 1930 Campo
1917 1866 2074 1914 Flore.

305 1955 518 2016 Egerunt
542 1951 739 2015 gratias,
765 1967 898 1998 more
923 1951 1084 2010 solito,
1109 1955 1155 1999 et
1177 1950 1279 1998 sine
1303 1966 1442 1998 mora
1462 1949 1714 1998 redierunt
1738 1949 1799 1997 ad
1825 1949 2074 2012 palatium,

300 2037 349 2083 et
375 2035 597 2081 fecerunt
617 2034 877 2097 prandium
905 2049 1015 2080 cum
1037 2036 1167 2096 Papa
1188 2034 1235 2080 in
1256 2032 1513 2091 Viridario,
1540 2032 1769 2095 quiaipse
1795 2032 2079 2080 invitaverat

300 2132 408 2174 eos;
437 2119 485 2163 et
507 2116 654 2163 etiam
677 2121 960 2164 manserunt
984 2116 1033 2162 in
1055 2115 1261 2179 prandio
1287 2131 1396 2163 cum
1420 2117 1551 2178 Papa
1575 2118 1784 2178 quatuor
1806 2114 2078 2162 cardinales

298 2199 523 2248 videlicet
563 2215 602 2245 5.
649 2199 909 2259 Praxedis,
958 2198 1277 2257 camerarius,
1318 2197 1617 2246 Mimatensis
1671 2200 1718 2246 et
1764 2213 1802 2246 s.
1850 2197 1982 2246 Petri
2017 2197 2078 2245 ad

298 2283 523 2333 Vincula.

365 2366 451 2413 Die
480 2366 611 2424 lune,
653 2369 710 2413 18
747 2365 927 2425 martii,
956 2371 1162 2429 quatuor
1191 2369 1415 2415 oratores
1442 2368 1742 2415 Savonenses
1766 2364 2079 2422 visitaverunt

303 2448 572 2496 cardinales
594 2449 983 2512 Neapolitanum,
1015 2450 1356 2509 camerarium,
1386 2451 1788 2507 Recanatensem,
1817 2448 1875 2495 de
1900 2447 2073 2506 Flisco,

301 2546 340 2577 s.
371 2530 606 2588 Severini,
630 2546 666 2578 S.
701 2531 945 2591 Praxedis,
975 2532 1333 2580 Bononiensem
1357 2535 1405 2579 et
1427 2531 1730 2579 Farnesium.
1759 2532 1864 2578 Non
1885 2530 2079 2577 fuerunt

301 2613 488 2676 recepti
510 2613 558 2660 in
573 2613 738 2673 domo,
763 2618 810 2662 et
838 2614 1165 2663 Salernitanus
1206 2615 1450 2664 excusavit
1489 2630 1539 2664 se
1577 2630 1674 2663 non
1708 2628 1849 2678 posse
1887 2613 2074 2672 audire,

302 2712 413 2744 cum
437 2700 563 2745 esset
587 2696 636 2743 in
657 2697 784 2744 lecto
808 2697 1045 2747 infirmus.

297 2810 301 2813 -
366 2780 547 2828 Eadem
573 2780 669 2838 die,
705 2781 966 2829 cardinalis
990 2799 1029 2830 5.
1067 2783 1193 2830 Petri
1226 2784 1286 2831 ad
1311 2783 1516 2833 Vincula
1539 2783 1765 2847 equitavit
1789 2785 1897 2846 post
1929 2797 2078 2845 pran-

301 2863 433 2910 dium
458 2863 518 2910 ad
541 2879 578 2909 s.
602 2865 836 2922 Marcum,
864 2868 916 2912 ut
939 2865 1003 2912 ibi
1029 2881 1056 2912 a
1080 2866 1405 2914 cardinalibus
1432 2866 1727 2914 visitaretur.

368 2945 618 2994 Dominica
628 2946 685 2993 de
702 2947 950 3005 Passione‚
965 2952 1025 2996 24
1043 2949 1223 3009 martii,
1241 2950 1405 3012 quinta
1421 2949 1802 3013 quadragesime,
1823 2946 2077 3010 episcopus

303 3028 636 3076 Cesenatensis
653 3029 915 3078 celebravit
927 3031 1124 3078 missam
1140 3032 1383 3094 publicam
1399 3032 1448 3079 in
1463 3031 1665 3094 capella,
1681 3033 1809 3092 Papa
1823 3030 2074 3092 presente:

303 3110 575 3157 orationem
599 3110 714 3157 fecit
738 3111 871 3173 prior
894 3128 933 3159 s.
956 3114 1240 3161 Marcellini.

369 3192 456 3241 Die
485 3192 616 3252 lune,
649 3195 707 3241 25
736 3193 915 3253 martii,
954 3196 1036 3242 SS.
1076 3197 1130 3242 D.
1166 3198 1332 3242 noster
1360 3198 1555 3258 paratus
1584 3193 1781 3253 amictu,
1819 3196 1947 3255 alba,
1982 3195 2080 3243 cin-

304 3275 433 3339 gulo,
458 3275 685 3339 capuccio
707 3275 877 3334 rubro,
909 3277 1033 3324 stola
1059 3277 1167 3324 alba
1191 3278 1249 3324 de
1277 3277 1422 3340 perlis
1447 3277 1675 3339 desuper,
1713 3278 1945 3340 equitavit
1971 3283 2080 3342 post

305 3373 503 3406 crucem
534 3362 582 3407 et
611 3363 720 3430 post
753 3373 863 3405 eum
893 3363 941 3406 et
969 3359 1089 3406 duos
1123 3359 1439 3408 cubicularios
1468 3364 1681 3408 secretos
1719 3376 1829 3408 suos
1859 3361 2077 3408 medicus

307 3445 536 3499 secretuS,
563 3442 833 3490 cardinales
858 3457 1064 3489 numero
1086 3442 1249 3506 viginti
1274 3446 1411 3502 octo;
1435 3446 1482 3490 et
1507 3443 1821 3504 equitavimus
1846 3460 1933 3507 per
1952 3443 2076 3492 viam
