2210 3944
254 321 306 353 ..μ

174 387 202 426 [Δ
221 326 258 419 {i
280 388 374 427 1500]
633 386 801 424 RERUM
836 384 1136 423 URBANARUM
1162 383 1512 421 COMMENTARII.
1853 411 1857 415 .
1910 386 1955 420 47

177 489 376 538 modum
424 494 472 539 et
515 490 770 538 utilitatem
810 502 1068 551 procurare
1109 485 1409 545 studuimus,
1447 489 1650 550 urgente
1690 484 1954 549 reipublice

176 573 439 622 christiane
462 572 752 622 necessitate
772 575 819 619 et
840 569 1108 619 orthodoxe
1130 569 1244 618 fidei
1265 569 1549 618 defensione
1578 569 1877 618 consulimus
1899 584 1955 616 ac

179 657 461 720 opportunis
484 656 669 704 auxiliis
688 659 735 703 et
755 653 998 702 favoribus
1018 652 1344 716 providemus,
1368 653 1436 702 ita
1456 653 1545 718 ipsi
1566 670 1654 718 pro
1672 652 1957 702 defensione

177 757 287 788 vere
311 741 423 789 fidei
442 756 534 804 que
552 740 600 788 in
623 738 746 787 sacri
763 737 1072 801 susceptione
1094 737 1398 801 baptismatis
1414 742 1584 802 sponte
1598 737 1806 802 professi
1824 741 1952 793 sunt,

179 828 227 872 et
259 824 519 888 reipublice
553 822 813 872 christiane
841 821 1212 870 necessitatibus
1250 821 1552 869 sublevandis
1591 837 1689 868 non
1716 819 1862 868 modo
1899 819 1957 867 li-

179 908 365 967 benter,
391 908 477 956 sed
509 922 662 972 prono
692 910 741 955 et
774 905 963 954 ardenti
997 905 1159 954 animo
1193 921 1364 954 eorum
1401 904 1684 969 impendant
1722 903 1953 964 subsidia,

180 1007 390 1056 suasque
429 991 697 1040 extendant
736 990 962 1039 dexteras
1001 989 1242 1038 liberales.
1282 990 1402 1036 Cum
1447 988 1609 1051 itaque
1643 986 1957 1051 perfidissimi

179 1076 351 1133 Turce,
377 1075 554 1124 Christi
583 1073 792 1123 nominis
824 1074 1008 1132 hosteS,
1053 1072 1373 1121 christianum
1416 1070 1704 1135 sanguinem
1746 1069 1958 1134 quotidie

181 1157 397 1207 sitientes
419 1175 475 1208 ac
493 1158 624 1207 omni
644 1162 819 1207 conatu
831 1157 1204 1206 christianorum
1220 1160 1373 1204 terras
1395 1171 1481 1204 sue
1495 1153 1735 1219 tyrannidi
1751 1169 1807 1202 ac
1823 1170 1962 1217 spur—

181 1241 374 1291 cissime
396 1247 528 1292 secte
550 1242 792 1307 subjicere
813 1244 1093 1306 querentes,
1119 1241 1355 1305 superiori
1379 1245 1426 1289 et
1447 1238 1659 1304 presenti
1684 1237 1824 1286 annis
1844 1237 1961 1285 vali-

181 1325 431 1375 dissimam
449 1326 657 1375 classem
671 1325 984 1384 maritimam,
1008 1324 1370 1389 maximumque
1391 1327 1675 1373 terrestrem
1693 1320 1961 1372 exercitum

181 1411 241 1459 ad
277 1409 650 1474 expugnandum
685 1413 883 1470 statum,
908 1413 1062 1458 terras
1095 1414 1239 1472 atque
1272 1406 1488 1455 dominia
1517 1405 1805 1454 dilectorum
1837 1405 1964 1454 filio-

180 1509 290 1542 rum
318 1492 575 1556 Augustini
610 1492 881 1552 Barbadici,
907 1493 1060 1553 duciS,
1086 1497 1134 1542 et
1165 1491 1365 1541 dominii
1397 1494 1700 1541 Venetorum
1723 1488 1964 1538 instruxe-

182 1577 294 1636 rint,
323 1577 629 1640 diversasque
658 1577 962 1626 incursiones
991 1576 1238 1625 civitatum
1262 1561 1531 1633 effecerint,
1559 1576 1607 1621 et
1633 1572 1785 1620 multa
1816 1572 1965 1620 millia

182 1659 450 1707 animarum
485 1658 791 1719 abduxerint,
822 1663 871 1708 et
902 1659 953 1707 in
987 1658 1315 1707 miserabilem
1349 1656 1628 1705 servitutem
1664 1655 1959 1719 redegerint,

183 1742 415 1805 villasque
460 1744 508 1789 et
544 1740 654 1789 loca
690 1741 898 1805 plurima
936 1742 1048 1806 igne
1078 1743 1305 1806 ferroque
1337 1739 1651 1798 vastaverint,
1689 1743 1736 1788 et
1768 1739 1964 1788 tandem

184 1827 485 1889 Neopactum
519 1824 793 1884 civitatem,
830 1825 991 1888 aliqua
1026 1825 1203 1890 oppida
1233 1828 1281 1874 et
1311 1825 1421 1873 loca
1464 1823 1706 1871 maritima
1755 1823 1965 1871 circum-

185 1908 369 1968 vicina,
406 1908 755 1967 munitissima,
787 1907 830 1956 vi
861 1913 909 1957 et
945 1909 1092 1957 armis
1129 1908 1371 1973 ceperint,
1399 1906 1674 1956 christianis
1709 1906 1933 1955 omnibus
1953 1947 1963 1967 ‚

188 1991 331 2040 etiam
356 1991 592 2051 ecclesiis,
619 1996 666 2039 et
693 1991 931 2055 religiosis
959 1992 1209 2057 utriusque
1238 2008 1399 2052 sexus,
1425 1990 1572 2040 etiam
1599 1989 1867 2054 pontificali
1895 1990 1967 2038 di-

187 2075 367 2139 gnitate
399 2075 623 2139 preditis,
654 2079 703 2123 et
727 2076 1077 2140 pregnantibus
1110 2092 1222 2124 cum
1256 2074 1491 2124 semivivis
1519 2074 1819 2138 corpusculis
1851 2074 1968 2122 inibi

188 2158 392 2222 repertis
414 2158 749 2208 crudelissime
777 2160 901 2208 cesis
935 2167 982 2209 et
1009 2160 1304 2221 intersectis,
1343 2176 1399 2208 ac
1433 2159 1540 2207 aliis
1573 2159 1623 2207 in
1659 2158 1969 2207 durissimam

189 2244 469 2293 servitutem
488 2244 714 2304 redactis,
739 2244 932 2309 templis
955 2244 1200 2294 salvatoris
1218 2244 1369 2295 nostri
1389 2245 1587 2310 pollutis
1612 2261 1669 2293 ac
1699 2244 1886 2304 dirutis,
1909 2244 1971 2292 ad

190 2342 331 2375 suum
364 2327 547 2375 malum
578 2332 626 2376 et
657 2326 877 2391 iniquum
904 2328 1208 2392 propositum
1245 2329 1474 2378 continuo
1506 2328 1768 2378 ferventius
1801 2343 1970 2393 prose-

189 2417 394 2475 quentes
414 2451 424 2471 ,
467 2416 516 2461 et
550 2411 673 2481 nihil
705 2411 837 2460 aliud
871 2412 946 2461 die
977 2417 1222 2477 noctuque
1256 2418 1517 2478 querentes
1565 2416 1612 2462 et
1639 2411 1969 2476 excogitantes

191 2511 337 2558 quam
359 2496 576 2544 omnium
597 2495 973 2545 christianorum
991 2497 1207 2546 dominia
1228 2513 1313 2547 sue
1335 2497 1572 2563 tyrannidi
1594 2500 1640 2546 et
1659 2494 1968 2561 spurcissime

191 2582 323 2626 secte
346 2577 606 2642 subjicere,
632 2582 680 2626 et
698 2578 859 2642 legem
878 2578 1053 2627 Christi
1071 2579 1224 2627 nostri
1246 2581 1552 2646 subvertere;
1583 2581 1743 2630 denuo
1775 2580 1970 2629 validio-

193 2677 296 2709 rem
324 2662 531 2711 classem
564 2661 858 2710 maritimam
887 2662 1223 2726 majoremque
1255 2667 1535 2712 terrestrem
1571 2664 1838 2713 exercitum
1872 2664 1971 2712 ins-

193 2749 370 2805 truant,
396 2750 447 2795 ut
471 2745 635 2795 omnia
657 2745 900 2794 maritima
918 2746 1027 2795 loca
1050 2750 1196 2811 atque
1226 2749 1392 2811 portus
1420 2746 1796 2796 christianorum
1823 2763 1971 2796 occu-

192 2834 326 2891 pent,
348 2832 607 2894 pateatque
642 2828 712 2878 eis
746 2827 919 2878 deinde
952 2828 1142 2876 facilius
1164 2829 1224 2877 ad
1245 2832 1461 2880 Romane
1486 2830 1691 2880 ecclesie
1720 2834 1891 2891 terraS,
1916 2846 1971 2880 ac

191 2913 447 2978 presertim
468 2912 529 2961 ad
549 2913 676 2961 hanc
697 2912 876 2960 almam
899 2913 1079 2961 Urbem
1114 2916 1347 2973 nostram,
1378 2913 1426 2960 in
1454 2929 1551 2977 qua
1577 2913 1703 2962 Petri
1732 2912 1874 2962 sedes
1901 2916 1972 2961 est

192 2996 369 3056 locata,
395 3001 556 3059 etqua
583 2995 730 3061 (quod
757 2999 886 3044 Deus
908 2996 1131 3062 avertat!)
1160 3000 1452 3061 expugnata,
1479 3013 1529 3046 se
1554 2997 1700 3045 totius
1725 2997 1854 3045 orbis
1881 2996 1973 3044 im-

193 3080 382 3144 perium
404 3079 544 3127 facile
567 3095 810 3144 occupare
828 3095 970 3143 posse
994 3095 1093 3128 non
1118 3079 1339 3129 dubitant
1366 3096 1618 3141 accessus3
1641 3084 1689 3129 et
1720 3080 1811 3129 nisi
1845 3080 1975 3129 cele-

194 3163 312 3213 riter
343 3167 645 3223 occurratur,
678 3168 824 3228 prout
857 3178 934 3211 res
970 3163 1258 3227 expostulat,
1299 3164 1660 3212 formidandum
1696 3164 1755 3211 sit
1791 3180 1853 3212 ne
1887 3163 1977 3227 ipsi

194 3246 689 3309 perfidissimiTurce,
712 3245 910 3295 victorie
930 3245 1157 3309 superbia
1172 3246 1301 3307 elati,
1316 3246 1535 3297 videntes
1554 3247 1818 3296 catholicos
1835 3263 1973 3311 reges

196 3333 243 3376 et
268 3329 510 3394 principes
544 3333 592 3376 et
623 3332 892 3393 potestates
922 3328 1048 3377 inter
1075 3345 1126 3378 se
1158 3329 1469 3391 dissidentes,
1491 3331 1687 3396 privatis
1709 3329 1977 3379 commodis

196 3411 423 3473 intentOS,
439 3428 698 3462 commune
713 3413 896 3462 bonum
909 3412 1177 3477 negligere,
1197 3414 1437 3479 majoraet
1454 3414 1788 3480 irreparabilia
1799 3414 1974 3463 damna

195 3495 405 3545 inferant
425 3495 718 3556 christianiS,
734 3499 879 3559 prout
897 3495 964 3544 ita
985 3497 1321 3560 superioribus
1341 3497 1480 3547 annis
1501 3503 1549 3547 et
1570 3498 1618 3545 in
1635 3496 1835 3545 diversis
1853 3496 1973 3546 locis
