2228 3938
173 349 388 388 [Novembre
412 349 504 387 1503]
620 347 788 383 RERUM
822 344 1122 383 URBANARUM
1155 345 1507 382 COMMENTAHII.
1882 347 1952 381 305

172 454 220 498 et
245 451 374 514 quod
404 449 676 498 cardinales
711 449 947 496 haberent.
978 450 1236 510 coopertas
1267 462 1507 509 equorum
1548 451 1592 494 et
1628 446 1870 493 mularum
1896 446 1954 493 dc

172 534 357 582 taffetto
382 533 492 581 albo
526 536 571 580 et
596 532 796 595 quilibet
834 547 1001 579 eorum
1028 535 1139 579 octo
1168 530 1429 578 familiares
1456 531 1583 578 inter
1622 530 1882 578 scutiferos
1907 532 1955 577 et

172 616 532 680 parafrenarios
552 615 748 664 vestitos
776 614 981 662 robettis
1012 614 1144 661 ultra
1167 630 1343 677 genua,
1373 613 1454 677 qui
1482 614 1621 677 juxta
1653 629 1736 662 eos
1769 612 1956 677 pedites

176 699 476 747 incederent.
505 698 815 746 Ordinaverat
839 700 1002 745 autem
1026 696 1186 760 primo
1204 697 1251 743 in
1268 697 1345 744 die
1373 714 1411 744 s.
1440 696 1653 754 Martini,
1682 700 1738 744 19
1762 711 1955 744 novem-

179 782 279 830 bris
316 782 575 846 presentis,
614 780 841 829 coronari
886 779 1004 828 velle
1046 780 1094 827 in
1128 797 1165 827 s.
1195 782 1340 828 Petro
1378 782 1426 828 et
1461 781 1681 843 equitare
1730 779 1850 828 velle
1897 779 1958 827 ad

179 869 471 913 Lateranum
508 881 518 912 :
558 865 751 912 tandem
794 864 1007 911 firmavit
1043 879 1133 927 pro
1177 863 1422 911 dominica
1463 866 1519 910 19
1561 863 1787 911 coronari
1817 862 1866 910 in
1917 879 1955 910 s.

179 951 320 996 Petro
353 952 399 996 et
433 947 677 996 dominica
719 950 779 995 26
811 947 1032 1011 ejusdem
1057 946 1275 1010 equitare
1300 947 1361 994 ad
1388 950 1696 1016 Lateranum.

240 1032 328 1080 Die
351 1031 536 1089 martiS,
559 1035 583 1078 7
608 1030 899 1088 novembris,
926 1030 1013 1077 fuit
1033 1029 1191 1094 prima
1212 1030 1462 1094 signatura
1488 1032 1616 1093 Pape
1643 1045 1728 1093 pro
1754 1045 1850 1093 qua
1865 1031 1961 1077 tam

180 1114 332 1179 gratie
371 1130 516 1177 quam
553 1113 740 1178 justitie
781 1113 1023 1162 Sanctitas
1062 1129 1148 1162 sua
1182 1113 1427 1177 deputavit
1460 1129 1542 1160 sex
1580 1112 1959 1170 referendarios,

176 1197 399 1246 videlicet
420 1198 736 1262 Ragusinum,
768 1197 1075 1261 Agriensem,
1101 1200 1494 1257 Cesenatensem,
1525 1196 1960 1260 prothonotarios3

179 1280 564 1340 Arcimboldum,
599 1280 873 1328 Accolitum
905 1283 953 1328 et
995 1280 1123 1328 della
1155 1283 1318 1339 Porta,
1355 1280 1526 1344 quibus
1570 1284 1741 1344 postea
1777 1278 1965 1327 addidit

184 1364 463 1428 episcopum
491 1363 860 1423 CastelliMaris,
886 1367 934 1412 et
956 1364 1158 1428 singulis
1175 1363 1496 1412 hebdomadis
1518 1363 1835 1412 fecitduobus
1864 1362 1966 1410 die-

184 1448 274 1495 bus
293 1447 610 1512 signaturam,
643 1447 806 1495 martis
831 1447 1049 1496 videlicet
1071 1453 1116 1496 et
1153 1448 1375 1508 sabbat03
1405 1451 1452 1496 et
1478 1464 1567 1511 pro
1597 1447 1845 1511 signatura
1867 1447 1969 1510 jus-

123 1587 132 1593 κ
188 1530 306 1589 titie,
343 1531 588 1594 deputavit
611 1530 1004 1591 Alexandrinum,
1040 1531 1152 1579 licet
1186 1532 1232 1578 in
1278 1532 1493 1580 conclavi
1529 1535 1639 1579 ante
1668 1529 1970 1593 promisisset

188 1614 468 1678 hujusmodi
489 1614 788 1677 signaturam
804 1614 989 1678 justitie
1017 1615 1326 1662 Surrentino.

256 1696 339 1743 His
363 1696 552 1753 diebus,
583 1701 781 1759 propter
801 1697 1099 1744 novilunium
1120 1686 1213 1744 diei
1235 1697 1422 1745 sabbati
1450 1697 1683 1760 preteriti,
1713 1700 1841 1760 Papa
1861 1712 1973 1760 pro-

193 1778 762 1842 rogavitcoronationem
788 1779 836 1826 in
861 1796 898 1826 s.
928 1782 1072 1828 Petro
1096 1780 1154 1827 ad
1179 1780 1307 1828 diem
1329 1780 1622 1827 dominicam
1638 1782 1696 1826 26
1723 1780 1868 1844 hujus
1889 1779 1969 1844 (1),

192 1866 238 1910 et
281 1862 455 1910 deinde
482 1862 847 1926 processionem
879 1863 939 1911 ad
980 1880 1016 1910 s.
1061 1863 1333 1911 Johannem
1369 1867 1663 1911 Lateranum
1702 1863 1762 1910 ad
1798 1863 1974 1910 festum

194 1961 232 1991 s.
259 1945 448 1992 Andree
472 1945 701 2008 apostoli.
855 1938 858 1939 ⁷

258 2028 344 2076 Die
362 2028 505 2092 jovis,
536 2032 563 2076 9
588 2030 883 2085 novembris,
922 2030 1010 2079 fuit
1050 2031 1368 2095 congregatio
1400 2031 1614 2095 plurium
1650 2032 1973 2080 cardinalium

195 2110 245 2158 in
267 2111 452 2175 capella
472 2112 642 2176 majori
675 2113 754 2160 ubi
781 2113 1108 2161 ordinavimus
1143 2117 1199 2162 D.
1227 2115 1488 2162 Justinium
1518 2116 1577 2163 de
1611 2116 1815 2164 Carosiis
1840 2121 1886 2164 et
1918 2119 1973 2164 D.

198 2195 594 2243 Bartholomeum
618 2197 678 2246 de
698 2197 903 2260 Ripariis
921 2197 981 2245 ad
1003 2197 1364 2246 sollicitandum
1386 2198 1676 2246 solutionem
1694 2202 1820 2248 2500
1836 2199 1980 2247 duca-

199 2282 360 2326 torum
388 2295 477 2342 pro
499 2295 695 2327 camera
717 2280 857 2328 nobis
882 2281 1125 2344 deputatis
1150 2297 1239 2345 pro
1268 2282 1485 2330 conclavi
1515 2282 1583 2329 Pii
1609 2298 1732 2346 pape
1758 2285 1819 2330 ΙΙΙ
1846 2286 1893 2330 et
1919 2286 1975 2330 D.

200 2361 547 2425 Berengarium
573 2363 765 2411 Andree
788 2368 835 2410 et
866 2366 1066 2411 Petrum
1091 2364 1293 2412 Griffum
1331 2365 1390 2412 ad
1430 2364 1710 2413 habendum
1745 2365 1981 2413 ducentos

200 2445 404 2493 ducatos
426 2461 454 2492 a
475 2447 530 2492 D.
552 2447 734 2494 Jacobo
752 2447 811 2494 de
835 2447 1245 2496 Piccolominibus
1259 2464 1348 2510 pro
1365 2463 1561 2496 camera
1577 2448 1817 2496 conclavis
1837 2449 1906 2497 Pii
1921 2451 1981 2497 lIl

202 2530 248 2574 et
275 2530 330 2575 D.
360 2527 662 2590 Alphonsum
686 2529 910 2589 Ricenas,
944 2532 1209 2579 Antonium
1237 2534 1491 2580 Zenum'et
1519 2548 1596 2580 me
1625 2532 1686 2580 ad
1721 2533 1984 2581 sollicitan-

203 2610 315 2657 dum
361 2610 762 2674 supplicationem
805 2607 1209 2661 conclavistarum
1250 2615 1379 2676 apud
1423 2617 1624 2678 Papam,
1669 2619 1717 2663 et
1763 2616 1986 2664 similiter

205 2694 495 2758 quingentos
521 2695 723 2743 ducatos
746 2696 805 2742 de
823 2695 1046 2754 carlenis,
1076 2712 1166 2760 pro
1190 2713 1404 2745 camera.

251 2774 354 2825 ¹Die
389 2777 649 2837 dominica,
690 2782 744 2826 12
780 2779 1080 2837 novembris,
1119 2782 1173 2827 D.
1213 2781 1463 2839 Antonius,
1503 2782 1985 2847 subconsanguineus

209 2861 265 2907 D.
290 2863 346 2909 N.
375 2876 517 2924 pape,
545 2861 802 2924 deputatus
829 2862 1109 2926 capitaneus
1133 2863 1350 2911 custodie
1384 2863 1568 2927 palatii,
1591 2863 1775 2912 intravit
1808 2866 1854 2912 in
1881 2881 1987 2928 pos-

207 2944 493 2992 sessionem.

273 3028 454 3076 Eadem
477 3028 569 3087 die,
602 3029 860 3077 cardinalis
892 3047 930 3078 S.
971 3031 1166 3095 Georgii
1201 3032 1286 3079 suit
1312 3032 1372 3080 ad
1407 3033 1663 3096 prandium
1689 3049 1799 3081 cum
1823 3036 1983 3098 Papa:

209 3126 303 3174 quo
328 3111 475 3171 facto,
503 3112 584 3160 ivit
608 3128 695 3176 per
718 3113 1033 3161 curritorium
1052 3114 1112 3163 ad
1133 3119 1350 3181 clastrum
1374 3132 1412 3163 s.
1441 3115 1609 3180 Angcli
1636 3120 1812 3165 etcum
1838 3133 1895 3165 co
1929 3120 1984 3166 D.

259 3329 292 3367 1.
320 3330 417 3367 Telle
448 3335 504 3368 est
534 3331 570 3368 la
601 3332 702 3378 lec-on
737 3333 785 3368 du
822 3345 912 3369 mss.
948 3332 1079 3375 13,739
1111 3338 1148 3370 et
1179 3334 1224 3370 de
1257 3333 1291 3370 la
1314 3334 1503 3370 deuxieme
1542 3333 1644 3381 copie
1677 3334 1725 3370 du
1759 3346 1847 3373 mss,
1881 3336 1990 3379 5,163
2034 3340 2043 3345 ”

209 3389 272 3426 sol.
297 3390 377 3425 183.
408 3401 443 3426 ν.
471 3390 541 3427 Les
570 3403 659 3428 mSS.
690 3391 796 3439 Chigi
827 3395 865 3428 et
887 3393 993 3436 5,163
1016 3392 1206 3440 (premiere
1233 3392 1347 3440 copie)
1370 3393 1393 3429 f.
1423 3395 1483 3430 58.
1511 3405 1546 3430 v.
1576 3393 1739 3430 donnent
1762 3396 1781 3430 a
1807 3397 1919 3432 tort«
1946 3395 1990 3432 ad

212 3447 309 3483 diem
324 3448 371 3483 22
390 3447 500 3495 hUJus
518 3463 555 3484 ».

404 3543 435 3567 τ.
466 3542 517 3568 111.
1734 3539 1782 3574 20
