<?xml version="1.0" encoding="UTF-8"?>
<!DOCTYPE html PUBLIC "-//W3C//DTD XHTML 1.0 Transitional//EN"
    "http://www.w3.org/TR/xhtml1/DTD/xhtml1-transitional.dtd">
<html xmlns="http://www.w3.org/1999/xhtml" xml:lang="en" lang="en">
 <head>
  <title>
</title>
<meta http-equiv="Content-Type" content="text/html;charset=utf-8" />
  <meta name='ocr-system' content='tesseract 3.04.00' />
  <meta name='ocr-capabilities' content='ocr_page ocr_carea ocr_par ocr_line ocrx_word'/>
</head>
<body>
  <div class='ocr_page' id='page_1' title='image "./diariumsivererum03burcuoft_0340.png"; bbox 0 0 2228 3938; ppageno 0'>
   <div class='ocr_carea' id='block_1_1' title="bbox 282 300 2059 365">
    <p class='ocr_par' dir='ltr' id='par_1_1' title="bbox 282 300 2059 365">
     <span class='ocr_line' id='line_1_1' title="bbox 282 300 2059 365; baseline -0.001 -9"><span class='ocrx_word' id='word_1_1' title='bbox 282 321 352 357; x_wconf 84' lang='lat'>258</span> <span class='ocrx_word' id='word_1_2' title='bbox 412 300 415 303; x_wconf 69' lang='grc'><em>’</em></span> <span class='ocrx_word' id='word_1_3' title='bbox 890 317 1125 354; x_wconf 74' lang='lat' dir='ltr'><strong>JOHANNIS</strong></span> <span class='ocrx_word' id='word_1_4' title='bbox 1157 316 1455 365; x_wconf 75' lang='lat' dir='ltr'>BURCHARBI,</span> <span class='ocrx_word' id='word_1_5' title='bbox 1700 305 1941 363; x_wconf 62' lang='lat' dir='ltr'>[Septembre</span> <span class='ocrx_word' id='word_1_6' title='bbox 1962 321 2059 365; x_wconf 88' lang='lat'><strong>1503]</strong></span> 
     </span>
    </p>
   </div>
   <div class='ocr_carea' id='block_1_2' title="bbox 279 419 2068 3391">
    <p class='ocr_par' dir='ltr' id='par_1_2' title="bbox 279 419 2068 3391">
     <span class='ocr_line' id='line_1_2' title="bbox 283 419 2064 483; baseline 0.001 -13"><span class='ocrx_word' id='word_1_7' title='bbox 283 422 333 470; x_wconf 93' lang='lat' dir='ltr'>in</span> <span class='ocrx_word' id='word_1_8' title='bbox 354 437 504 470; x_wconf 88' lang='lat' dir='ltr'>cornu</span> <span class='ocrx_word' id='word_1_9' title='bbox 529 419 778 483; x_wconf 88' lang='lat' dir='ltr'>evangelii.</span> <span class='ocrx_word' id='word_1_10' title='bbox 807 419 1131 467; x_wconf 77' lang='lat' dir='ltr'><strong>iuterfuerunt</strong></span> <span class='ocrx_word' id='word_1_11' title='bbox 1163 419 1329 483; x_wconf 88' lang='lat' dir='ltr'>viginti</span> <span class='ocrx_word' id='word_1_12' title='bbox 1363 419 1653 481; x_wconf 78' lang='lat' dir='ltr'>cardinales,</span> <span class='ocrx_word' id='word_1_13' title='bbox 1685 420 1911 470; x_wconf 90' lang='lat' dir='ltr'>videlicet</span> <span class='ocrx_word' id='word_1_14' title='bbox 1941 425 2064 472; x_wconf 91' lang='lat' dir='ltr'>Nea—</span> 
     </span>
     <span class='ocr_line' id='line_1_3' title="bbox 282 501 2066 569; baseline 0.001 -17"><span class='ocrx_word' id='word_1_15' title='bbox 282 505 542 569; x_wconf 88' lang='lat' dir='ltr'>politanus,</span> <span class='ocrx_word' id='word_1_16' title='bbox 581 501 941 560; x_wconf 82' lang='lat' dir='ltr'>RecanatensiS‚</span> <span class='ocrx_word' id='word_1_17' title='bbox 980 502 1223 566; x_wconf 72' lang='lat' dir='ltr'>episcopi,</span> <span class='ocrx_word' id='word_1_18' title='bbox 1250 502 1622 564; x_wconf 88' lang='lat' dir='ltr'>Alexandrinus,</span> <span class='ocrx_word' id='word_1_19' title='bbox 1660 521 1699 552; x_wconf 90' lang='lat' dir='ltr'>s.</span> <span class='ocrx_word' id='word_1_20' title='bbox 1739 504 1928 564; x_wconf 79' lang='lat' dir='ltr'>CruciS,</span> <span class='ocrx_word' id='word_1_21' title='bbox 1956 507 2066 554; x_wconf 91' lang='lat' dir='ltr'>Gri-</span> 
     </span>
     <span class='ocr_line' id='line_1_4' title="bbox 282 585 2061 652; baseline 0.001 -17"><span class='ocrx_word' id='word_1_22' title='bbox 282 604 474 644; x_wconf 90' lang='lat' dir='ltr'>manus,</span> <span class='ocrx_word' id='word_1_23' title='bbox 525 585 838 644; x_wconf 87' lang='lat' dir='ltr'>Arborensis‚</span> <span class='ocrx_word' id='word_1_24' title='bbox 889 585 1204 644; x_wconf 79' lang='lat' dir='ltr'>CusentinUS,</span> <span class='ocrx_word' id='word_1_25' title='bbox 1254 586 1603 647; x_wconf 84' lang='lat' dir='ltr'>SalernitanuS,</span> <span class='ocrx_word' id='word_1_26' title='bbox 1657 588 2061 652; x_wconf 88' lang='lat' dir='ltr'>Caputaquensis‚</span> 
     </span>
     <span class='ocr_line' id='line_1_5' title="bbox 283 668 2059 732; baseline 0.002 -14"><span class='ocrx_word' id='word_1_27' title='bbox 283 669 621 729; x_wconf 83' lang='lat' dir='ltr'>Bononiensis,</span> <span class='ocrx_word' id='word_1_28' title='bbox 658 669 837 717; x_wconf 90' lang='lat' dir='ltr'>Montis</span> <span class='ocrx_word' id='word_1_29' title='bbox 871 668 1080 732; x_wconf 82' lang='lat' dir='ltr'>Regalis,</span> <span class='ocrx_word' id='word_1_30' title='bbox 1114 669 1393 729; x_wconf 87' lang='lat' dir='ltr'>Perusinus,</span> <span class='ocrx_word' id='word_1_31' title='bbox 1431 670 1745 731; x_wconf 91' lang='lat' dir='ltr'>Vulteranus,</span> <span class='ocrx_word' id='word_1_32' title='bbox 1785 671 1844 725; x_wconf 88' lang='lat' dir='ltr'>de</span> <span class='ocrx_word' id='word_1_33' title='bbox 1881 672 2059 732; x_wconf 91' lang='lat' dir='ltr'>Flisco,</span> 
     </span>
     <span class='ocr_line' id='line_1_6' title="bbox 279 751 2060 819; baseline 0.001 -18"><span class='ocrx_word' id='word_1_34' title='bbox 279 753 579 818; x_wconf 80' lang='lat' dir='ltr'>presbyteri3</span> <span class='ocrx_word' id='word_1_35' title='bbox 617 752 864 811; x_wconf 87' lang='lat' dir='ltr'>Senensis,</span> <span class='ocrx_word' id='word_1_36' title='bbox 900 751 1129 812; x_wconf 84' lang='lat' dir='ltr'>Medices,</span> <span class='ocrx_word' id='word_1_37' title='bbox 1166 751 1446 812; x_wconf 84' lang='lat' dir='ltr'>Cesarinus,</span> <span class='ocrx_word' id='word_1_38' title='bbox 1486 754 1545 801; x_wconf 91' lang='lat' dir='ltr'>de</span> <span class='ocrx_word' id='word_1_39' title='bbox 1571 754 1826 814; x_wconf 90' lang='lat' dir='ltr'>Alibretto,</span> <span class='ocrx_word' id='word_1_40' title='bbox 1865 756 2060 819; x_wconf 87' lang='lat' dir='ltr'>Borgia,</span> 
     </span>
     <span class='ocr_line' id='line_1_7' title="bbox 281 820 2063 900; baseline 0.001 -15"><span class='ocrx_word' id='word_1_41' title='bbox 281 835 868 900; x_wconf 90' lang='lat' dir='ltr'>Constantinopolitanus,</span> <span class='ocrx_word' id='word_1_42' title='bbox 906 820 1122 883; x_wconf 74' lang='lat' dir='ltr'>diaconi.v</span> <span class='ocrx_word' id='word_1_43' title='bbox 1170 837 1459 885; x_wconf 84' lang='lat' dir='ltr'>Sermonem</span> <span class='ocrx_word' id='word_1_44' title='bbox 1509 837 1624 886; x_wconf 90' lang='lat' dir='ltr'>fecit</span> <span class='ocrx_word' id='word_1_45' title='bbox 1666 841 1723 886; x_wconf 91' lang='lat' dir='ltr'>D.</span> <span class='ocrx_word' id='word_1_46' title='bbox 1773 838 2063 886; x_wconf 88' lang='lat' dir='ltr'>Octavianus</span> 
     </span>
     <span class='ocr_line' id='line_1_8' title="bbox 280 918 2063 985; baseline 0.001 -17"><span class='ocrx_word' id='word_1_47' title='bbox 280 919 623 968; x_wconf 86' lang='lat' dir='ltr'>Arcimboldus</span> <span class='ocrx_word' id='word_1_48' title='bbox 666 918 1081 982; x_wconf 80' lang='lat' dir='ltr'>prothonotariUS,</span> <span class='ocrx_word' id='word_1_49' title='bbox 1121 922 1251 966; x_wconf 83' lang='lat' dir='ltr'>stans</span> <span class='ocrx_word' id='word_1_50' title='bbox 1291 919 1339 967; x_wconf 92' lang='lat' dir='ltr'>in</span> <span class='ocrx_word' id='word_1_51' title='bbox 1379 920 1581 984; x_wconf 86' lang='lat' dir='ltr'>pulpito,</span> <span class='ocrx_word' id='word_1_52' title='bbox 1627 923 1775 979; x_wconf 87' lang='lat' dir='ltr'>retro,</span> <span class='ocrx_word' id='word_1_53' title='bbox 1820 920 1869 968; x_wconf 93' lang='lat' dir='ltr'>in</span> <span class='ocrx_word' id='word_1_54' title='bbox 1907 921 2063 985; x_wconf 89' lang='lat' dir='ltr'>capite</span> 
     </span>
     <span class='ocr_line' id='line_1_9' title="bbox 282 1002 2065 1062; baseline 0 -10"><span class='ocrx_word' id='word_1_55' title='bbox 282 1018 594 1052; x_wconf 77' lang='lat' dir='ltr'>scamnorum</span> <span class='ocrx_word' id='word_1_56' title='bbox 623 1002 841 1051; x_wconf 93' lang='lat' dir='ltr'>omnium</span> <span class='ocrx_word' id='word_1_57' title='bbox 874 1002 1127 1062; x_wconf 88' lang='lat' dir='ltr'>laicorum,</span> <span class='ocrx_word' id='word_1_58' title='bbox 1162 1002 1211 1049; x_wconf 89' lang='lat' dir='ltr'>in</span> <span class='ocrx_word' id='word_1_59' title='bbox 1242 1003 1338 1051; x_wconf 88' lang='lat' dir='ltr'>fine</span> <span class='ocrx_word' id='word_1_60' title='bbox 1369 1003 1619 1052; x_wconf 89' lang='lat' dir='ltr'>seniorum</span> <span class='ocrx_word' id='word_1_61' title='bbox 1654 1004 2000 1052; x_wconf 90' lang='lat' dir='ltr'>diaconorum:</span> <span class='ocrx_word' id='word_1_62' title='bbox 2039 1020 2065 1052; x_wconf 85' lang='lat' dir='ltr'>a</span> 
     </span>
     <span class='ocr_line' id='line_1_10' title="bbox 280 1085 2067 1151; baseline -0.001 -15"><span class='ocrx_word' id='word_1_63' title='bbox 280 1088 377 1136; x_wconf 90' lang='lat' dir='ltr'>fine</span> <span class='ocrx_word' id='word_1_64' title='bbox 403 1086 586 1135; x_wconf 80' lang='lat' dir='ltr'>scamni</span> <span class='ocrx_word' id='word_1_65' title='bbox 618 1086 1038 1150; x_wconf 77' lang='lat' dir='ltr'>presbyterorum,</span> <span class='ocrx_word' id='word_1_66' title='bbox 1077 1085 1222 1133; x_wconf 85' lang='lat' dir='ltr'>etiam</span> <span class='ocrx_word' id='word_1_67' title='bbox 1255 1102 1344 1149; x_wconf 91' lang='lat' dir='ltr'>per</span> <span class='ocrx_word' id='word_1_68' title='bbox 1378 1087 1578 1151; x_wconf 90' lang='lat' dir='ltr'>longum</span> <span class='ocrx_word' id='word_1_69' title='bbox 1614 1087 1838 1147; x_wconf 87' lang='lat' dir='ltr'>ecclesie,</span> <span class='ocrx_word' id='word_1_70' title='bbox 1870 1087 2067 1136; x_wconf 87' lang='lat' dir='ltr'>fuerunt</span> 
     </span>
     <span class='ocr_line' id='line_1_11' title="bbox 282 1157 2068 1234; baseline -0.001 -15"><span class='ocrx_word' id='word_1_71' title='bbox 282 1171 451 1220; x_wconf 92' lang='lat' dir='ltr'>decem</span> <span class='ocrx_word' id='word_1_72' title='bbox 478 1185 677 1218; x_wconf 88' lang='lat' dir='ltr'>scamna</span> <span class='ocrx_word' id='word_1_73' title='bbox 703 1184 791 1233; x_wconf 93' lang='lat' dir='ltr'>pro</span> <span class='ocrx_word' id='word_1_74' title='bbox 821 1168 1020 1232; x_wconf 91' lang='lat' dir='ltr'>prelatis</span> <span class='ocrx_word' id='word_1_75' title='bbox 1045 1157 1208 1232; x_wconf 79' lang='lat' dir='ltr'>longa.</span> <span class='ocrx_word' id='word_1_76' title='bbox 1232 1170 1454 1217; x_wconf 82' lang='lat' dir='ltr'>Castrum</span> <span class='ocrx_word' id='word_1_77' title='bbox 1479 1170 1661 1218; x_wconf 92' lang='lat' dir='ltr'>doloris</span> <span class='ocrx_word' id='word_1_78' title='bbox 1691 1170 1903 1234; x_wconf 90' lang='lat' dir='ltr'>positum</span> <span class='ocrx_word' id='word_1_79' title='bbox 1932 1171 2068 1219; x_wconf 88' lang='lat' dir='ltr'>suita</span> 
     </span>
     <span class='ocr_line' id='line_1_12' title="bbox 281 1251 2067 1317; baseline -0.001 -15"><span class='ocrx_word' id='word_1_80' title='bbox 281 1254 379 1302; x_wconf 89' lang='lat' dir='ltr'>fine</span> <span class='ocrx_word' id='word_1_81' title='bbox 403 1254 594 1301; x_wconf 88' lang='lat' dir='ltr'>illarum</span> <span class='ocrx_word' id='word_1_82' title='bbox 626 1252 773 1301; x_wconf 92' lang='lat' dir='ltr'>trium</span> <span class='ocrx_word' id='word_1_83' title='bbox 801 1256 1055 1315; x_wconf 86' lang='lat' dir='ltr'>petrarum</span> <span class='ocrx_word' id='word_1_84' title='bbox 1085 1252 1341 1315; x_wconf 87' lang='lat' dir='ltr'>longarum</span> <span class='ocrx_word' id='word_1_85' title='bbox 1373 1251 1423 1299; x_wconf 92' lang='lat' dir='ltr'>in</span> <span class='ocrx_word' id='word_1_86' title='bbox 1453 1252 1615 1301; x_wconf 87' lang='lat' dir='ltr'>medio</span> <span class='ocrx_word' id='word_1_87' title='bbox 1652 1253 1875 1312; x_wconf 91' lang='lat' dir='ltr'>ecclesie,</span> <span class='ocrx_word' id='word_1_88' title='bbox 1911 1254 2067 1317; x_wconf 89' lang='lat' dir='ltr'>magis</span> 
     </span>
     <span class='ocr_line' id='line_1_13' title="bbox 282 1335 2066 1400; baseline 0 -15"><span class='ocrx_word' id='word_1_89' title='bbox 282 1343 445 1386; x_wconf 87' lang='lat' dir='ltr'>tamen</span> <span class='ocrx_word' id='word_1_90' title='bbox 486 1353 654 1386; x_wconf 87' lang='lat' dir='ltr'>versus</span> <span class='ocrx_word' id='word_1_91' title='bbox 693 1339 909 1400; x_wconf 88' lang='lat' dir='ltr'>portam.</span> <span class='ocrx_word' id='word_1_92' title='bbox 963 1338 1078 1383; x_wconf 91' lang='lat' dir='ltr'>Post</span> <span class='ocrx_word' id='word_1_93' title='bbox 1126 1335 1400 1384; x_wconf 87' lang='lat' dir='ltr'>orationem</span> <span class='ocrx_word' id='word_1_94' title='bbox 1447 1336 1754 1385; x_wconf 89' lang='lat' dir='ltr'>absolverunt</span> <span class='ocrx_word' id='word_1_95' title='bbox 1793 1337 2066 1385; x_wconf 86' lang='lat' dir='ltr'>cardinales</span> 
     </span>
     <span class='ocr_line' id='line_1_14' title="bbox 280 1417 2063 1484; baseline -0.001 -15"><span class='ocrx_word' id='word_1_96' title='bbox 280 1420 642 1484; x_wconf 87' lang='lat' dir='ltr'>Neapolitanus,</span> <span class='ocrx_word' id='word_1_97' title='bbox 664 1417 1035 1475; x_wconf 80' lang='lat' dir='ltr'>Alexandrinus,</span> <span class='ocrx_word' id='word_1_98' title='bbox 1055 1434 1093 1465; x_wconf 88' lang='lat' dir='ltr'>S.</span> <span class='ocrx_word' id='word_1_99' title='bbox 1123 1418 1286 1466; x_wconf 89' lang='lat' dir='ltr'>Crucis</span> <span class='ocrx_word' id='word_1_100' title='bbox 1309 1422 1357 1466; x_wconf 90' lang='lat' dir='ltr'>et</span> <span class='ocrx_word' id='word_1_101' title='bbox 1377 1419 1631 1467; x_wconf 89' lang='lat' dir='ltr'>Grimanus</span> <span class='ocrx_word' id='word_1_102' title='bbox 1651 1435 1660 1467; x_wconf 90' lang='lat'>:</span> <span class='ocrx_word' id='word_1_103' title='bbox 1687 1436 1833 1483; x_wconf 89' lang='lat' dir='ltr'>super</span> <span class='ocrx_word' id='word_1_104' title='bbox 1852 1423 2063 1468; x_wconf 85' lang='lat' dir='ltr'>castrum</span> 
     </span>
     <span class='ocr_line' id='line_1_15' title="bbox 283 1501 2063 1567; baseline 0 -16"><span class='ocrx_word' id='word_1_105' title='bbox 283 1503 465 1551; x_wconf 92' lang='lat' dir='ltr'>doloris</span> <span class='ocrx_word' id='word_1_106' title='bbox 486 1503 644 1567; x_wconf 90' lang='lat' dir='ltr'>posita</span> <span class='ocrx_word' id='word_1_107' title='bbox 662 1503 857 1550; x_wconf 90' lang='lat' dir='ltr'>fuerunt</span> <span class='ocrx_word' id='word_1_108' title='bbox 872 1501 1120 1550; x_wconf 89' lang='lat' dir='ltr'>intorticia</span> <span class='ocrx_word' id='word_1_109' title='bbox 1136 1517 1308 1550; x_wconf 91' lang='lat' dir='ltr'>novem</span> <span class='ocrx_word' id='word_1_110' title='bbox 1327 1505 1375 1550; x_wconf 89' lang='lat' dir='ltr'>et</span> <span class='ocrx_word' id='word_1_111' title='bbox 1397 1503 1702 1567; x_wconf 90' lang='lat' dir='ltr'>septingente</span> <span class='ocrx_word' id='word_1_112' title='bbox 1721 1503 1878 1551; x_wconf 88' lang='lat' dir='ltr'>facule</span> <span class='ocrx_word' id='word_1_113' title='bbox 1901 1503 2063 1552; x_wconf 92' lang='lat' dir='ltr'>medie</span> 
     </span>
     <span class='ocr_line' id='line_1_16' title="bbox 282 1584 2060 1648; baseline 0 -14"><span class='ocrx_word' id='word_1_114' title='bbox 282 1586 404 1634; x_wconf 88' lang='lat' dir='ltr'>libre</span> <span class='ocrx_word' id='word_1_115' title='bbox 429 1586 556 1634; x_wconf 85' lang='lat' dir='ltr'>infra</span> <span class='ocrx_word' id='word_1_116' title='bbox 579 1585 942 1648; x_wconf 80' lang='lat' dir='ltr'>quinquagenta</span> <span class='ocrx_word' id='word_1_117' title='bbox 962 1584 1225 1643; x_wconf 84' lang='lat' dir='ltr'>intorticia,</span> <span class='ocrx_word' id='word_1_118' title='bbox 1251 1585 1344 1632; x_wconf 91' lang='lat' dir='ltr'>duo</span> <span class='ocrx_word' id='word_1_119' title='bbox 1361 1600 1504 1648; x_wconf 87' lang='lat' dir='ltr'>super</span> <span class='ocrx_word' id='word_1_120' title='bbox 1528 1586 1718 1633; x_wconf 91' lang='lat' dir='ltr'>duobus</span> <span class='ocrx_word' id='word_1_121' title='bbox 1735 1586 2060 1646; x_wconf 84' lang='lat' dir='ltr'>candelabris,</span> 
     </span>
     <span class='ocr_line' id='line_1_17' title="bbox 286 1666 2062 1733; baseline 0 -16"><span class='ocrx_word' id='word_1_122' title='bbox 286 1669 379 1717; x_wconf 89' lang='lat' dir='ltr'>alia</span> <span class='ocrx_word' id='word_1_123' title='bbox 395 1669 456 1716; x_wconf 92' lang='lat' dir='ltr'>ad</span> <span class='ocrx_word' id='word_1_124' title='bbox 479 1672 625 1732; x_wconf 84' lang='lat' dir='ltr'>caput</span> <span class='ocrx_word' id='word_1_125' title='bbox 648 1670 697 1716; x_wconf 94' lang='lat' dir='ltr'>et</span> <span class='ocrx_word' id='word_1_126' title='bbox 718 1667 886 1731; x_wconf 89' lang='lat' dir='ltr'>pedes.</span> <span class='ocrx_word' id='word_1_127' title='bbox 914 1666 1108 1714; x_wconf 88' lang='lat' dir='ltr'>Lectica</span> <span class='ocrx_word' id='word_1_128' title='bbox 1130 1667 1221 1714; x_wconf 89' lang='lat' dir='ltr'>suit</span> <span class='ocrx_word' id='word_1_129' title='bbox 1247 1666 1390 1715; x_wconf 86' lang='lat' dir='ltr'>bassa</span> <span class='ocrx_word' id='word_1_130' title='bbox 1411 1671 1457 1715; x_wconf 90' lang='lat' dir='ltr'>et</span> <span class='ocrx_word' id='word_1_131' title='bbox 1481 1667 1741 1727; x_wconf 87' lang='lat' dir='ltr'>abreviata,</span> <span class='ocrx_word' id='word_1_132' title='bbox 1777 1671 1824 1716; x_wconf 89' lang='lat' dir='ltr'>et</span> <span class='ocrx_word' id='word_1_133' title='bbox 1850 1673 1981 1733; x_wconf 83' lang='lat' dir='ltr'>recta</span> <span class='ocrx_word' id='word_1_134' title='bbox 2002 1669 2062 1717; x_wconf 84' lang='lat' dir='ltr'>ad</span> 
     </span>
     <span class='ocr_line' id='line_1_18' title="bbox 283 1751 2065 1818; baseline -0.001 -16"><span class='ocrx_word' id='word_1_135' title='bbox 283 1753 641 1818; x_wconf 83' lang='lat' dir='ltr'>longitudinem</span> <span class='ocrx_word' id='word_1_136' title='bbox 674 1752 950 1816; x_wconf 90' lang='lat' dir='ltr'>palmorum</span> <span class='ocrx_word' id='word_1_137' title='bbox 982 1751 1218 1799; x_wconf 86' lang='lat' dir='ltr'>tredecim</span> <span class='ocrx_word' id='word_1_138' title='bbox 1250 1751 1515 1799; x_wconf 84' lang='lat' dir='ltr'>altitudinis</span> <span class='ocrx_word' id='word_1_139' title='bbox 1556 1751 1767 1815; x_wconf 90' lang='lat' dir='ltr'>quinque</span> <span class='ocrx_word' id='word_1_140' title='bbox 1805 1758 1853 1800; x_wconf 91' lang='lat' dir='ltr'>et</span> <span class='ocrx_word' id='word_1_141' title='bbox 1887 1752 2065 1800; x_wconf 92' lang='lat' dir='ltr'>latudi-</span> 
     </span>
     <span class='ocr_line' id='line_1_19' title="bbox 287 1834 2067 1901; baseline -0.001 -16"><span class='ocrx_word' id='word_1_142' title='bbox 287 1837 364 1885; x_wconf 89' lang='lat' dir='ltr'>nis</span> <span class='ocrx_word' id='word_1_143' title='bbox 396 1874 510 1885; x_wconf 90' lang='grc'><strong>......</strong></span> <span class='ocrx_word' id='word_1_144' title='bbox 540 1835 621 1901; x_wconf 88' lang='lat'>(1),</span> <span class='ocrx_word' id='word_1_145' title='bbox 650 1839 853 1899; x_wconf 88' lang='lat' dir='ltr'>propter</span> <span class='ocrx_word' id='word_1_146' title='bbox 879 1835 1097 1899; x_wconf 91' lang='lat' dir='ltr'>pallium,</span> <span class='ocrx_word' id='word_1_147' title='bbox 1128 1837 1176 1883; x_wconf 93' lang='lat' dir='ltr'>et</span> <span class='ocrx_word' id='word_1_148' title='bbox 1201 1834 1268 1882; x_wconf 90' lang='lat' dir='ltr'>sic</span> <span class='ocrx_word' id='word_1_149' title='bbox 1288 1834 1413 1883; x_wconf 89' lang='lat' dir='ltr'>bene</span> <span class='ocrx_word' id='word_1_150' title='bbox 1439 1835 1527 1883; x_wconf 88' lang='lat' dir='ltr'>fuit</span> <span class='ocrx_word' id='word_1_151' title='bbox 1554 1851 1564 1883; x_wconf 74' lang='grc' dir='ltr'><strong><em>ε</em></strong></span> <span class='ocrx_word' id='word_1_152' title='bbox 1591 1835 1679 1883; x_wconf 93' lang='lat' dir='ltr'>sed</span> <span class='ocrx_word' id='word_1_153' title='bbox 1698 1835 1746 1882; x_wconf 93' lang='lat' dir='ltr'>in</span> <span class='ocrx_word' id='word_1_154' title='bbox 1772 1835 1948 1899; x_wconf 90' lang='lat' dir='ltr'>palatio</span> <span class='ocrx_word' id='word_1_155' title='bbox 1978 1836 2067 1884; x_wconf 86' lang='lat' dir='ltr'>fuit</span> 
     </span>
     <span class='ocr_line' id='line_1_20' title="bbox 284 1918 2064 1982; baseline 0 -15"><span class='ocrx_word' id='word_1_156' title='bbox 284 1920 434 1979; x_wconf 88' lang='lat' dir='ltr'>fraus,</span> <span class='ocrx_word' id='word_1_157' title='bbox 464 1919 577 1982; x_wconf 91' lang='lat' dir='ltr'>quia</span> <span class='ocrx_word' id='word_1_158' title='bbox 603 1918 812 1967; x_wconf 88' lang='lat' dir='ltr'>debebat</span> <span class='ocrx_word' id='word_1_159' title='bbox 839 1934 945 1966; x_wconf 89' lang='lat' dir='ltr'>esse</span> <span class='ocrx_word' id='word_1_160' title='bbox 967 1918 1026 1966; x_wconf 91' lang='lat' dir='ltr'>de</span> <span class='ocrx_word' id='word_1_161' title='bbox 1050 1918 1158 1966; x_wconf 90' lang='lat' dir='ltr'>telis</span> <span class='ocrx_word' id='word_1_162' title='bbox 1178 1918 1390 1981; x_wconf 88' lang='lat' dir='ltr'>quinque</span> <span class='ocrx_word' id='word_1_163' title='bbox 1417 1924 1463 1966; x_wconf 90' lang='lat' dir='ltr'>et</span> <span class='ocrx_word' id='word_1_164' title='bbox 1486 1918 1575 1966; x_wconf 87' lang='lat' dir='ltr'>fuit</span> <span class='ocrx_word' id='word_1_165' title='bbox 1599 1918 1658 1966; x_wconf 93' lang='lat' dir='ltr'>de</span> <span class='ocrx_word' id='word_1_166' title='bbox 1685 1922 1908 1981; x_wconf 86' lang='lat' dir='ltr'>quatuor,</span> <span class='ocrx_word' id='word_1_167' title='bbox 1935 1920 2064 1968; x_wconf 87' lang='lat' dir='ltr'>furto</span> 
     </span>
     <span class='ocr_line' id='line_1_21' title="bbox 284 2001 2066 2064; baseline -0.001 -13"><span class='ocrx_word' id='word_1_168' title='bbox 284 2002 515 2052; x_wconf 88' lang='lat' dir='ltr'>thesaurii</span> <span class='ocrx_word' id='word_1_169' title='bbox 551 2001 767 2064; x_wconf 85' lang='lat' dir='ltr'>episcopi</span> <span class='ocrx_word' id='word_1_170' title='bbox 802 2001 1027 2048; x_wconf 89' lang='lat' dir='ltr'>Massani.</span> <span class='ocrx_word' id='word_1_171' title='bbox 1061 2004 1282 2049; x_wconf 87' lang='lat' dir='ltr'>Castrum</span> <span class='ocrx_word' id='word_1_172' title='bbox 1315 2001 1482 2049; x_wconf 87' lang='lat' dir='ltr'>habuit</span> <span class='ocrx_word' id='word_1_173' title='bbox 1522 2001 1773 2049; x_wconf 88' lang='lat' dir='ltr'>columnas</span> <span class='ocrx_word' id='word_1_174' title='bbox 1806 2004 2014 2064; x_wconf 89' lang='lat' dir='ltr'>quatuor</span> <span class='ocrx_word' id='word_1_175' title='bbox 2038 2018 2066 2050; x_wconf 92' lang='lat' dir='ltr'>a</span> 
     </span>
     <span class='ocr_line' id='line_1_22' title="bbox 284 2083 2057 2149; baseline -0.001 -16"><span class='ocrx_word' id='word_1_176' title='bbox 284 2085 667 2149; x_wconf 87' lang='lat' dir='ltr'>quolibetlatere</span> <span class='ocrx_word' id='word_1_177' title='bbox 690 2088 737 2132; x_wconf 92' lang='lat' dir='ltr'>et</span> <span class='ocrx_word' id='word_1_178' title='bbox 754 2083 803 2131; x_wconf 91' lang='lat' dir='ltr'>in</span> <span class='ocrx_word' id='word_1_179' title='bbox 825 2084 981 2146; x_wconf 90' lang='lat' dir='ltr'>capite</span> <span class='ocrx_word' id='word_1_180' title='bbox 998 2099 1143 2131; x_wconf 90' lang='lat' dir='ltr'>unam</span> <span class='ocrx_word' id='word_1_181' title='bbox 1165 2087 1210 2131; x_wconf 88' lang='lat' dir='ltr'>et</span> <span class='ocrx_word' id='word_1_182' title='bbox 1232 2083 1293 2131; x_wconf 89' lang='lat' dir='ltr'>ad</span> <span class='ocrx_word' id='word_1_183' title='bbox 1307 2084 1456 2146; x_wconf 82' lang='lat' dir='ltr'>pedes</span> <span class='ocrx_word' id='word_1_184' title='bbox 1482 2099 1646 2142; x_wconf 91' lang='lat' dir='ltr'>unam,</span> <span class='ocrx_word' id='word_1_185' title='bbox 1673 2085 1802 2147; x_wconf 92' lang='lat' dir='ltr'>quod</span> <span class='ocrx_word' id='word_1_186' title='bbox 1820 2084 1908 2131; x_wconf 88' lang='lat' dir='ltr'>fuit</span> <span class='ocrx_word' id='word_1_187' title='bbox 1933 2084 2057 2132; x_wconf 90' lang='lat' dir='ltr'>male</span> 
     </span>
     <span class='ocr_line' id='line_1_23' title="bbox 285 2166 2057 2232; baseline 0 -17"><span class='ocrx_word' id='word_1_188' title='bbox 285 2173 484 2232; x_wconf 89' lang='lat' dir='ltr'>propter</span> <span class='ocrx_word' id='word_1_189' title='bbox 498 2172 705 2231; x_wconf 86' lang='lat' dir='ltr'>quatuor</span> <span class='ocrx_word' id='word_1_190' title='bbox 720 2183 811 2231; x_wconf 86' lang='lat' dir='ltr'>que</span> <span class='ocrx_word' id='word_1_191' title='bbox 832 2166 1073 2214; x_wconf 89' lang='lat' dir='ltr'>debebant</span> <span class='ocrx_word' id='word_1_192' title='bbox 1088 2170 1219 2215; x_wconf 86' lang='lat' dir='ltr'>stare</span> <span class='ocrx_word' id='word_1_193' title='bbox 1237 2171 1372 2215; x_wconf 88' lang='lat' dir='ltr'>extra</span> <span class='ocrx_word' id='word_1_194' title='bbox 1393 2170 1440 2215; x_wconf 92' lang='lat' dir='ltr'>et</span> <span class='ocrx_word' id='word_1_195' title='bbox 1463 2167 1678 2230; x_wconf 93' lang='lat' dir='ltr'>oportuit</span> <span class='ocrx_word' id='word_1_196' title='bbox 1696 2182 1881 2230; x_wconf 89' lang='lat' dir='ltr'>ponere</span> <span class='ocrx_word' id='word_1_197' title='bbox 1901 2168 2057 2226; x_wconf 89' lang='lat' dir='ltr'>intra;</span> 
     </span>
     <span class='ocr_line' id='line_1_24' title="bbox 285 2250 2062 2314; baseline -0.001 -14"><span class='ocrx_word' id='word_1_198' title='bbox 285 2252 528 2300; x_wconf 87' lang='lat' dir='ltr'>debebant</span> <span class='ocrx_word' id='word_1_199' title='bbox 550 2267 656 2299; x_wconf 87' lang='lat' dir='ltr'>esse</span> <span class='ocrx_word' id='word_1_200' title='bbox 679 2251 740 2298; x_wconf 90' lang='lat' dir='ltr'>ad</span> <span class='ocrx_word' id='word_1_201' title='bbox 767 2250 914 2314; x_wconf 88' lang='lat' dir='ltr'>pedes</span> <span class='ocrx_word' id='word_1_202' title='bbox 937 2250 1030 2298; x_wconf 94' lang='lat' dir='ltr'>due</span> <span class='ocrx_word' id='word_1_203' title='bbox 1052 2250 1276 2298; x_wconf 90' lang='lat' dir='ltr'>columne</span> <span class='ocrx_word' id='word_1_204' title='bbox 1302 2250 1539 2309; x_wconf 90' lang='lat' dir='ltr'>similiter,</span> <span class='ocrx_word' id='word_1_205' title='bbox 1571 2253 1620 2298; x_wconf 92' lang='lat' dir='ltr'>et</span> <span class='ocrx_word' id='word_1_206' title='bbox 1643 2250 1704 2298; x_wconf 92' lang='lat' dir='ltr'>ad</span> <span class='ocrx_word' id='word_1_207' title='bbox 1725 2256 1865 2314; x_wconf 87' lang='lat' dir='ltr'>caput</span> <span class='ocrx_word' id='word_1_208' title='bbox 1889 2251 2062 2299; x_wconf 89' lang='lat' dir='ltr'>melius</span> 
     </span>
     <span class='ocr_line' id='line_1_25' title="bbox 285 2333 2058 2397; baseline 0 -15"><span class='ocrx_word' id='word_1_209' title='bbox 285 2335 470 2384; x_wconf 85' lang='lat' dir='ltr'>suisset.</span> <span class='ocrx_word' id='word_1_210' title='bbox 510 2334 704 2383; x_wconf 91' lang='lat' dir='ltr'>Funesti</span> <span class='ocrx_word' id='word_1_211' title='bbox 742 2334 941 2382; x_wconf 85' lang='lat' dir='ltr'>fuerunt</span> <span class='ocrx_word' id='word_1_212' title='bbox 979 2333 1177 2382; x_wconf 84' lang='lat' dir='ltr'>circiter</span> <span class='ocrx_word' id='word_1_213' title='bbox 1214 2334 1428 2394; x_wconf 91' lang='lat' dir='ltr'>ducenti,</span> <span class='ocrx_word' id='word_1_214' title='bbox 1466 2334 1631 2397; x_wconf 91' lang='lat' dir='ltr'>plures</span> <span class='ocrx_word' id='word_1_215' title='bbox 1668 2335 1745 2382; x_wconf 88' lang='lat' dir='ltr'>vel</span> <span class='ocrx_word' id='word_1_216' title='bbox 1780 2335 2058 2397; x_wconf 87' lang='lat' dir='ltr'>pauciores;</span> 
     </span>
     <span class='ocr_line' id='line_1_26' title="bbox 284 2416 2064 2481; baseline 0.001 -16"><span class='ocrx_word' id='word_1_217' title='bbox 284 2418 479 2466; x_wconf 83' lang='lat' dir='ltr'>fuerunt</span> <span class='ocrx_word' id='word_1_218' title='bbox 496 2423 661 2466; x_wconf 87' lang='lat' dir='ltr'>tamen</span> <span class='ocrx_word' id='word_1_219' title='bbox 682 2417 928 2464; x_wconf 83' lang='lat' dir='ltr'>distributi</span> <span class='ocrx_word' id='word_1_220' title='bbox 953 2416 1098 2480; x_wconf 85' lang='lat' dir='ltr'>panni</span> <span class='ocrx_word' id='word_1_221' title='bbox 1120 2432 1209 2480; x_wconf 86' lang='lat' dir='ltr'>pro</span> <span class='ocrx_word' id='word_1_222' title='bbox 1238 2417 1430 2466; x_wconf 86' lang='lat' dir='ltr'>circiter</span> <span class='ocrx_word' id='word_1_223' title='bbox 1452 2416 1773 2481; x_wconf 84' lang='lat' dir='ltr'>septingentis</span> <span class='ocrx_word' id='word_1_224' title='bbox 1794 2417 1994 2481; x_wconf 88' lang='lat' dir='ltr'>prelatis</span> <span class='ocrx_word' id='word_1_225' title='bbox 2016 2422 2064 2466; x_wconf 90' lang='lat' dir='ltr'>et</span> 
     </span>
     <span class='ocr_line' id='line_1_27' title="bbox 283 2498 2058 2563; baseline 0.001 -16"><span class='ocrx_word' id='word_1_226' title='bbox 283 2500 605 2548; x_wconf 84' lang='lat' dir='ltr'>familiaribus</span> <span class='ocrx_word' id='word_1_227' title='bbox 630 2500 841 2562; x_wconf 86' lang='lat' dir='ltr'>desuper</span> <span class='ocrx_word' id='word_1_228' title='bbox 870 2498 1085 2547; x_wconf 87' lang='lat' dir='ltr'>officiare</span> <span class='ocrx_word' id='word_1_229' title='bbox 1111 2499 1372 2547; x_wconf 89' lang='lat' dir='ltr'>consuetis.</span> <span class='ocrx_word' id='word_1_230' title='bbox 1403 2499 1727 2547; x_wconf 87' lang='lat' dir='ltr'>Intersuerunt</span> <span class='ocrx_word' id='word_1_231' title='bbox 1758 2499 1829 2546; x_wconf 85' lang='lat' dir='ltr'>six</span> <span class='ocrx_word' id='word_1_232' title='bbox 1852 2500 2058 2563; x_wconf 88' lang='lat' dir='ltr'>prelati:</span> 
     </span>
     <span class='ocr_line' id='line_1_28' title="bbox 284 2582 2062 2646; baseline 0.001 -16"><span class='ocrx_word' id='word_1_233' title='bbox 284 2582 611 2642; x_wconf 90' lang='lat' dir='ltr'>Zamorensis,</span> <span class='ocrx_word' id='word_1_234' title='bbox 645 2582 979 2646; x_wconf 87' lang='lat' dir='ltr'>majordomus</span> <span class='ocrx_word' id='word_1_235' title='bbox 1013 2582 1179 2645; x_wconf 85' lang='lat' dir='ltr'>palatii</span> <span class='ocrx_word' id='word_1_236' title='bbox 1220 2585 1365 2646; x_wconf 85' lang='lat' dir='ltr'>Pape,</span> <span class='ocrx_word' id='word_1_237' title='bbox 1396 2582 1696 2642; x_wconf 88' lang='lat' dir='ltr'>Narniensis,</span> <span class='ocrx_word' id='word_1_238' title='bbox 1737 2582 2002 2630; x_wconf 87' lang='lat' dir='ltr'>Calmensis</span> <span class='ocrx_word' id='word_1_239' title='bbox 2034 2599 2062 2631; x_wconf 87' lang='lat' dir='ltr'>a</span> 
     </span>
     <span class='ocr_line' id='line_1_29' title="bbox 286 2665 2058 2730; baseline 0 -16"><span class='ocrx_word' id='word_1_240' title='bbox 286 2682 436 2715; x_wconf 86' lang='lat' dir='ltr'>cornu</span> <span class='ocrx_word' id='word_1_241' title='bbox 456 2666 709 2730; x_wconf 88' lang='lat' dir='ltr'>evangelii,</span> <span class='ocrx_word' id='word_1_242' title='bbox 740 2665 1052 2728; x_wconf 87' lang='lat' dir='ltr'>Rapollanus,</span> <span class='ocrx_word' id='word_1_243' title='bbox 1078 2665 1354 2714; x_wconf 90' lang='lat' dir='ltr'>Bituntinus</span> <span class='ocrx_word' id='word_1_244' title='bbox 1376 2670 1422 2714; x_wconf 89' lang='lat' dir='ltr'>et</span> <span class='ocrx_word' id='word_1_245' title='bbox 1443 2667 1714 2714; x_wconf 87' lang='lat' dir='ltr'>Suessanus</span> <span class='ocrx_word' id='word_1_246' title='bbox 1737 2667 1798 2714; x_wconf 86' lang='lat' dir='ltr'>ab</span> <span class='ocrx_word' id='word_1_247' title='bbox 1823 2666 2058 2730; x_wconf 88' lang='lat' dir='ltr'>epistola:</span> 
     </span>
     <span class='ocr_line' id='line_1_30' title="bbox 285 2748 2063 2812; baseline -0.001 -15"><span class='ocrx_word' id='word_1_248' title='bbox 285 2749 379 2797; x_wconf 90' lang='lat' dir='ltr'>alia</span> <span class='ocrx_word' id='word_1_249' title='bbox 413 2764 547 2797; x_wconf 92' lang='lat' dir='ltr'>more</span> <span class='ocrx_word' id='word_1_250' title='bbox 588 2749 744 2796; x_wconf 82' lang='lat' dir='ltr'>solito.</span> <span class='ocrx_word' id='word_1_251' title='bbox 789 2751 829 2795; x_wconf 91' lang='lat' dir='ltr'><strong>A</strong></span> <span class='ocrx_word' id='word_1_252' title='bbox 858 2748 1090 2796; x_wconf 85' lang='lat' dir='ltr'>lateribus</span> <span class='ocrx_word' id='word_1_253' title='bbox 1131 2749 1335 2797; x_wconf 89' lang='lat' dir='ltr'>ecclesie</span> <span class='ocrx_word' id='word_1_254' title='bbox 1369 2765 1396 2796; x_wconf 90' lang='lat' dir='ltr'>a</span> <span class='ocrx_word' id='word_1_255' title='bbox 1428 2749 1646 2812; x_wconf 89' lang='lat' dir='ltr'>quolibet</span> <span class='ocrx_word' id='word_1_256' title='bbox 1681 2749 1833 2798; x_wconf 87' lang='lat' dir='ltr'>latere</span> <span class='ocrx_word' id='word_1_257' title='bbox 1867 2749 2063 2796; x_wconf 90' lang='lat' dir='ltr'>fuerunt</span> 
     </span>
     <span class='ocr_line' id='line_1_31' title="bbox 284 2830 2061 2894; baseline 0 -17"><span class='ocrx_word' id='word_1_258' title='bbox 284 2831 526 2879; x_wconf 89' lang='lat' dir='ltr'>intorticia</span> <span class='ocrx_word' id='word_1_259' title='bbox 559 2830 878 2894; x_wconf 87' lang='lat' dir='ltr'>quadraginta</span> <span class='ocrx_word' id='word_1_260' title='bbox 919 2846 1064 2893; x_wconf 83' lang='lat' dir='ltr'>super</span> <span class='ocrx_word' id='word_1_261' title='bbox 1097 2831 1220 2878; x_wconf 85' lang='lat' dir='ltr'>ostia</span> <span class='ocrx_word' id='word_1_262' title='bbox 1252 2831 1479 2879; x_wconf 90' lang='lat' dir='ltr'>undecim</span> <span class='ocrx_word' id='word_1_263' title='bbox 1517 2835 1564 2879; x_wconf 92' lang='lat' dir='ltr'>et</span> <span class='ocrx_word' id='word_1_264' title='bbox 1602 2831 1782 2879; x_wconf 92' lang='lat' dir='ltr'>ibidem</span> <span class='ocrx_word' id='word_1_265' title='bbox 1821 2831 1917 2879; x_wconf 86' lang='lat' dir='ltr'>tele</span> <span class='ocrx_word' id='word_1_266' title='bbox 1951 2845 2061 2877; x_wconf 91' lang='lat' dir='ltr'>cum</span> 
     </span>
     <span class='ocr_line' id='line_1_32' title="bbox 285 2912 2056 2977; baseline -0.001 -15"><span class='ocrx_word' id='word_1_267' title='bbox 285 2914 431 2962; x_wconf 85' lang='lat' dir='ltr'>armis</span> <span class='ocrx_word' id='word_1_268' title='bbox 463 2917 590 2977; x_wconf 90' lang='lat' dir='ltr'>Pape</span> <span class='ocrx_word' id='word_1_269' title='bbox 627 2914 727 2961; x_wconf 89' lang='lat' dir='ltr'>sine</span> <span class='ocrx_word' id='word_1_270' title='bbox 763 2913 916 2977; x_wconf 89' lang='lat' dir='ltr'>spatio</span> <span class='ocrx_word' id='word_1_271' title='bbox 943 2912 1230 2962; x_wconf 86' lang='lat' dir='ltr'>intermedio</span> <span class='ocrx_word' id='word_1_272' title='bbox 1265 2914 1474 2962; x_wconf 88' lang='lat' dir='ltr'>duorum</span> <span class='ocrx_word' id='word_1_273' title='bbox 1512 2914 1773 2977; x_wconf 90' lang='lat' dir='ltr'>digitorum</span> <span class='ocrx_word' id='word_1_274' title='bbox 1803 2913 1878 2961; x_wconf 86' lang='lat' dir='ltr'>vel</span> <span class='ocrx_word' id='word_1_275' title='bbox 1905 2913 2056 2971; x_wconf 84' lang='lat' dir='ltr'>circa;</span> 
     </span>
     <span class='ocr_line' id='line_1_33' title="bbox 284 2996 2058 3060; baseline 0.001 -17"><span class='ocrx_word' id='word_1_276' title='bbox 284 2997 479 3045; x_wconf 89' lang='lat' dir='ltr'>suerunt</span> <span class='ocrx_word' id='word_1_277' title='bbox 509 2997 655 3044; x_wconf 85' lang='lat' dir='ltr'>etiam</span> <span class='ocrx_word' id='word_1_278' title='bbox 684 2996 843 3059; x_wconf 86' lang='lat' dir='ltr'>posita</span> <span class='ocrx_word' id='word_1_279' title='bbox 875 3012 1010 3043; x_wconf 86' lang='lat' dir='ltr'>arma</span> <span class='ocrx_word' id='word_1_280' title='bbox 1044 3012 1131 3059; x_wconf 87' lang='lat' dir='ltr'>per</span> <span class='ocrx_word' id='word_1_281' title='bbox 1158 2997 1402 3045; x_wconf 87' lang='lat' dir='ltr'>tribunam</span> <span class='ocrx_word' id='word_1_282' title='bbox 1431 2997 1598 3044; x_wconf 83' lang='lat' dir='ltr'>altaris</span> <span class='ocrx_word' id='word_1_283' title='bbox 1635 2996 1833 3060; x_wconf 85' lang='lat' dir='ltr'>majoris</span> <span class='ocrx_word' id='word_1_284' title='bbox 1867 3000 1913 3043; x_wconf 89' lang='lat' dir='ltr'>et</span> <span class='ocrx_word' id='word_1_285' title='bbox 1947 2999 2058 3044; x_wconf 90' lang='lat' dir='ltr'>ante</span> 
     </span>
     <span class='ocr_line' id='line_1_34' title="bbox 282 3078 2058 3142; baseline -0.001 -16"><span class='ocrx_word' id='word_1_286' title='bbox 282 3080 414 3127; x_wconf 91' lang='lat' dir='ltr'>illam</span> <span class='ocrx_word' id='word_1_287' title='bbox 447 3095 592 3142; x_wconf 86' lang='lat' dir='ltr'>super</span> <span class='ocrx_word' id='word_1_288' title='bbox 628 3079 811 3126; x_wconf 85' lang='lat' dir='ltr'>feriatis</span> <span class='ocrx_word' id='word_1_289' title='bbox 851 3082 899 3126; x_wconf 89' lang='lat' dir='ltr'>et</span> <span class='ocrx_word' id='word_1_290' title='bbox 935 3094 1078 3141; x_wconf 86' lang='lat' dir='ltr'>super</span> <span class='ocrx_word' id='word_1_291' title='bbox 1110 3079 1346 3127; x_wconf 89' lang='lat' dir='ltr'>columnis</span> <span class='ocrx_word' id='word_1_292' title='bbox 1382 3084 1429 3128; x_wconf 90' lang='lat' dir='ltr'>et</span> <span class='ocrx_word' id='word_1_293' title='bbox 1459 3079 1564 3126; x_wconf 83' lang='lat' dir='ltr'>aliis</span> <span class='ocrx_word' id='word_1_294' title='bbox 1606 3078 1717 3126; x_wconf 89' lang='lat' dir='ltr'>hinc</span> <span class='ocrx_word' id='word_1_295' title='bbox 1751 3082 1798 3126; x_wconf 89' lang='lat' dir='ltr'>et</span> <span class='ocrx_word' id='word_1_296' title='bbox 1827 3078 1938 3126; x_wconf 91' lang='lat' dir='ltr'>inde</span> <span class='ocrx_word' id='word_1_297' title='bbox 1971 3094 2058 3142; x_wconf 85' lang='lat' dir='ltr'>per</span> 
     </span>
     <span class='ocr_line' id='line_1_35' title="bbox 279 3160 2048 3225; baseline 0 -17"><span class='ocrx_word' id='word_1_298' title='bbox 279 3161 494 3225; x_wconf 88' lang='lat' dir='ltr'>longum,</span> <span class='ocrx_word' id='word_1_299' title='bbox 530 3165 577 3209; x_wconf 90' lang='lat' dir='ltr'>et</span> <span class='ocrx_word' id='word_1_300' title='bbox 598 3176 741 3224; x_wconf 91' lang='lat' dir='ltr'>super</span> <span class='ocrx_word' id='word_1_301' title='bbox 773 3161 990 3207; x_wconf 83' lang='lat' dir='ltr'>foramen</span> <span class='ocrx_word' id='word_1_302' title='bbox 1018 3162 1201 3223; x_wconf 87' lang='lat' dir='ltr'>capelle</span> <span class='ocrx_word' id='word_1_303' title='bbox 1229 3162 1287 3209; x_wconf 86' lang='lat' dir='ltr'>de</span> <span class='ocrx_word' id='word_1_304' title='bbox 1322 3161 1554 3209; x_wconf 87' lang='lat' dir='ltr'>Febribus</span> <span class='ocrx_word' id='word_1_305' title='bbox 1583 3164 1630 3208; x_wconf 89' lang='lat' dir='ltr'>et</span> <span class='ocrx_word' id='word_1_306' title='bbox 1661 3161 1774 3208; x_wconf 89' lang='lat' dir='ltr'>alibi</span> <span class='ocrx_word' id='word_1_307' title='bbox 1800 3160 2048 3220; x_wconf 81' lang='lat' dir='ltr'>inutiliter,</span> 
     </span>
     <span class='ocr_line' id='line_1_36' title="bbox 280 3243 2044 3308; baseline 0.001 -17"><span class='ocrx_word' id='word_1_308' title='bbox 280 3248 333 3291; x_wconf 91' lang='lat' dir='ltr'>ut</span> <span class='ocrx_word' id='word_1_309' title='bbox 364 3244 518 3308; x_wconf 87' lang='lat' dir='ltr'>magis</span> <span class='ocrx_word' id='word_1_310' title='bbox 548 3247 756 3307; x_wconf 86' lang='lat' dir='ltr'>pictores</span> <span class='ocrx_word' id='word_1_311' title='bbox 785 3243 1090 3290; x_wconf 85' lang='lat' dir='ltr'>lucrarentur</span> <span class='ocrx_word' id='word_1_312' title='bbox 1128 3260 1237 3291; x_wconf 87' lang='lat' dir='ltr'>cum</span> <span class='ocrx_word' id='word_1_313' title='bbox 1270 3244 1443 3307; x_wconf 84' lang='lat' dir='ltr'>quibus</span> <span class='ocrx_word' id='word_1_314' title='bbox 1483 3244 1629 3292; x_wconf 90' lang='lat' dir='ltr'>credo</span> <span class='ocrx_word' id='word_1_315' title='bbox 1666 3244 2044 3305; x_wconf 86' lang='lat' dir='ltr'>thesaurarium,</span> 
     </span>
     <span class='ocr_line' id='line_1_37' title="bbox 281 3325 2060 3391; baseline -0.001 -16"><span class='ocrx_word' id='word_1_316' title='bbox 281 3329 562 3391; x_wconf 85' lang='lat' dir='ltr'>episcopum</span> <span class='ocrx_word' id='word_1_317' title='bbox 584 3330 879 3384; x_wconf 88' lang='lat' dir='ltr'>Massanum,</span> <span class='ocrx_word' id='word_1_318' title='bbox 903 3325 1129 3374; x_wconf 88' lang='lat' dir='ltr'>habuisse</span> <span class='ocrx_word' id='word_1_319' title='bbox 1153 3331 1358 3390; x_wconf 88' lang='lat' dir='ltr'>partem.</span> <span class='ocrx_word' id='word_1_320' title='bbox 2035 3339 2060 3365; x_wconf 41' lang='grc' dir='ltr'><strong><em>κ</em></strong></span> 
     </span>
    </p>
   </div>
   <div class='ocr_carea' id='block_1_3' title="bbox 328 3424 1401 3465">
    <p class='ocr_par' dir='ltr' id='par_1_3' title="bbox 328 3424 1401 3465">
     <span class='ocr_line' id='line_1_38' title="bbox 328 3424 1401 3465; baseline 0.002 -3"><span class='ocrx_word' id='word_1_321' title='bbox 328 3428 361 3465; x_wconf 89' lang='lat'>1.</span> <span class='ocrx_word' id='word_1_322' title='bbox 389 3427 438 3463; x_wconf 93' lang='lat' dir='ltr'>Le</span> <span class='ocrx_word' id='word_1_323' title='bbox 459 3426 587 3463; x_wconf 75' lang='lat' dir='ltr'>chiffl-e</span> <span class='ocrx_word' id='word_1_324' title='bbox 609 3430 664 3462; x_wconf 82' lang='lat' dir='ltr'>est</span> <span class='ocrx_word' id='word_1_325' title='bbox 684 3437 728 3462; x_wconf 88' lang='lat' dir='ltr'>en</span> <span class='ocrx_word' id='word_1_326' title='bbox 748 3425 854 3462; x_wconf 81' lang='lat' dir='ltr'>blanc</span> <span class='ocrx_word' id='word_1_327' title='bbox 876 3425 967 3461; x_wconf 83' lang='lat' dir='ltr'>dans</span> <span class='ocrx_word' id='word_1_328' title='bbox 986 3429 1069 3462; x_wconf 89' lang='lat' dir='ltr'>tous</span> <span class='ocrx_word' id='word_1_329' title='bbox 1090 3424 1143 3463; x_wconf 89' lang='lat' dir='ltr'>les</span> <span class='ocrx_word' id='word_1_330' title='bbox 1165 3426 1401 3464; x_wconf 82' lang='lat' dir='ltr'>manuscrits.</span> 
     </span>
    </p>
   </div>
   <div class='ocr_carea' id='block_1_4' title="bbox 1970 0 2228 81">
    <p class='ocr_par' dir='ltr' id='par_1_4' title="bbox 1970 0 2228 81">
     <span class='ocr_line' id='line_1_39' title="bbox 1970 0 2228 81; baseline 0 3857"><span class='ocrx_word' id='word_1_331' title='bbox 1970 0 2228 81; x_wconf 95' lang='lat' dir='ltr'> </span> 
     </span>
    </p>
   </div>
  </div>
 </body>
</html>
