2248 3892
956 316 1236 363 APPENDICE.
1810 344 1813 346 -
1920 324 1989 359 447

211 432 363 482 sieme,
397 435 440 473 et
474 431 617 472 vorrei
645 430 791 471 uscire
817 428 862 469 di
891 429 1088 482 generali
1111 427 1271 480 perche
1297 439 1387 468 non
1420 428 1482 468 mi
1507 427 1750 479 piacciono‚
1778 429 1823 466 et
1845 425 1988 477 piace-

209 498 407 540 rebbemi
423 498 502 539 che
522 509 604 550 voy
618 494 802 549 pig-lassi
816 506 906 535 uno
927 496 1075 546 tempo
1090 494 1170 535 che
1189 494 1265 535 noi
1285 494 1322 534 ci
1337 493 1544 534 stessimo
1560 492 1745 533 insieme
1765 491 1852 533 due
1865 491 1988 540 hore,

209 566 252 603 et
275 563 574 617 scandaglarci
596 565 639 603 et
660 561 810 603 venire
834 561 877 602 al
890 560 1168 612 particulare.
1193 560 1367 611 Risposi
1383 559 1441 600 ad
1462 560 1504 600 S.
1528 557 1721 607 sanctita
1744 569 1894 599 essere
1915 557 1988 609 qul

204 640 282 679 per
304 629 541 678 ubbidirla,
575 631 618 669 et
638 628 718 668 che
743 628 786 668 io
810 638 901 668 non
926 637 1089 678 sapevo
1115 627 1194 666 che
1222 624 1298 677 piu
1323 624 1586 677 perticulare
1617 624 1654 665 si
1680 623 1844 665 volessi
1866 622 1922 664 de
1942 623 1985 663 S.

207 695 484 736 Beatitudine
499 694 556 736 da
577 694 621 734 13
644 690 751 747 Sigi⁶
773 694 826 733 V⁰
850 692 928 733 che
950 692 1128 733 haverle
1148 703 1228 743 per
1244 702 1415 732 correre
1433 701 1606 742 sempre
1624 701 1713 731 una
1738 689 1983 730 medesima

202 759 380 802 fortuna
393 771 476 801 con
490 759 638 812 quella
657 773 667 800 :
693 759 824 811 quale
844 757 906 799 mi
925 757 1117 809 rispoxe‚
1135 756 1377 798 scrivetene
1399 757 1436 796 a'
1456 754 1559 808 Sigie
1578 754 1625 795 Vi
1642 756 1687 796 in
1702 756 1807 808 ogni
1828 755 1980 804 modo,

204 828 246 865 et
269 825 527 868 rivedrenci.
550 825 602 866 Et
624 825 714 865 cosi
746 824 807 865 mi
836 823 967 875 partii
993 822 1049 863 da
1075 824 1118 864 S.
1152 821 1346 864 Sanctita
1375 824 1419 863 et
1444 822 1496 861 V⁰
1533 819 1639 874 Sigie
1669 821 1912 863 intendono
1939 823 1983 861 et

203 903 343 933 sanno
358 903 437 943 per
454 891 587 933 molte
602 891 711 931 altre
731 890 887 931 lettere
910 889 988 930 che
1010 888 1177 930 honore
1196 886 1219 929 e
1239 888 1271 928 il
1294 899 1374 929 suo
1400 890 1442 928 et
1462 886 1574 928 dove
1604 887 1752 940 voglia
1777 886 1979 936 condusi,

203 960 245 998 et
276 969 379 1009 pero
399 956 606 998 scrivinni
631 956 780 1008 quello
806 966 911 1007 pare
931 956 1026 996 loro
1060 955 1140 996 che
1161 954 1227 995 sia
1258 965 1340 994 con
1367 964 1449 994 sua
1475 951 1669 994 Sanctita
1692 951 1985 994 communica-

203 1023 290 1065 bile
312 1023 359 1064 in
378 1026 535 1076 questa
558 1025 698 1075 parte,
725 1025 769 1063 et
792 1021 848 1063 ad
870 1032 942 1062 me
966 1021 1022 1062 da
1042 1023 1168 1073 parte
1174 1050 1254 1061 .....

258 1182 273 1201 ‹
301 1167 364 1207 Ex
386 1166 500 1208 Urbe
524 1165 594 1206 die
616 1179 729 1207 xxv„
764 1165 925 1217 Aprilis
946 1151 1058 1205 Mm.

877 1273 997 1314 Serv.
1023 1273 1266 1313 FRANciscus
1282 1285 1332 1312 m:
1362 1272 1493 1321 PEP1S,
1516 1272 1690 1319 Doctor,
1714 1271 1875 1310 orator.
1906 1285 1922 1304 ι

252 1365 400 1419 (Arch.
427 1365 620 1407 Fiorem.
651 1363 763 1406 Clas.
789 1364 840 1413 X,
863 1362 965 1404 dist.
988 1362 1027 1412 4,
1050 1360 1150 1403 filza
1172 1361 1237 1412 65,
1265 1373 1289 1402 a
1313 1373 1347 1403 c.
1373 1360 1487 1414 130.)

1057 1642 1116 1686 14

250 1791 522 1834 Funerailles
546 1792 836 1834 d'Alexandre
859 1793 910 1832 Vl
933 1791 998 1845 (22
1019 1791 1278 1846 aout1503).

248 1912 266 1931 ι
288 1897 337 1937 111
359 1896 536 1937 nomine
562 1896 752 1944 Domini,
777 1906 921 1936 amen.
948 1896 1030 1936 Per
1056 1894 1140 1935 hoc
1164 1905 1350 1946 presens
1369 1895 1597 1947 publicum
1626 1896 1973 1937 instrumentum

190 1962 358 2003 cunctis
378 1964 543 2014 pateat,
570 1964 669 2011 etc.,
699 1961 820 2013 quod
843 1971 975 2011 anno,
1008 1963 1108 2010 etc.,
1136 1960 1378 2012 apostolica
1406 1961 1512 2002 sede
1544 1973 1621 2013 per
1644 1961 1815 2002 obitum
1835 1961 1973 2003 felicis

189 2026 505 2068 recordationis
538 2026 704 2068 domini
727 2026 964 2067 Alexandri
997 2037 1110 2078 pape
1143 2026 1256 2067 sexti
1283 2029 1483 2077 vacante,
1512 2027 1559 2067 in
1588 2038 1688 2068 mea
1710 2027 1871 2068 notarii
1901 2039 1973 2069 ca-

187 2104 309 2135 mere
324 2093 564 2145 apostolice
589 2095 632 2133 et
651 2092 832 2133 testium
853 2091 1235 2144 infrascriptorum
1254 2093 1479 2144 presentia
1502 2093 1793 2145 personaliter
1814 2094 1973 2135 consti-

189 2159 288 2210 tuti,
310 2160 707 2202 reverendissimus
732 2163 776 2201 et
801 2158 948 2201 dilecti
970 2158 1016 2198 in
1040 2157 1209 2200 Christo
1232 2161 1383 2209 patres
1403 2161 1447 2199 et
1464 2157 1632 2199 domini
1650 2159 1875 2200 Johannes
1894 2159 1969 2213 (1),

186 2225 543 2278 archiepiscopus
559 2227 828 2280 Ragusinus,
844 2225 959 2266 alme
979 2223 1102 2265 urbis
1117 2223 1411 2276 gubernator;
1428 2225 1620 2265 Ventura
1639 2223 1711 2277 (2),
1734 2224 1971 2277 episcopus

185 2291 434 2344 Massanus,
465 2303 637 2334 camere
674 2290 914 2344 apostolice
947 2288 1271 2337 thesaurarius;
1305 2288 1504 2329 Andreas
1532 2287 1587 2330 de
1613 2289 1819 2339 viterbio,
1854 2290 1972 2331 sedis

185 2357 424 2409 apostolice
448 2358 830 2412 prothonotarius;
848 2357 899 2396 D.
920 2357 1118 2397 Ventura
1134 2352 1210 2407 (3),
1230 2353 1467 2405 episcopus
1494 2355 1834 2395 interamnensis
1848 2367 1858 2405 ;
1874 2351 1972 2396 Fer-

183 2422 350 2463 randus
374 2422 626 2474 Ponzettus,
650 2423 876 2464 Johannes
899 2419 974 2475 (4),
1004 2419 1238 2471 episcopus
1259 2418 1604 2469 Terracinensis,
1630 2419 1885 2461 Bonifacius
1910 2420 1965 2475 (5)

181 2487 346 2528 electus
371 2488 593 2538 Clusinus,
618 2499 791 2529 camere
814 2486 1056 2540 apostolice
1080 2484 1355 2537 presidentes
1376 2488 1419 2525 et
1437 2484 1596 2536 clerici,
1615 2485 1793 2526 nomine
1816 2489 1966 2528 tamen

182 2563 354 2594 camere
369 2552 608 2604 apostolice
627 2563 680 2593 ex
699 2564 790 2593 una
812 2554 856 2592 et
880 2550 1145 2604 spectabiles
1165 2548 1247 2590 viri
1265 2549 1431 2590 domini
1450 2549 1592 2591 Julius
1606 2550 1661 2591 de
1683 2552 1965 2603 Spanocchiis

182 2629 335 2670 prose
361 2620 405 2659 et
427 2618 556 2659 sociis
581 2617 803 2659 societatis
823 2616 1043 2659 cantantis
1063 2616 1108 2657 in
1134 2615 1246 2656 urbe
1274 2616 1356 2657 sub
1379 2616 1559 2657 nomine
1579 2616 1794 2658 heredum
1818 2630 1964 2671 quon-

182 2684 284 2725 dam
297 2683 518 2725 Ambrosii
541 2683 596 2725 de
622 2683 903 2736 Spanocchiis
928 2685 971 2724 et
991 2682 1211 2723 sociorum
1231 2685 1530 2723 mercatorum
1552 2693 1783 2724 romanam
1798 2685 1965 2726 curiam

182 2750 463 2803 sequentium
488 2752 531 2791 et
543 2749 730 2791 Jacobus
754 2749 809 2790 de
825 2748 1059 2798 Berthinis„
1086 2751 1304 2790 mercator
1322 2749 1546 2799 Senensis,
1568 2749 1717 2791 socius
1740 2751 1965 2793 societatis

180 2816 399 2857 cantantis
421 2816 468 2857 in
482 2816 593 2857 urbe
617 2815 702 2856 sub
726 2815 907 2856 nomine
936 2814 1147 2866 Stephani
1169 2813 1223 2854 de
1244 2814 1463 2856 Ghinutiis
1487 2817 1530 2856 et
1552 2815 1773 2858 sociorum
1794 2828 1961 2860 merca-

181 2885 329 2924 torum
361 2883 564 2924 eamdem
594 2893 826 2924 romanam
858 2881 1024 2922 curiam
1053 2880 1252 2922 similiter
1278 2881 1574 2933 sequentium,
1599 2892 1679 2932 pro
1709 2883 1873 2934 quibus
1895 2895 1964 2926 so·

182 2948 276 2998 ciis,
301 2951 400 2998 etc.,
423 2948 527 2990 dicti
547 2947 714 2990 domini
734 2947 876 2989 Julius
895 2949 938 2988 et
954 2946 1145 2988 Jacobus
1166 2946 1220 2987 de
1238 2950 1335 2988 rato
1360 2950 1403 2988 et
1422 2946 1732 2989 ratihabitione
1754 2947 1800 2989 in
1823 2948 1963 2991 forma

180 3015 323 3056 valida
347 3015 646 3067 promiserunt
668 3017 711 3056 et
731 3014 914 3067 quilibet
929 3024 1082 3054 eorum
1099 3012 1153 3054 de
1168 3024 1250 3054 suo
1265 3011 1441 3064 proprio
1455 3009 1733 3062 infrascripta
1752 3013 1898 3054 omnia
1919 3017 1962 3055 et

182 3080 359 3134 singula
378 3081 603 3123 attendere
624 3083 668 3123 et
690 3081 925 3122 observare
944 3090 1034 3121 non
1056 3077 1103 3119 in
1130 3089 1219 3120 non
1248 3077 1349 3120 dolo
1373 3076 1465 3131 (sic)
1496 3079 1597 3128 etc.,
1621 3076 1702 3119 sed
1726 3088 1779 3118 ex
1802 3089 1956 3120 eorum

224 3217 253 3248 1.
276 3214 454 3249 „lohannes
473 3216 533 3251 VII
553 3217 598 3251 de
618 3216 771 3251 Sacchis.

222 3271 252 3302 2.
276 3269 434 3303 Ventura
449 3271 625 3304 Benassai.

221 3324 252 3356 3.
276 3323 432 3356 Ventura
450 3324 626 3358 Buffalini.

222 3377 252 3409 4.
279 3376 460 3410 Johannes
481 3377 526 3412 de
544 3379 680 3413 calvas.

223 3431 253 3463 5.
278 3430 478 3464 Bonisacius
497 3431 541 3465 de
559 3432 673 3467 Castel
692 3434 727 3468 di
747 3434 901 3470 Lotario.
