<?xml version="1.0" encoding="UTF-8"?>
<!DOCTYPE html PUBLIC "-//W3C//DTD XHTML 1.0 Transitional//EN"
    "http://www.w3.org/TR/xhtml1/DTD/xhtml1-transitional.dtd">
<html xmlns="http://www.w3.org/1999/xhtml" xml:lang="en" lang="en">
 <head>
  <title>
</title>
<meta http-equiv="Content-Type" content="text/html;charset=utf-8" />
  <meta name='ocr-system' content='tesseract 3.04.00' />
  <meta name='ocr-capabilities' content='ocr_page ocr_carea ocr_par ocr_line ocrx_word'/>
</head>
<body>
  <div class='ocr_page' id='page_1' title='image "./diariumsivererum03burcuoft_0474.png"; bbox 0 0 2202 3918; ppageno 0'>
   <div class='ocr_carea' id='block_1_1' title="bbox 282 379 2060 426">
    <p class='ocr_par' dir='ltr' id='par_1_1' title="bbox 282 379 2060 426">
     <span class='ocr_line' id='line_1_1' title="bbox 282 379 2060 426; baseline -0.001 -5"><span class='ocrx_word' id='word_1_1' title='bbox 282 383 352 421; x_wconf 83' lang='lat'>392</span> <span class='ocrx_word' id='word_1_2' title='bbox 888 383 907 419; x_wconf 89' lang='lat' dir='ltr'>J</span> <span class='ocrx_word' id='word_1_3' title='bbox 911 382 1071 420; x_wconf 90' lang='lat' dir='ltr'>OHANN</span> <span class='ocrx_word' id='word_1_4' title='bbox 1075 383 1118 420; x_wconf 88' lang='lat' dir='ltr'>IS</span> <span class='ocrx_word' id='word_1_5' title='bbox 1153 381 1448 426; x_wconf 79' lang='lat' dir='ltr'><strong>BURCHARffl,</strong></span> <span class='ocrx_word' id='word_1_6' title='bbox 1849 379 1881 420; x_wconf 79' lang='lat' dir='ltr'>[J</span> <span class='ocrx_word' id='word_1_7' title='bbox 1885 380 1946 412; x_wconf 68' lang='lat' dir='ltr'>111ss</span> <span class='ocrx_word' id='word_1_8' title='bbox 1964 380 2060 420; x_wconf 71' lang='lat'><strong>1505]</strong></span> 
     </span>
    </p>
   </div>
   <div class='ocr_carea' id='block_1_2' title="bbox 285 480 2076 2297">
    <p class='ocr_par' dir='ltr' id='par_1_2' title="bbox 285 480 2076 2297">
     <span class='ocr_line' id='line_1_2' title="bbox 285 480 2059 549; baseline -0.002 -17"><span class='ocrx_word' id='word_1_9' title='bbox 285 485 417 549; x_wconf 88' lang='lat' dir='ltr'>prius</span> <span class='ocrx_word' id='word_1_10' title='bbox 439 484 488 531; x_wconf 89' lang='lat' dir='ltr'>in</span> <span class='ocrx_word' id='word_1_11' title='bbox 513 482 682 547; x_wconf 88' lang='lat' dir='ltr'>Urbe);</span> <span class='ocrx_word' id='word_1_12' title='bbox 711 483 790 547; x_wconf 93' lang='lat' dir='ltr'>qui</span> <span class='ocrx_word' id='word_1_13' title='bbox 811 484 996 548; x_wconf 76' lang='lat' dir='ltr'>recepti</span> <span class='ocrx_word' id='word_1_14' title='bbox 1029 485 1223 534; x_wconf 89' lang='lat' dir='ltr'>fuerunt</span> <span class='ocrx_word' id='word_1_15' title='bbox 1257 501 1284 533; x_wconf 91' lang='lat' dir='ltr'>a</span> <span class='ocrx_word' id='word_1_16' title='bbox 1320 482 1515 532; x_wconf 87' lang='lat' dir='ltr'>familiis</span> <span class='ocrx_word' id='word_1_17' title='bbox 1548 485 1596 530; x_wconf 86' lang='lat' dir='ltr'>et</span> <span class='ocrx_word' id='word_1_18' title='bbox 1621 480 1900 530; x_wconf 88' lang='lat' dir='ltr'>oratoribus</span> <span class='ocrx_word' id='word_1_19' title='bbox 1923 495 2059 530; x_wconf 90' lang='lat' dir='ltr'>more</span> 
     </span>
     <span class='ocr_line' id='line_1_3' title="bbox 288 566 2060 631; baseline -0.003 -15"><span class='ocrx_word' id='word_1_20' title='bbox 288 568 446 616; x_wconf 86' lang='lat' dir='ltr'>solito.</span> <span class='ocrx_word' id='word_1_21' title='bbox 490 567 694 614; x_wconf 80' lang='lat' dir='ltr'>Familia</span> <span class='ocrx_word' id='word_1_22' title='bbox 736 569 864 630; x_wconf 91' lang='lat' dir='ltr'>Pape</span> <span class='ocrx_word' id='word_1_23' title='bbox 907 568 1135 630; x_wconf 77' lang='lat' dir='ltr'>equitavit</span> <span class='ocrx_word' id='word_1_24' title='bbox 1180 584 1331 631; x_wconf 79' lang='lat' dir='ltr'>usque</span> <span class='ocrx_word' id='word_1_25' title='bbox 1366 568 1426 615; x_wconf 85' lang='lat' dir='ltr'>ad</span> <span class='ocrx_word' id='word_1_26' title='bbox 1467 566 1607 614; x_wconf 91' lang='lat' dir='ltr'>illum</span> <span class='ocrx_word' id='word_1_27' title='bbox 1646 580 1840 612; x_wconf 91' lang='lat' dir='ltr'>murum</span> <span class='ocrx_word' id='word_1_28' title='bbox 1885 579 2060 612; x_wconf 89' lang='lat' dir='ltr'>novum</span> 
     </span>
     <span class='ocr_line' id='line_1_4' title="bbox 289 648 2062 715; baseline -0.002 -18"><span class='ocrx_word' id='word_1_29' title='bbox 289 651 439 698; x_wconf 86' lang='lat' dir='ltr'>altum</span> <span class='ocrx_word' id='word_1_30' title='bbox 462 652 589 714; x_wconf 91' lang='lat' dir='ltr'>Pape</span> <span class='ocrx_word' id='word_1_31' title='bbox 611 649 812 709; x_wconf 91' lang='lat' dir='ltr'>Nicolai,</span> <span class='ocrx_word' id='word_1_32' title='bbox 834 666 932 698; x_wconf 92' lang='lat' dir='ltr'>non</span> <span class='ocrx_word' id='word_1_33' title='bbox 952 650 1094 715; x_wconf 86' lang='lat' dir='ltr'>longe</span> <span class='ocrx_word' id='word_1_34' title='bbox 1119 666 1147 698; x_wconf 92' lang='lat' dir='ltr'>a</span> <span class='ocrx_word' id='word_1_35' title='bbox 1167 651 1368 700; x_wconf 88' lang='lat' dir='ltr'>dextera</span> <span class='ocrx_word' id='word_1_36' title='bbox 1387 653 1524 713; x_wconf 90' lang='lat' dir='ltr'>porte</span> <span class='ocrx_word' id='word_1_37' title='bbox 1544 648 1624 714; x_wconf 86' lang='lat'>(1).</span> <span class='ocrx_word' id='word_1_38' title='bbox 1651 649 1934 696; x_wconf 81' lang='lat' dir='ltr'>Habuerunt</span> <span class='ocrx_word' id='word_1_39' title='bbox 1950 649 2062 695; x_wconf 91' lang='lat' dir='ltr'>ante</span> 
     </span>
     <span class='ocr_line' id='line_1_5' title="bbox 292 728 2064 795; baseline -0.001 -16"><span class='ocrx_word' id='word_1_40' title='bbox 292 748 342 779; x_wconf 90' lang='lat' dir='ltr'>se</span> <span class='ocrx_word' id='word_1_41' title='bbox 365 731 714 792; x_wconf 90' lang='lat' dir='ltr'>tamburinum‚</span> <span class='ocrx_word' id='word_1_42' title='bbox 742 733 791 780; x_wconf 86' lang='lat' dir='ltr'>et</span> <span class='ocrx_word' id='word_1_43' title='bbox 816 731 1025 795; x_wconf 90' lang='lat' dir='ltr'>quinque</span> <span class='ocrx_word' id='word_1_44' title='bbox 1056 732 1133 781; x_wconf 92' lang='lat' dir='ltr'>vel</span> <span class='ocrx_word' id='word_1_45' title='bbox 1156 748 1239 780; x_wconf 87' lang='lat' dir='ltr'>sex</span> <span class='ocrx_word' id='word_1_46' title='bbox 1274 731 1509 780; x_wconf 77' lang='lat' dir='ltr'>tubicines</span> <span class='ocrx_word' id='word_1_47' title='bbox 1541 728 1721 778; x_wconf 82' lang='lat' dir='ltr'>familie</span> <span class='ocrx_word' id='word_1_48' title='bbox 1745 729 2064 779; x_wconf 79' lang='lat' dir='ltr'>cardinalium</span> 
     </span>
     <span class='ocr_line' id='line_1_6' title="bbox 294 813 2064 879; baseline -0.001 -16"><span class='ocrx_word' id='word_1_49' title='bbox 294 815 365 864; x_wconf 92' lang='lat' dir='ltr'>vel</span> <span class='ocrx_word' id='word_1_50' title='bbox 396 819 647 864; x_wconf 88' lang='lat' dir='ltr'>oratorum</span> <span class='ocrx_word' id='word_1_51' title='bbox 686 815 747 863; x_wconf 90' lang='lat' dir='ltr'>ad</span> <span class='ocrx_word' id='word_1_52' title='bbox 783 830 1036 864; x_wconf 86' lang='lat' dir='ltr'>accessum</span> <span class='ocrx_word' id='word_1_53' title='bbox 1075 815 1257 865; x_wconf 87' lang='lat' dir='ltr'>familie</span> <span class='ocrx_word' id='word_1_54' title='bbox 1306 818 1434 879; x_wconf 89' lang='lat' dir='ltr'>Pape</span> <span class='ocrx_word' id='word_1_55' title='bbox 1480 816 1732 862; x_wconf 89' lang='lat' dir='ltr'>sonarunt.</span> <span class='ocrx_word' id='word_1_56' title='bbox 1788 815 1895 862; x_wconf 91' lang='lat' dir='ltr'>Non</span> <span class='ocrx_word' id='word_1_57' title='bbox 1930 813 2064 877; x_wconf 89' lang='lat' dir='ltr'>potui</span> 
     </span>
     <span class='ocr_line' id='line_1_7' title="bbox 287 896 2065 963; baseline -0.003 -15"><span class='ocrx_word' id='word_1_58' title='bbox 287 898 543 963; x_wconf 89' lang='lat' dir='ltr'>impedire,</span> <span class='ocrx_word' id='word_1_59' title='bbox 580 898 692 962; x_wconf 89' lang='lat' dir='ltr'>quia</span> <span class='ocrx_word' id='word_1_60' title='bbox 722 898 1037 947; x_wconf 86' lang='lat' dir='ltr'>obtinuerunt</span> <span class='ocrx_word' id='word_1_61' title='bbox 1075 899 1170 947; x_wconf 92' lang='lat' dir='ltr'>hoc</span> <span class='ocrx_word' id='word_1_62' title='bbox 1210 900 1280 948; x_wconf 91' lang='lat' dir='ltr'>eis</span> <span class='ocrx_word' id='word_1_63' title='bbox 1315 914 1404 963; x_wconf 88' lang='lat' dir='ltr'>per</span> <span class='ocrx_word' id='word_1_64' title='bbox 1439 900 1625 961; x_wconf 85' lang='lat' dir='ltr'>Papam</span> <span class='ocrx_word' id='word_1_65' title='bbox 1654 896 1890 945; x_wconf 82' lang='lat' dir='ltr'>ordinari.</span> <span class='ocrx_word' id='word_1_66' title='bbox 1927 897 2065 960; x_wconf 89' lang='lat' dir='ltr'>Epis-</span> 
     </span>
     <span class='ocr_line' id='line_1_8' title="bbox 290 979 2068 1047; baseline -0.002 -15"><span class='ocrx_word' id='word_1_67' title='bbox 290 998 439 1047; x_wconf 88' lang='lat' dir='ltr'>copus</span> <span class='ocrx_word' id='word_1_68' title='bbox 478 981 792 1047; x_wconf 84' lang='lat' dir='ltr'>[Portuensis]</span> <span class='ocrx_word' id='word_1_69' title='bbox 821 981 882 1047; x_wconf 79' lang='lat'>(2)</span> <span class='ocrx_word' id='word_1_70' title='bbox 920 982 1148 1045; x_wconf 83' lang='lat' dir='ltr'>equitavit</span> <span class='ocrx_word' id='word_1_71' title='bbox 1177 982 1304 1031; x_wconf 88' lang='lat' dir='ltr'>inter</span> <span class='ocrx_word' id='word_1_72' title='bbox 1336 982 1510 1030; x_wconf 91' lang='lat' dir='ltr'>ducem</span> <span class='ocrx_word' id='word_1_73' title='bbox 1539 981 1710 1029; x_wconf 88' lang='lat' dir='ltr'>Urbini</span> <span class='ocrx_word' id='word_1_74' title='bbox 1742 997 1771 1028; x_wconf 94' lang='lat' dir='ltr'>a</span> <span class='ocrx_word' id='word_1_75' title='bbox 1804 979 1988 1029; x_wconf 78' lang='lat' dir='ltr'>dextris</span> <span class='ocrx_word' id='word_1_76' title='bbox 2019 983 2068 1028; x_wconf 89' lang='lat' dir='ltr'>et</span> 
     </span>
     <span class='ocr_line' id='line_1_9' title="bbox 290 1063 2067 1131; baseline -0.002 -16"><span class='ocrx_word' id='word_1_77' title='bbox 290 1068 575 1131; x_wconf 90' lang='lat' dir='ltr'>episcopum</span> <span class='ocrx_word' id='word_1_78' title='bbox 602 1065 896 1131; x_wconf 85' lang='lat' dir='ltr'>Ragusinum</span> <span class='ocrx_word' id='word_1_79' title='bbox 922 1082 949 1114; x_wconf 91' lang='lat' dir='ltr'>a</span> <span class='ocrx_word' id='word_1_80' title='bbox 972 1066 1203 1125; x_wconf 88' lang='lat' dir='ltr'>sinistris;</span> <span class='ocrx_word' id='word_1_81' title='bbox 1241 1066 1500 1124; x_wconf 79' lang='lat' dir='ltr'>secunduS,</span> <span class='ocrx_word' id='word_1_82' title='bbox 1528 1064 1645 1113; x_wconf 88' lang='lat' dir='ltr'>licet</span> <span class='ocrx_word' id='word_1_83' title='bbox 1670 1066 1799 1112; x_wconf 84' lang='lat' dir='ltr'>esset</span> <span class='ocrx_word' id='word_1_84' title='bbox 1824 1063 2067 1127; x_wconf 80' lang='lat' dir='ltr'>antiquior</span> 
     </span>
     <span class='ocr_line' id='line_1_10' title="bbox 290 1149 2069 1216; baseline -0.003 -17"><span class='ocrx_word' id='word_1_85' title='bbox 290 1152 340 1199; x_wconf 92' lang='lat' dir='ltr'>in</span> <span class='ocrx_word' id='word_1_86' title='bbox 365 1151 528 1216; x_wconf 90' lang='lat' dir='ltr'>[Urbe]</span> <span class='ocrx_word' id='word_1_87' title='bbox 555 1151 712 1199; x_wconf 89' lang='lat' dir='ltr'>noluit</span> <span class='ocrx_word' id='word_1_88' title='bbox 738 1154 902 1199; x_wconf 87' lang='lat' dir='ltr'>tamen</span> <span class='ocrx_word' id='word_1_89' title='bbox 938 1150 1113 1198; x_wconf 84' lang='lat' dir='ltr'>cedere</span> <span class='ocrx_word' id='word_1_90' title='bbox 1152 1149 1298 1198; x_wconf 90' lang='lat' dir='ltr'>tertio</span> <span class='ocrx_word' id='word_1_91' title='bbox 1333 1165 1474 1207; x_wconf 87' lang='lat' dir='ltr'>novo,</span> <span class='ocrx_word' id='word_1_92' title='bbox 1517 1163 1745 1196; x_wconf 87' lang='lat' dir='ltr'>asserens</span> <span class='ocrx_word' id='word_1_93' title='bbox 1782 1163 1872 1211; x_wconf 90' lang='lat' dir='ltr'>per</span> <span class='ocrx_word' id='word_1_94' title='bbox 1905 1162 2069 1212; x_wconf 86' lang='lat' dir='ltr'>regem</span> 
     </span>
     <span class='ocr_line' id='line_1_11' title="bbox 292 1231 2070 1298; baseline -0.003 -15"><span class='ocrx_word' id='word_1_95' title='bbox 292 1250 398 1284; x_wconf 87' lang='lat' dir='ltr'>esse</span> <span class='ocrx_word' id='word_1_96' title='bbox 436 1235 730 1293; x_wconf 89' lang='lat' dir='ltr'>ordinatum,</span> <span class='ocrx_word' id='word_1_97' title='bbox 773 1237 820 1281; x_wconf 92' lang='lat' dir='ltr'>et</span> <span class='ocrx_word' id='word_1_98' title='bbox 851 1233 979 1281; x_wconf 89' lang='lat' dir='ltr'>male</span> <span class='ocrx_word' id='word_1_99' title='bbox 1007 1233 1120 1281; x_wconf 91' lang='lat' dir='ltr'>fecit</span> <span class='ocrx_word' id='word_1_100' title='bbox 1158 1231 1237 1298; x_wconf 89' lang='lat'>(3)</span> <span class='ocrx_word' id='word_1_101' title='bbox 1287 1231 1528 1295; x_wconf 89' lang='lat' dir='ltr'>Equitavit</span> <span class='ocrx_word' id='word_1_102' title='bbox 1569 1231 1694 1280; x_wconf 89' lang='lat' dir='ltr'>inter</span> <span class='ocrx_word' id='word_1_103' title='bbox 1732 1231 2005 1295; x_wconf 83' lang='lat' dir='ltr'>prefectum</span> <span class='ocrx_word' id='word_1_104' title='bbox 2041 1246 2070 1278; x_wconf 91' lang='lat' dir='ltr'>a</span> 
     </span>
     <span class='ocr_line' id='line_1_12' title="bbox 293 1315 2070 1381; baseline -0.002 -15"><span class='ocrx_word' id='word_1_105' title='bbox 293 1317 476 1366; x_wconf 88' lang='lat' dir='ltr'>dextris</span> <span class='ocrx_word' id='word_1_106' title='bbox 510 1322 558 1366; x_wconf 88' lang='lat' dir='ltr'>et</span> <span class='ocrx_word' id='word_1_107' title='bbox 587 1317 873 1381; x_wconf 89' lang='lat' dir='ltr'>episcopum</span> <span class='ocrx_word' id='word_1_108' title='bbox 905 1319 1199 1380; x_wconf 90' lang='lat' dir='ltr'>Aquensem,</span> <span class='ocrx_word' id='word_1_109' title='bbox 1238 1320 1481 1364; x_wconf 88' lang='lat' dir='ltr'>oratorem</span> <span class='ocrx_word' id='word_1_110' title='bbox 1517 1315 1649 1379; x_wconf 82' lang='lat' dir='ltr'>regis</span> <span class='ocrx_word' id='word_1_111' title='bbox 1686 1317 2018 1363; x_wconf 91' lang='lat' dir='ltr'>Romanorum</span> <span class='ocrx_word' id='word_1_112' title='bbox 2041 1330 2070 1362; x_wconf 88' lang='lat' dir='ltr'>a</span> 
     </span>
     <span class='ocr_line' id='line_1_13' title="bbox 293 1397 2071 1465; baseline -0.003 -15"><span class='ocrx_word' id='word_1_113' title='bbox 293 1402 520 1460; x_wconf 88' lang='lat' dir='ltr'>sinistris;</span> <span class='ocrx_word' id='word_1_114' title='bbox 554 1403 682 1465; x_wconf 81' lang='lat' dir='ltr'>post‘</span> <span class='ocrx_word' id='word_1_115' title='bbox 699 1416 782 1449; x_wconf 90' lang='lat' dir='ltr'>eos</span> <span class='ocrx_word' id='word_1_116' title='bbox 816 1399 1073 1464; x_wconf 85' lang='lat' dir='ltr'>episcopus</span> <span class='ocrx_word' id='word_1_117' title='bbox 1113 1398 1417 1447; x_wconf 89' lang='lat' dir='ltr'>Zamorensis</span> <span class='ocrx_word' id='word_1_118' title='bbox 1451 1415 1478 1447; x_wconf 89' lang='lat' dir='ltr'>a</span> <span class='ocrx_word' id='word_1_119' title='bbox 1503 1398 1685 1446; x_wconf 89' lang='lat' dir='ltr'>dextris</span> <span class='ocrx_word' id='word_1_120' title='bbox 1719 1400 1768 1445; x_wconf 88' lang='lat' dir='ltr'>et</span> <span class='ocrx_word' id='word_1_121' title='bbox 1801 1397 2071 1461; x_wconf 87' lang='lat' dir='ltr'>archiepis-</span> 
     </span>
     <span class='ocr_line' id='line_1_14' title="bbox 293 1480 2071 1549; baseline -0.004 -15"><span class='ocrx_word' id='word_1_122' title='bbox 293 1500 442 1549; x_wconf 89' lang='lat' dir='ltr'>copus</span> <span class='ocrx_word' id='word_1_123' title='bbox 463 1482 824 1532; x_wconf 91' lang='lat' dir='ltr'>Ebredunensis</span> <span class='ocrx_word' id='word_1_124' title='bbox 849 1498 877 1529; x_wconf 90' lang='lat' dir='ltr'>a</span> <span class='ocrx_word' id='word_1_125' title='bbox 897 1482 1131 1542; x_wconf 89' lang='lat' dir='ltr'>sinistris;</span> <span class='ocrx_word' id='word_1_126' title='bbox 1165 1487 1212 1531; x_wconf 92' lang='lat' dir='ltr'>et</span> <span class='ocrx_word' id='word_1_127' title='bbox 1239 1482 1407 1530; x_wconf 90' lang='lat' dir='ltr'>habita</span> <span class='ocrx_word' id='word_1_128' title='bbox 1430 1484 1504 1529; x_wconf 91' lang='lat' dir='ltr'>est</span> <span class='ocrx_word' id='word_1_129' title='bbox 1536 1496 1713 1544; x_wconf 86' lang='lat' dir='ltr'>magna</span> <span class='ocrx_word' id='word_1_130' title='bbox 1733 1480 1922 1544; x_wconf 90' lang='lat' dir='ltr'>questio</span> <span class='ocrx_word' id='word_1_131' title='bbox 1944 1480 2071 1528; x_wconf 90' lang='lat' dir='ltr'>inter</span> 
     </span>
     <span class='ocr_line' id='line_1_15' title="bbox 293 1562 2069 1631; baseline -0.004 -14"><span class='ocrx_word' id='word_1_132' title='bbox 293 1567 578 1631; x_wconf 89' lang='lat' dir='ltr'>episcopum</span> <span class='ocrx_word' id='word_1_133' title='bbox 617 1565 954 1614; x_wconf 90' lang='lat' dir='ltr'>Redonensem</span> <span class='ocrx_word' id='word_1_134' title='bbox 1000 1568 1048 1612; x_wconf 91' lang='lat' dir='ltr'>et</span> <span class='ocrx_word' id='word_1_135' title='bbox 1083 1564 1375 1612; x_wconf 87' lang='lat' dir='ltr'>Michaelem</span> <span class='ocrx_word' id='word_1_136' title='bbox 1412 1564 1645 1622; x_wconf 89' lang='lat' dir='ltr'>Riccium,</span> <span class='ocrx_word' id='word_1_137' title='bbox 1686 1567 1905 1611; x_wconf 87' lang='lat' dir='ltr'>oratores</span> <span class='ocrx_word' id='word_1_138' title='bbox 1938 1562 2069 1627; x_wconf 87' lang='lat' dir='ltr'>regis</span> 
     </span>
     <span class='ocr_line' id='line_1_16' title="bbox 295 1646 2070 1712; baseline -0.004 -12"><span class='ocrx_word' id='word_1_139' title='bbox 295 1651 518 1710; x_wconf 91' lang='lat' dir='ltr'>Francie,</span> <span class='ocrx_word' id='word_1_140' title='bbox 560 1655 608 1698; x_wconf 90' lang='lat' dir='ltr'>et</span> <span class='ocrx_word' id='word_1_141' title='bbox 646 1648 958 1697; x_wconf 89' lang='lat' dir='ltr'>Franciscum</span> <span class='ocrx_word' id='word_1_142' title='bbox 997 1648 1057 1695; x_wconf 92' lang='lat' dir='ltr'>de</span> <span class='ocrx_word' id='word_1_143' title='bbox 1102 1650 1275 1712; x_wconf 81' lang='lat' dir='ltr'>RoyaS‚</span> <span class='ocrx_word' id='word_1_144' title='bbox 1315 1646 1784 1711; x_wconf 86' lang='lat' dir='ltr'>importunissimum</span> <span class='ocrx_word' id='word_1_145' title='bbox 1824 1648 2070 1694; x_wconf 91' lang='lat' dir='ltr'>oratorem</span> 
     </span>
     <span class='ocr_line' id='line_1_17' title="bbox 294 1729 2071 1799; baseline -0.003 -17"><span class='ocrx_word' id='word_1_146' title='bbox 294 1734 426 1799; x_wconf 86' lang='lat' dir='ltr'>regis</span> <span class='ocrx_word' id='word_1_147' title='bbox 446 1733 786 1797; x_wconf 90' lang='lat' dir='ltr'>Hispaniarum</span> <span class='ocrx_word' id='word_1_148' title='bbox 810 1731 890 1795; x_wconf 91' lang='lat' dir='ltr'>qui</span> <span class='ocrx_word' id='word_1_149' title='bbox 913 1730 1060 1779; x_wconf 88' lang='lat' dir='ltr'>voluit</span> <span class='ocrx_word' id='word_1_150' title='bbox 1091 1730 1310 1793; x_wconf 87' lang='lat' dir='ltr'>equitare</span> <span class='ocrx_word' id='word_1_151' title='bbox 1338 1745 1448 1778; x_wconf 88' lang='lat' dir='ltr'>cum</span> <span class='ocrx_word' id='word_1_152' title='bbox 1478 1729 1863 1793; x_wconf 89' lang='lat' dir='ltr'>archiepiscopo,</span> <span class='ocrx_word' id='word_1_153' title='bbox 1886 1732 1948 1796; x_wconf 11' lang='lat' dir='ltr'>*ut</span> <span class='ocrx_word' id='word_1_154' title='bbox 1972 1744 2071 1776; x_wconf 90' lang='lat' dir='ltr'>non</span> 
     </span>
     <span class='ocr_line' id='line_1_18' title="bbox 297 1812 2066 1881; baseline -0.003 -14"><span class='ocrx_word' id='word_1_155' title='bbox 297 1819 493 1867; x_wconf 89' lang='lat' dir='ltr'>cederet</span> <span class='ocrx_word' id='word_1_156' title='bbox 525 1817 755 1881; x_wconf 92' lang='lat' dir='ltr'>episcopo</span> <span class='ocrx_word' id='word_1_157' title='bbox 794 1820 842 1863; x_wconf 92' lang='lat' dir='ltr'>et</span> <span class='ocrx_word' id='word_1_158' title='bbox 883 1815 1135 1874; x_wconf 78' lang='lat' dir='ltr'>Michaeli3</span> <span class='ocrx_word' id='word_1_159' title='bbox 1177 1816 1527 1878; x_wconf 87' lang='lat' dir='ltr'>percusserunt</span> <span class='ocrx_word' id='word_1_160' title='bbox 1571 1828 1621 1862; x_wconf 91' lang='lat' dir='ltr'>se</span> <span class='ocrx_word' id='word_1_161' title='bbox 1667 1828 1777 1861; x_wconf 91' lang='lat' dir='ltr'>cum</span> <span class='ocrx_word' id='word_1_162' title='bbox 1808 1812 2066 1876; x_wconf 89' lang='lat' dir='ltr'>cappellis;</span> 
     </span>
     <span class='ocr_line' id='line_1_19' title="bbox 297 1896 2073 1962; baseline -0.003 -13"><span class='ocrx_word' id='word_1_163' title='bbox 297 1901 480 1949; x_wconf 87' lang='lat' dir='ltr'>accessi</span> <span class='ocrx_word' id='word_1_164' title='bbox 511 1900 571 1949; x_wconf 89' lang='lat' dir='ltr'>ad</span> <span class='ocrx_word' id='word_1_165' title='bbox 598 1915 680 1948; x_wconf 87' lang='lat' dir='ltr'>eos</span> <span class='ocrx_word' id='word_1_166' title='bbox 714 1903 761 1948; x_wconf 89' lang='lat' dir='ltr'>et</span> <span class='ocrx_word' id='word_1_167' title='bbox 795 1914 894 1947; x_wconf 92' lang='lat' dir='ltr'>non</span> <span class='ocrx_word' id='word_1_168' title='bbox 927 1898 1060 1962; x_wconf 89' lang='lat' dir='ltr'>potui</span> <span class='ocrx_word' id='word_1_169' title='bbox 1107 1899 1429 1946; x_wconf 86' lang='lat' dir='ltr'>concordare.</span> <span class='ocrx_word' id='word_1_170' title='bbox 1478 1896 1694 1945; x_wconf 90' lang='lat' dir='ltr'>Tandem</span> <span class='ocrx_word' id='word_1_171' title='bbox 1731 1896 2073 1959; x_wconf 85' lang='lat' dir='ltr'>acquieverunt</span> 
     </span>
     <span class='ocr_line' id='line_1_20' title="bbox 296 1979 2071 2045; baseline -0.003 -13"><span class='ocrx_word' id='word_1_172' title='bbox 296 1984 534 2032; x_wconf 84' lang='lat' dir='ltr'>sententie</span> <span class='ocrx_word' id='word_1_173' title='bbox 553 1998 661 2031; x_wconf 92' lang='lat' dir='ltr'>mee</span> <span class='ocrx_word' id='word_1_174' title='bbox 683 1982 813 2045; x_wconf 92' lang='lat' dir='ltr'>quod</span> <span class='ocrx_word' id='word_1_175' title='bbox 828 1981 1187 2028; x_wconf 86' lang='lat' dir='ltr'>Ebredunensis</span> <span class='ocrx_word' id='word_1_176' title='bbox 1204 1981 1441 2043; x_wconf 86' lang='lat' dir='ltr'>equitaret</span> <span class='ocrx_word' id='word_1_177' title='bbox 1458 1995 1569 2027; x_wconf 93' lang='lat' dir='ltr'>cum</span> <span class='ocrx_word' id='word_1_178' title='bbox 1590 1979 1868 2027; x_wconf 91' lang='lat' dir='ltr'>Zamorensi</span> <span class='ocrx_word' id='word_1_179' title='bbox 1883 1979 2071 2043; x_wconf 88' lang='lat' dir='ltr'>prelato</span> 
     </span>
     <span class='ocr_line' id='line_1_21' title="bbox 296 2062 2072 2132; baseline -0.003 -16"><span class='ocrx_word' id='word_1_180' title='bbox 296 2067 481 2132; x_wconf 85' lang='lat' dir='ltr'>palatii,</span> <span class='ocrx_word' id='word_1_181' title='bbox 521 2070 706 2130; x_wconf 83' lang='lat' dir='ltr'>etpost</span> <span class='ocrx_word' id='word_1_182' title='bbox 738 2082 822 2114; x_wconf 93' lang='lat' dir='ltr'>eos</span> <span class='ocrx_word' id='word_1_183' title='bbox 860 2065 1158 2113; x_wconf 85' lang='lat' dir='ltr'>Redonensis</span> <span class='ocrx_word' id='word_1_184' title='bbox 1191 2064 1241 2111; x_wconf 93' lang='lat' dir='ltr'>in</span> <span class='ocrx_word' id='word_1_185' title='bbox 1277 2064 1456 2122; x_wconf 86' lang='lat' dir='ltr'>medio,</span> <span class='ocrx_word' id='word_1_186' title='bbox 1499 2078 1527 2110; x_wconf 90' lang='lat' dir='ltr'>a</span> <span class='ocrx_word' id='word_1_187' title='bbox 1556 2062 1740 2110; x_wconf 82' lang='lat' dir='ltr'>dextris</span> <span class='ocrx_word' id='word_1_188' title='bbox 1771 2067 1936 2110; x_wconf 88' lang='lat' dir='ltr'>orator</span> <span class='ocrx_word' id='word_1_189' title='bbox 1962 2063 2072 2110; x_wconf 90' lang='lat' dir='ltr'>His-</span> 
     </span>
     <span class='ocr_line' id='line_1_22' title="bbox 299 2145 2069 2216; baseline -0.002 -16"><span class='ocrx_word' id='word_1_190' title='bbox 299 2151 459 2216; x_wconf 89' lang='lat' dir='ltr'>panie‚</span> <span class='ocrx_word' id='word_1_191' title='bbox 490 2167 518 2199; x_wconf 88' lang='lat' dir='ltr'>a</span> <span class='ocrx_word' id='word_1_192' title='bbox 543 2151 753 2201; x_wconf 83' lang='lat' dir='ltr'>sinistris</span> <span class='ocrx_word' id='word_1_193' title='bbox 773 2149 984 2199; x_wconf 86' lang='lat' dir='ltr'>Michael</span> <span class='ocrx_word' id='word_1_194' title='bbox 1009 2151 1177 2196; x_wconf 87' lang='lat' dir='ltr'>orator</span> <span class='ocrx_word' id='word_1_195' title='bbox 1201 2148 1421 2207; x_wconf 88' lang='lat' dir='ltr'>Francie,</span> <span class='ocrx_word' id='word_1_196' title='bbox 1450 2149 1498 2194; x_wconf 91' lang='lat' dir='ltr'>et</span> <span class='ocrx_word' id='word_1_197' title='bbox 1521 2145 1589 2193; x_wconf 87' lang='lat' dir='ltr'>ita</span> <span class='ocrx_word' id='word_1_198' title='bbox 1611 2145 1728 2193; x_wconf 89' lang='lat' dir='ltr'>alias</span> <span class='ocrx_word' id='word_1_199' title='bbox 1751 2161 1890 2193; x_wconf 87' lang='lat' dir='ltr'>more</span> <span class='ocrx_word' id='word_1_200' title='bbox 1910 2146 2069 2197; x_wconf 89' lang='lat' dir='ltr'>solit0.</span> 
     </span>
     <span class='ocr_line' id='line_1_23' title="bbox 301 2228 2076 2297; baseline -0.002 -16"><span class='ocrx_word' id='word_1_201' title='bbox 301 2233 628 2297; x_wconf 87' lang='lat' dir='ltr'>Equitavimus</span> <span class='ocrx_word' id='word_1_202' title='bbox 659 2249 745 2297; x_wconf 87' lang='lat' dir='ltr'>per</span> <span class='ocrx_word' id='word_1_203' title='bbox 784 2237 1018 2297; x_wconf 88' lang='lat' dir='ltr'>Campum</span> <span class='ocrx_word' id='word_1_204' title='bbox 1067 2233 1206 2281; x_wconf 88' lang='lat' dir='ltr'>Flore</span> <span class='ocrx_word' id='word_1_205' title='bbox 1247 2235 1359 2280; x_wconf 87' lang='lat' dir='ltr'>ante</span> <span class='ocrx_word' id='word_1_206' title='bbox 1394 2231 1594 2279; x_wconf 90' lang='lat' dir='ltr'>domum</span> <span class='ocrx_word' id='word_1_207' title='bbox 1635 2229 1696 2278; x_wconf 92' lang='lat' dir='ltr'>de</span> <span class='ocrx_word' id='word_1_208' title='bbox 1732 2229 1953 2278; x_wconf 87' lang='lat' dir='ltr'>Maximis</span> <span class='ocrx_word' id='word_1_209' title='bbox 1987 2228 2076 2294; x_wconf 80' lang='lat' dir='ltr'>p&#39;er</span> 
     </span>
    </p>
   </div>
   <div class='ocr_carea' id='block_1_3' title="bbox 299 2365 2132 3428">
    <p class='ocr_par' dir='ltr' id='par_1_3' title="bbox 299 2365 2132 2717">
     <span class='ocr_line' id='line_1_24' title="bbox 348 2365 2078 2418; baseline -0.003 -11"><span class='ocrx_word' id='word_1_210' title='bbox 348 2371 383 2407; x_wconf 90' lang='lat'>1.</span> <span class='ocrx_word' id='word_1_211' title='bbox 412 2384 432 2404; x_wconf 89' lang='lat'>«</span> <span class='ocrx_word' id='word_1_212' title='bbox 452 2368 543 2407; x_wconf 89' lang='lat' dir='ltr'>Nell’</span> <span class='ocrx_word' id='word_1_213' title='bbox 561 2380 657 2407; x_wconf 87' lang='lat' dir='ltr'>anno</span> <span class='ocrx_word' id='word_1_214' title='bbox 687 2370 793 2407; x_wconf 87' lang='grc'><strong>1451.</strong></span> <span class='ocrx_word' id='word_1_215' title='bbox 818 2370 920 2418; x_wconf 86' lang='lat' dir='ltr'>Papa</span> <span class='ocrx_word' id='word_1_216' title='bbox 948 2368 1074 2406; x_wconf 79' lang='lat' dir='ltr'>Nicolo</span> <span class='ocrx_word' id='word_1_217' title='bbox 1102 2380 1142 2406; x_wconf 88' lang='lat' dir='ltr'>se</span> <span class='ocrx_word' id='word_1_218' title='bbox 1169 2369 1213 2406; x_wconf 92' lang='lat' dir='ltr'>de</span> <span class='ocrx_word' id='word_1_219' title='bbox 1239 2368 1308 2406; x_wconf 81' lang='lat' dir='ltr'>allo</span> <span class='ocrx_word' id='word_1_220' title='bbox 1339 2368 1506 2406; x_wconf 84' lang='lat' dir='ltr'>edificare</span> <span class='ocrx_word' id='word_1_221' title='bbox 1533 2365 1577 2403; x_wconf 90' lang='lat' dir='ltr'>ed</span> <span class='ocrx_word' id='word_1_222' title='bbox 1604 2365 1651 2402; x_wconf 85' lang='lat' dir='ltr'>ad</span> <span class='ocrx_word' id='word_1_223' title='bbox 1676 2365 1885 2402; x_wconf 86' lang='lat' dir='ltr'>acconciare</span> <span class='ocrx_word' id='word_1_224' title='bbox 1905 2366 2035 2410; x_wconf 85' lang='lat' dir='ltr'>Roma,</span> <span class='ocrx_word' id='word_1_225' title='bbox 2058 2376 2078 2402; x_wconf 87' lang='lat' dir='ltr'>e</span> 
     </span>
     <span class='ocr_line' id='line_1_25' title="bbox 299 2423 2078 2478; baseline -0.003 -13"><span class='ocrx_word' id='word_1_226' title='bbox 299 2428 416 2478; x_wconf 90' lang='lat' dir='ltr'>prima</span> <span class='ocrx_word' id='word_1_227' title='bbox 432 2433 595 2466; x_wconf 81' lang='lat' dir='ltr'>restauro</span> <span class='ocrx_word' id='word_1_228' title='bbox 614 2430 744 2476; x_wconf 87' lang='lat' dir='ltr'>Roma,</span> <span class='ocrx_word' id='word_1_229' title='bbox 766 2429 844 2466; x_wconf 80' lang='lat' dir='ltr'>cioe</span> <span class='ocrx_word' id='word_1_230' title='bbox 861 2429 894 2466; x_wconf 90' lang='lat' dir='ltr'>le</span> <span class='ocrx_word' id='word_1_231' title='bbox 914 2441 1017 2466; x_wconf 88' lang='lat' dir='ltr'>mura</span> <span class='ocrx_word' id='word_1_232' title='bbox 1036 2432 1072 2466; x_wconf 85' lang='lat' dir='ltr'>et</span> <span class='ocrx_word' id='word_1_233' title='bbox 1090 2428 1290 2474; x_wconf 81' lang='lat' dir='ltr'>Turricelfi,</span> <span class='ocrx_word' id='word_1_234' title='bbox 1313 2441 1333 2466; x_wconf 93' lang='lat' dir='ltr'>e</span> <span class='ocrx_word' id='word_1_235' title='bbox 1352 2429 1385 2466; x_wconf 93' lang='lat' dir='ltr'>le</span> <span class='ocrx_word' id='word_1_236' title='bbox 1398 2431 1501 2477; x_wconf 87' lang='lat' dir='ltr'>porte</span> <span class='ocrx_word' id='word_1_237' title='bbox 1520 2426 1557 2462; x_wconf 93' lang='lat' dir='ltr'>di</span> <span class='ocrx_word' id='word_1_238' title='bbox 1577 2426 1707 2471; x_wconf 85' lang='lat' dir='ltr'>Roma,</span> <span class='ocrx_word' id='word_1_239' title='bbox 1730 2436 1749 2462; x_wconf 93' lang='lat' dir='ltr'>e</span> <span class='ocrx_word' id='word_1_240' title='bbox 1768 2424 1941 2462; x_wconf 86' lang='lat' dir='ltr'>massime</span> <span class='ocrx_word' id='word_1_241' title='bbox 1957 2423 2078 2473; x_wconf 85' lang='lat' dir='ltr'>quella</span> 
     </span>
     <span class='ocr_line' id='line_1_26' title="bbox 303 2483 2076 2537; baseline -0.002 -12"><span class='ocrx_word' id='word_1_242' title='bbox 303 2489 340 2525; x_wconf 85' lang='lat' dir='ltr'>di</span> <span class='ocrx_word' id='word_1_243' title='bbox 360 2489 560 2535; x_wconf 84' lang='lat' dir='ltr'>Testaecio,</span> <span class='ocrx_word' id='word_1_244' title='bbox 582 2500 602 2525; x_wconf 92' lang='lat' dir='ltr'>e</span> <span class='ocrx_word' id='word_1_245' title='bbox 619 2489 695 2526; x_wconf 87' lang='lat' dir='ltr'>fece</span> <span class='ocrx_word' id='word_1_246' title='bbox 728 2489 938 2526; x_wconf 82' lang='lat' dir='ltr'>acconciare</span> <span class='ocrx_word' id='word_1_247' title='bbox 958 2487 1197 2537; x_wconf 84' lang='lat' dir='ltr'>Campitoglio</span> <span class='ocrx_word' id='word_1_248' title='bbox 1219 2500 1239 2525; x_wconf 92' lang='lat' dir='ltr'>e</span> <span class='ocrx_word' id='word_1_249' title='bbox 1257 2488 1334 2524; x_wconf 88' lang='lat' dir='ltr'>fece</span> <span class='ocrx_word' id='word_1_250' title='bbox 1357 2487 1391 2524; x_wconf 84' lang='lat' dir='ltr'>la</span> <span class='ocrx_word' id='word_1_251' title='bbox 1410 2491 1505 2524; x_wconf 86' lang='lat' dir='ltr'>torre</span> <span class='ocrx_word' id='word_1_252' title='bbox 1528 2485 1565 2521; x_wconf 91' lang='lat' dir='ltr'>in</span> <span class='ocrx_word' id='word_1_253' title='bbox 1587 2483 1742 2521; x_wconf 88' lang='lat' dir='ltr'>Castello</span> <span class='ocrx_word' id='word_1_254' title='bbox 1769 2484 2076 2533; x_wconf 84' lang='lat' dir='ltr'>Santo-Angielo,</span> 
     </span>
     <span class='ocr_line' id='line_1_27' title="bbox 303 2543 2132 2597; baseline -0.003 -11"><span class='ocrx_word' id='word_1_255' title='bbox 303 2549 342 2586; x_wconf 93' lang='lat' dir='ltr'>id</span> <span class='ocrx_word' id='word_1_256' title='bbox 358 2552 427 2595; x_wconf 88' lang='lat' dir='ltr'>est,</span> <span class='ocrx_word' id='word_1_257' title='bbox 449 2548 516 2585; x_wconf 88' lang='lat' dir='ltr'>che</span> <span class='ocrx_word' id='word_1_258' title='bbox 533 2547 665 2597; x_wconf 81' lang='lat' dir='ltr'>amplio</span> <span class='ocrx_word' id='word_1_259' title='bbox 683 2547 803 2597; x_wconf 88' lang='lat' dir='ltr'>quella</span> <span class='ocrx_word' id='word_1_260' title='bbox 816 2549 883 2585; x_wconf 89' lang='lat' dir='ltr'>che</span> <span class='ocrx_word' id='word_1_261' title='bbox 897 2548 974 2585; x_wconf 86' lang='lat' dir='ltr'>fece</span> <span class='ocrx_word' id='word_1_262' title='bbox 994 2548 1195 2594; x_wconf 84' lang='lat' dir='ltr'>Bonifacio,</span> <span class='ocrx_word' id='word_1_263' title='bbox 1223 2559 1242 2585; x_wconf 92' lang='lat' dir='ltr'>e</span> <span class='ocrx_word' id='word_1_264' title='bbox 1261 2547 1336 2584; x_wconf 86' lang='lat' dir='ltr'>fece</span> <span class='ocrx_word' id='word_1_265' title='bbox 1365 2546 1389 2583; x_wconf 87' lang='lat' dir='ltr'>li</span> <span class='ocrx_word' id='word_1_266' title='bbox 1416 2546 1448 2582; x_wconf 89' lang='lat' dir='ltr'>le</span> <span class='ocrx_word' id='word_1_267' title='bbox 1475 2549 1597 2582; x_wconf 86' lang='lat' dir='ltr'>stanze</span> <span class='ocrx_word' id='word_1_268' title='bbox 1620 2543 1657 2580; x_wconf 88' lang='lat' dir='ltr'>di</span> <span class='ocrx_word' id='word_1_269' title='bbox 1682 2543 1728 2589; x_wconf 78' lang='lat' dir='ltr'>la,</span> <span class='ocrx_word' id='word_1_270' title='bbox 1752 2555 1771 2579; x_wconf 90' lang='lat' dir='ltr'>e</span> <span class='ocrx_word' id='word_1_271' title='bbox 1791 2544 1835 2580; x_wconf 91' lang='lat' dir='ltr'>de</span> <span class='ocrx_word' id='word_1_272' title='bbox 1856 2546 1940 2592; x_wconf 78' lang='lat' dir='ltr'>qua,</span> <span class='ocrx_word' id='word_1_273' title='bbox 1963 2555 1983 2581; x_wconf 91' lang='lat' dir='ltr'>e</span> <span class='ocrx_word' id='word_1_274' title='bbox 2002 2543 2078 2582; x_wconf 85' lang='lat' dir='ltr'>fece</span> <span class='ocrx_word' id='word_1_275' title='bbox 2126 2585 2132 2591; x_wconf 36' lang='grc' dir='ltr'><em>Ι</em></span> 
     </span>
     <span class='ocr_line' id='line_1_28' title="bbox 304 2602 2074 2656; baseline -0.002 -12"><span class='ocrx_word' id='word_1_276' title='bbox 304 2620 377 2645; x_wconf 89' lang='lat' dir='ltr'>uno</span> <span class='ocrx_word' id='word_1_277' title='bbox 394 2620 497 2645; x_wconf 92' lang='lat' dir='ltr'>muro</span> <span class='ocrx_word' id='word_1_278' title='bbox 518 2619 648 2656; x_wconf 84' lang='lat' dir='ltr'>grosso</span> <span class='ocrx_word' id='word_1_279' title='bbox 667 2608 702 2644; x_wconf 87' lang='lat' dir='ltr'>al</span> <span class='ocrx_word' id='word_1_280' title='bbox 721 2607 886 2645; x_wconf 89' lang='lat' dir='ltr'>Torrioni</span> <span class='ocrx_word' id='word_1_281' title='bbox 903 2619 972 2645; x_wconf 88' lang='lat' dir='ltr'>eon</span> <span class='ocrx_word' id='word_1_282' title='bbox 990 2611 1045 2645; x_wconf 85' lang='lat' dir='ltr'>tre</span> <span class='ocrx_word' id='word_1_283' title='bbox 1067 2606 1238 2645; x_wconf 86' lang='lat' dir='ltr'>torricelli</span> <span class='ocrx_word' id='word_1_284' title='bbox 1258 2606 1406 2644; x_wconf 88' lang='lat' dir='ltr'>rondi...</span> <span class='ocrx_word' id='word_1_285' title='bbox 1434 2620 1452 2640; x_wconf 87' lang='lat'>»</span> <span class='ocrx_word' id='word_1_286' title='bbox 1483 2604 1681 2649; x_wconf 87' lang='lat' dir='ltr'>Infessura,</span> <span class='ocrx_word' id='word_1_287' title='bbox 1703 2603 1795 2640; x_wconf 88' lang='lat' dir='ltr'>dans</span> <span class='ocrx_word' id='word_1_288' title='bbox 1823 2603 1975 2649; x_wconf 88' lang='lat' dir='ltr'>Eccard,</span> <span class='ocrx_word' id='word_1_289' title='bbox 2001 2602 2074 2644; x_wconf 87' lang='lat' dir='ltr'>col.</span> 
     </span>
     <span class='ocr_line' id='line_1_29' title="bbox 307 2665 1679 2717; baseline -0.004 -11"><span class='ocrx_word' id='word_1_290' title='bbox 307 2669 412 2706; x_wconf 88' lang='grc'><strong>1885.</strong></span> <span class='ocrx_word' id='word_1_291' title='bbox 433 2667 527 2717; x_wconf 79' lang='lat' dir='ltr'><strong>Voy.</strong></span> <span class='ocrx_word' id='word_1_292' title='bbox 547 2668 588 2705; x_wconf 91' lang='lat' dir='ltr'>E.</span> <span class='ocrx_word' id='word_1_293' title='bbox 607 2669 744 2714; x_wconf 74' lang='lat' dir='ltr'>Mfintz,</span> <span class='ocrx_word' id='word_1_294' title='bbox 764 2669 832 2705; x_wconf 84' lang='lat' dir='ltr'>Les</span> <span class='ocrx_word' id='word_1_295' title='bbox 852 2672 929 2704; x_wconf 77' lang='lat' dir='ltr'>arcs</span> <span class='ocrx_word' id='word_1_296' title='bbox 946 2670 968 2704; x_wconf 84' lang='grc' dir='ltr'><em>ὰ</em></span> <span class='ocrx_word' id='word_1_297' title='bbox 985 2669 1022 2704; x_wconf 85' lang='lat' dir='ltr'>la</span> <span class='ocrx_word' id='word_1_298' title='bbox 1040 2679 1127 2704; x_wconf 84' lang='lat' dir='ltr'>cour</span> <span class='ocrx_word' id='word_1_299' title='bbox 1146 2668 1207 2704; x_wconf 87' lang='lat' dir='ltr'>des</span> <span class='ocrx_word' id='word_1_300' title='bbox 1226 2669 1358 2714; x_wconf 78' lang='lat' dir='ltr'>Papes,</span> <span class='ocrx_word' id='word_1_301' title='bbox 1377 2670 1405 2704; x_wconf 90' lang='lat' dir='ltr'>t.</span> <span class='ocrx_word' id='word_1_302' title='bbox 1425 2666 1453 2711; x_wconf 83' lang='grc' dir='ltr'>Ι,</span> <span class='ocrx_word' id='word_1_303' title='bbox 1471 2677 1507 2713; x_wconf 89' lang='lat' dir='ltr'>p.</span> <span class='ocrx_word' id='word_1_304' title='bbox 1531 2665 1679 2701; x_wconf 85' lang='lat'>158-60.</span> 
     </span>
    </p>

    <p class='ocr_par' dir='ltr' id='par_1_4' title="bbox 306 2721 2081 3074">
     <span class='ocr_line' id='line_1_30' title="bbox 351 2721 2081 2776; baseline -0.004 -12"><span class='ocrx_word' id='word_1_305' title='bbox 351 2729 388 2765; x_wconf 85' lang='lat'>2.</span> <span class='ocrx_word' id='word_1_306' title='bbox 417 2727 606 2764; x_wconf 83' lang='lat' dir='ltr'>Burchard</span> <span class='ocrx_word' id='word_1_307' title='bbox 624 2727 774 2776; x_wconf 82' lang='lat' dir='ltr'>n&#39;ayant</span> <span class='ocrx_word' id='word_1_308' title='bbox 792 2739 859 2776; x_wconf 88' lang='lat' dir='ltr'>pas</span> <span class='ocrx_word' id='word_1_309' title='bbox 879 2728 999 2764; x_wconf 79' lang='lat' dir='ltr'>donne</span> <span class='ocrx_word' id='word_1_310' title='bbox 1022 2727 1314 2776; x_wconf 82' lang='lat' dir='ltr'>precedemment</span> <span class='ocrx_word' id='word_1_311' title='bbox 1338 2725 1372 2762; x_wconf 90' lang='lat' dir='ltr'>le</span> <span class='ocrx_word' id='word_1_312' title='bbox 1390 2736 1476 2762; x_wconf 90' lang='lat' dir='ltr'>nom</span> <span class='ocrx_word' id='word_1_313' title='bbox 1502 2725 1566 2761; x_wconf 86' lang='lat' dir='ltr'>des</span> <span class='ocrx_word' id='word_1_314' title='bbox 1586 2722 1868 2761; x_wconf 83' lang='lat' dir='ltr'>ambassadeurs</span> <span class='ocrx_word' id='word_1_315' title='bbox 1888 2722 1938 2758; x_wconf 91' lang='lat' dir='ltr'>du</span> <span class='ocrx_word' id='word_1_316' title='bbox 1962 2721 2017 2758; x_wconf 90' lang='lat' dir='ltr'>roi</span> <span class='ocrx_word' id='word_1_317' title='bbox 2035 2721 2081 2758; x_wconf 89' lang='lat' dir='ltr'>de</span> 
     </span>
     <span class='ocr_line' id='line_1_31' title="bbox 307 2781 2080 2836; baseline -0.004 -12"><span class='ocrx_word' id='word_1_318' title='bbox 307 2786 497 2836; x_wconf 83' lang='lat' dir='ltr'>Portugal,</span> <span class='ocrx_word' id='word_1_319' title='bbox 518 2799 564 2824; x_wconf 92' lang='lat' dir='ltr'>ne</span> <span class='ocrx_word' id='word_1_320' title='bbox 585 2788 734 2836; x_wconf 86' lang='lat' dir='ltr'>pouvait</span> <span class='ocrx_word' id='word_1_321' title='bbox 752 2788 891 2825; x_wconf 89' lang='lat' dir='ltr'>donner</span> <span class='ocrx_word' id='word_1_322' title='bbox 917 2787 964 2824; x_wconf 87' lang='lat' dir='ltr'>ici</span> <span class='ocrx_word' id='word_1_323' title='bbox 989 2786 1021 2823; x_wconf 92' lang='lat' dir='ltr'>le</span> <span class='ocrx_word' id='word_1_324' title='bbox 1049 2798 1135 2824; x_wconf 88' lang='lat' dir='ltr'>nom</span> <span class='ocrx_word' id='word_1_325' title='bbox 1164 2787 1213 2823; x_wconf 93' lang='lat' dir='ltr'>du</span> <span class='ocrx_word' id='word_1_326' title='bbox 1240 2786 1325 2823; x_wconf 88' lang='lat' dir='ltr'>chef</span> <span class='ocrx_word' id='word_1_327' title='bbox 1347 2786 1392 2822; x_wconf 93' lang='lat' dir='ltr'>de</span> <span class='ocrx_word' id='word_1_328' title='bbox 1417 2784 1671 2821; x_wconf 85' lang='lat' dir='ltr'>l&#39;ambassade.</span> <span class='ocrx_word' id='word_1_329' title='bbox 1703 2783 1753 2819; x_wconf 93' lang='lat' dir='ltr'>Le</span> <span class='ocrx_word' id='word_1_330' title='bbox 1781 2793 1871 2818; x_wconf 91' lang='lat' dir='ltr'>mss.</span> <span class='ocrx_word' id='word_1_331' title='bbox 1897 2781 1942 2817; x_wconf 91' lang='lat' dir='ltr'>de</span> <span class='ocrx_word' id='word_1_332' title='bbox 1960 2781 2010 2820; x_wconf 90' lang='grc' dir='ltr'>Ρ.</span> <span class='ocrx_word' id='word_1_333' title='bbox 2036 2781 2080 2818; x_wconf 91' lang='lat' dir='ltr'>de</span> 
     </span>
     <span class='ocr_line' id='line_1_32' title="bbox 309 2839 2077 2896; baseline -0.005 -12"><span class='ocrx_word' id='word_1_334' title='bbox 309 2847 453 2884; x_wconf 85' lang='lat' dir='ltr'>Grassis</span> <span class='ocrx_word' id='word_1_335' title='bbox 472 2851 611 2895; x_wconf 84' lang='lat' dir='ltr'>permet</span> <span class='ocrx_word' id='word_1_336' title='bbox 627 2847 672 2884; x_wconf 93' lang='lat' dir='ltr'>de</span> <span class='ocrx_word' id='word_1_337' title='bbox 693 2847 862 2896; x_wconf 78' lang='lat' dir='ltr'>suppleer</span> <span class='ocrx_word' id='word_1_338' title='bbox 881 2849 902 2883; x_wconf 80' lang='lat' dir='ltr'>a</span> <span class='ocrx_word' id='word_1_339' title='bbox 921 2850 1013 2884; x_wconf 87' lang='lat' dir='ltr'>cette</span> <span class='ocrx_word' id='word_1_340' title='bbox 1033 2846 1174 2883; x_wconf 85' lang='lat' dir='ltr'>lacune.</span> <span class='ocrx_word' id='word_1_341' title='bbox 1192 2861 1211 2880; x_wconf 92' lang='lat'>«</span> <span class='ocrx_word' id='word_1_342' title='bbox 1229 2845 1295 2882; x_wconf 89' lang='lat' dir='ltr'>Die</span> <span class='ocrx_word' id='word_1_343' title='bbox 1309 2845 1426 2893; x_wconf 86' lang='lat' dir='ltr'>prima</span> <span class='ocrx_word' id='word_1_344' title='bbox 1443 2844 1581 2881; x_wconf 90' lang='lat' dir='ltr'>mensis</span> <span class='ocrx_word' id='word_1_345' title='bbox 1588 2843 1683 2892; x_wconf 90' lang='lat' dir='ltr'>julii,</span> <span class='ocrx_word' id='word_1_346' title='bbox 1705 2847 1779 2880; x_wconf 85' lang='lat' dir='ltr'>tres</span> <span class='ocrx_word' id='word_1_347' title='bbox 1798 2844 1960 2878; x_wconf 85' lang='lat' dir='ltr'>oratores</span> <span class='ocrx_word' id='word_1_348' title='bbox 1976 2839 2077 2887; x_wconf 87' lang='lat' dir='ltr'>regis</span> 
     </span>
     <span class='ocr_line' id='line_1_33' title="bbox 306 2898 2079 2955; baseline -0.006 -11"><span class='ocrx_word' id='word_1_349' title='bbox 306 2905 523 2955; x_wconf 77' lang='lat' dir='ltr'>Portugaffi,</span> <span class='ocrx_word' id='word_1_350' title='bbox 555 2906 722 2943; x_wconf 87' lang='lat' dir='ltr'>videlicet</span> <span class='ocrx_word' id='word_1_351' title='bbox 742 2906 935 2955; x_wconf 89' lang='lat' dir='ltr'>episcopus</span> <span class='ocrx_word' id='word_1_352' title='bbox 967 2905 1183 2943; x_wconf 82' lang='lat' dir='ltr'>Portuensis</span> <span class='ocrx_word' id='word_1_353' title='bbox 1209 2905 1285 2942; x_wconf 85' lang='lat' dir='ltr'>sive</span> <span class='ocrx_word' id='word_1_354' title='bbox 1311 2903 1628 2952; x_wconf 86' lang='lat' dir='ltr'>Portugalliensis‚</span> <span class='ocrx_word' id='word_1_355' title='bbox 1657 2914 1738 2939; x_wconf 91' lang='lat' dir='ltr'>cum</span> <span class='ocrx_word' id='word_1_356' title='bbox 1767 2899 1936 2937; x_wconf 84' lang='lat' dir='ltr'>mantello</span> <span class='ocrx_word' id='word_1_357' title='bbox 1965 2898 2079 2947; x_wconf 84' lang='lat' dir='ltr'>panni</span> 
     </span>
     <span class='ocr_line' id='line_1_34' title="bbox 311 2957 2079 3014; baseline -0.005 -12"><span class='ocrx_word' id='word_1_358' title='bbox 311 2966 407 3014; x_wconf 82' lang='lat' dir='ltr'>nigri</span> <span class='ocrx_word' id='word_1_359' title='bbox 423 2965 550 3013; x_wconf 84' lang='lat' dir='ltr'>lungo,</span> <span class='ocrx_word' id='word_1_360' title='bbox 581 2965 660 3002; x_wconf 89' lang='lat' dir='ltr'>sine</span> <span class='ocrx_word' id='word_1_361' title='bbox 683 2966 842 3013; x_wconf 84' lang='lat' dir='ltr'>caputio,</span> <span class='ocrx_word' id='word_1_362' title='bbox 868 2971 905 3003; x_wconf 85' lang='lat' dir='ltr'>et</span> <span class='ocrx_word' id='word_1_363' title='bbox 931 2965 1110 3003; x_wconf 88' lang='lat' dir='ltr'>alius.....</span> <span class='ocrx_word' id='word_1_364' title='bbox 1142 2965 1186 3001; x_wconf 90' lang='lat' dir='ltr'>de</span> <span class='ocrx_word' id='word_1_365' title='bbox 1213 2965 1415 3012; x_wconf 86' lang='lat' dir='ltr'>Haldegna‚</span> <span class='ocrx_word' id='word_1_366' title='bbox 1444 2963 1548 3000; x_wconf 90' lang='lat' dir='ltr'>miles</span> <span class='ocrx_word' id='word_1_367' title='bbox 1576 2962 1714 2999; x_wconf 85' lang='lat' dir='ltr'>ordinis</span> <span class='ocrx_word' id='word_1_368' title='bbox 1742 2958 1860 2998; x_wconf 86' lang='lat' dir='ltr'>sancti</span> <span class='ocrx_word' id='word_1_369' title='bbox 1887 2957 2014 2996; x_wconf 86' lang='lat' dir='ltr'>Jacobi</span> <span class='ocrx_word' id='word_1_370' title='bbox 2034 2957 2079 2994; x_wconf 91' lang='lat' dir='ltr'>de</span> 
     </span>
     <span class='ocr_line' id='line_1_35' title="bbox 312 3020 1844 3074; baseline -0.005 -12"><span class='ocrx_word' id='word_1_371' title='bbox 312 3025 453 3074; x_wconf 89' lang='lat' dir='ltr'>Spatha</span> <span class='ocrx_word' id='word_1_372' title='bbox 472 3029 507 3062; x_wconf 86' lang='lat' dir='ltr'>et</span> <span class='ocrx_word' id='word_1_373' title='bbox 522 3024 615 3061; x_wconf 82' lang='lat' dir='ltr'>alius</span> <span class='ocrx_word' id='word_1_374' title='bbox 635 3024 762 3061; x_wconf 86' lang='lat' dir='ltr'>doctor</span> <span class='ocrx_word' id='word_1_375' title='bbox 781 3028 817 3061; x_wconf 87' lang='lat' dir='ltr'>et</span> <span class='ocrx_word' id='word_1_376' title='bbox 835 3024 954 3067; x_wconf 86' lang='lat' dir='ltr'>miles,</span> <span class='ocrx_word' id='word_1_377' title='bbox 975 3024 1122 3061; x_wconf 89' lang='lat' dir='ltr'>nomine</span> <span class='ocrx_word' id='word_1_378' title='bbox 1143 3024 1358 3062; x_wconf 79' lang='lat' dir='ltr'>Didacus...</span> <span class='ocrx_word' id='word_1_379' title='bbox 1381 3038 1400 3057; x_wconf 91' lang='lat'>»</span> <span class='ocrx_word' id='word_1_380' title='bbox 1422 3034 1528 3067; x_wconf 67' lang='lat' dir='ltr'>mss„</span> <span class='ocrx_word' id='word_1_381' title='bbox 1553 3023 1633 3066; x_wconf 83' lang='lat'><strong>164,</strong></span> <span class='ocrx_word' id='word_1_382' title='bbox 1654 3020 1680 3056; x_wconf 87' lang='lat' dir='ltr'>f.</span> <span class='ocrx_word' id='word_1_383' title='bbox 1704 3021 1786 3065; x_wconf 87' lang='lat'><strong>189,</strong></span> <span class='ocrx_word' id='word_1_384' title='bbox 1808 3031 1844 3055; x_wconf 95' lang='lat' dir='ltr'>v.</span> 
     </span>
    </p>

    <p class='ocr_par' dir='ltr' id='par_1_5' title="bbox 315 3076 2086 3428">
     <span class='ocr_line' id='line_1_36' title="bbox 359 3076 2083 3132; baseline -0.005 -11"><span class='ocrx_word' id='word_1_385' title='bbox 359 3084 394 3121; x_wconf 87' lang='lat'>3.</span> <span class='ocrx_word' id='word_1_386' title='bbox 425 3097 444 3117; x_wconf 88' lang='lat'>«</span> <span class='ocrx_word' id='word_1_387' title='bbox 535 3082 649 3131; x_wconf 87' lang='lat' dir='ltr'>Cujus</span> <span class='ocrx_word' id='word_1_388' title='bbox 669 3083 757 3119; x_wconf 90' lang='lat' dir='ltr'>ordo</span> <span class='ocrx_word' id='word_1_389' title='bbox 774 3082 841 3120; x_wconf 87' lang='lat' dir='ltr'>fuit</span> <span class='ocrx_word' id='word_1_390' title='bbox 866 3095 931 3132; x_wconf 88' lang='lat' dir='ltr'>per</span> <span class='ocrx_word' id='word_1_391' title='bbox 956 3083 1168 3131; x_wconf 88' lang='lat' dir='ltr'>episcopum</span> <span class='ocrx_word' id='word_1_392' title='bbox 1195 3083 1394 3119; x_wconf 87' lang='lat' dir='ltr'>Hortanum</span> <span class='ocrx_word' id='word_1_393' title='bbox 1418 3081 1656 3130; x_wconf 86' lang='lat' dir='ltr'>improbatus,</span> <span class='ocrx_word' id='word_1_394' title='bbox 1686 3090 1771 3115; x_wconf 83' lang='lat' dir='ltr'>narn</span> <span class='ocrx_word' id='word_1_395' title='bbox 1797 3078 1856 3116; x_wconf 91' lang='lat' dir='ltr'>ille</span> <span class='ocrx_word' id='word_1_396' title='bbox 1876 3077 1939 3127; x_wconf 88' lang='lat' dir='ltr'>qui</span> <span class='ocrx_word' id='word_1_397' title='bbox 1958 3077 2028 3114; x_wconf 87' lang='lat' dir='ltr'>fuit</span> <span class='ocrx_word' id='word_1_398' title='bbox 2048 3076 2083 3114; x_wconf 88' lang='lat' dir='ltr'>et</span> 
     </span>
     <span class='ocr_line' id='line_1_37' title="bbox 315 3138 2084 3190; baseline -0.003 -11"><span class='ocrx_word' id='word_1_399' title='bbox 315 3146 371 3180; x_wconf 88' lang='lat' dir='ltr'>est</span> <span class='ocrx_word' id='word_1_400' title='bbox 391 3141 591 3187; x_wconf 84' lang='lat' dir='ltr'>secundus,</span> <span class='ocrx_word' id='word_1_401' title='bbox 613 3141 737 3178; x_wconf 88' lang='lat' dir='ltr'>debuit</span> <span class='ocrx_word' id='word_1_402' title='bbox 762 3153 844 3178; x_wconf 90' lang='lat' dir='ltr'>esse</span> <span class='ocrx_word' id='word_1_403' title='bbox 869 3141 1012 3187; x_wconf 85' lang='lat' dir='ltr'>tertius,</span> <span class='ocrx_word' id='word_1_404' title='bbox 1041 3143 1127 3190; x_wconf 89' lang='lat' dir='ltr'>quia</span> <span class='ocrx_word' id='word_1_405' title='bbox 1150 3145 1226 3178; x_wconf 86' lang='lat' dir='ltr'>erat</span> <span class='ocrx_word' id='word_1_406' title='bbox 1245 3146 1365 3178; x_wconf 85' lang='lat' dir='ltr'>orator</span> <span class='ocrx_word' id='word_1_407' title='bbox 1389 3141 1563 3188; x_wconf 87' lang='lat' dir='ltr'>antiquus</span> <span class='ocrx_word' id='word_1_408' title='bbox 1591 3138 1663 3183; x_wconf 86' lang='lat' dir='ltr'>hic,</span> <span class='ocrx_word' id='word_1_409' title='bbox 1691 3150 1756 3186; x_wconf 92' lang='lat' dir='ltr'>pro</span> <span class='ocrx_word' id='word_1_410' title='bbox 1777 3149 1863 3186; x_wconf 86' lang='lat' dir='ltr'>rege</span> <span class='ocrx_word' id='word_1_411' title='bbox 1884 3138 2026 3182; x_wconf 88' lang='lat' dir='ltr'>eodem,</span> <span class='ocrx_word' id='word_1_412' title='bbox 2048 3140 2084 3173; x_wconf 82' lang='lat' dir='ltr'>et</span> 
     </span>
     <span class='ocr_line' id='line_1_38' title="bbox 315 3197 2085 3250; baseline -0.003 -13"><span class='ocrx_word' id='word_1_413' title='bbox 315 3205 508 3250; x_wconf 88' lang='lat' dir='ltr'>propterea</span> <span class='ocrx_word' id='word_1_414' title='bbox 535 3201 662 3238; x_wconf 89' lang='lat' dir='ltr'>debuit</span> <span class='ocrx_word' id='word_1_415' title='bbox 685 3200 792 3238; x_wconf 89' lang='lat' dir='ltr'>hodie</span> <span class='ocrx_word' id='word_1_416' title='bbox 823 3200 861 3236; x_wconf 90' lang='lat' dir='ltr'>in</span> <span class='ocrx_word' id='word_1_417' title='bbox 892 3201 1111 3239; x_wconf 90' lang='lat' dir='ltr'>consistorio</span> <span class='ocrx_word' id='word_1_418' title='bbox 1145 3201 1272 3238; x_wconf 89' lang='lat' dir='ltr'>cedere</span> <span class='ocrx_word' id='word_1_419' title='bbox 1299 3200 1439 3236; x_wconf 90' lang='lat' dir='ltr'>noviter</span> <span class='ocrx_word' id='word_1_420' title='bbox 1469 3198 1687 3236; x_wconf 85' lang='lat' dir='ltr'>advenienti.</span> <span class='ocrx_word' id='word_1_421' title='bbox 1720 3197 1783 3235; x_wconf 87' lang='lat' dir='ltr'>Ille</span> <span class='ocrx_word' id='word_1_422' title='bbox 1810 3201 1930 3234; x_wconf 85' lang='lat' dir='ltr'>autem</span> <span class='ocrx_word' id='word_1_423' title='bbox 1963 3199 2085 3233; x_wconf 84' lang='lat' dir='ltr'>orator</span> 
     </span>
     <span class='ocr_line' id='line_1_39' title="bbox 318 3255 2086 3310; baseline -0.003 -12"><span class='ocrx_word' id='word_1_424' title='bbox 318 3262 500 3298; x_wconf 87' lang='lat' dir='ltr'>secundus</span> <span class='ocrx_word' id='word_1_425' title='bbox 521 3260 707 3310; x_wconf 86' lang='lat' dir='ltr'>respondit</span> <span class='ocrx_word' id='word_1_426' title='bbox 727 3272 766 3297; x_wconf 89' lang='lat' dir='ltr'>se</span> <span class='ocrx_word' id='word_1_427' title='bbox 786 3271 867 3297; x_wconf 89' lang='lat' dir='ltr'>esse</span> <span class='ocrx_word' id='word_1_428' title='bbox 888 3261 1048 3297; x_wconf 91' lang='lat' dir='ltr'>secundo</span> <span class='ocrx_word' id='word_1_429' title='bbox 1068 3260 1146 3297; x_wconf 88' lang='lat' dir='ltr'>loco</span> <span class='ocrx_word' id='word_1_430' title='bbox 1172 3259 1395 3296; x_wconf 82' lang='lat' dir='ltr'>nominatum</span> <span class='ocrx_word' id='word_1_431' title='bbox 1424 3270 1445 3295; x_wconf 87' lang='lat' dir='ltr'>a</span> <span class='ocrx_word' id='word_1_432' title='bbox 1469 3270 1556 3306; x_wconf 88' lang='lat' dir='ltr'>rege</span> <span class='ocrx_word' id='word_1_433' title='bbox 1582 3262 1619 3295; x_wconf 89' lang='lat' dir='ltr'>et</span> <span class='ocrx_word' id='word_1_434' title='bbox 1643 3257 1865 3306; x_wconf 88' lang='lat' dir='ltr'>descriptum</span> <span class='ocrx_word' id='word_1_435' title='bbox 1885 3256 1923 3292; x_wconf 90' lang='lat' dir='ltr'>in</span> <span class='ocrx_word' id='word_1_436' title='bbox 1946 3255 2086 3293; x_wconf 88' lang='lat' dir='ltr'>instru-</span> 
     </span>
     <span class='ocr_line' id='line_1_40' title="bbox 317 3314 2083 3366; baseline -0.003 -10"><span class='ocrx_word' id='word_1_437' title='bbox 317 3325 438 3357; x_wconf 87' lang='lat' dir='ltr'>mento</span> <span class='ocrx_word' id='word_1_438' title='bbox 458 3324 494 3357; x_wconf 89' lang='lat' dir='ltr'>et</span> <span class='ocrx_word' id='word_1_439' title='bbox 510 3319 641 3357; x_wconf 83' lang='lat' dir='ltr'>litteris</span> <span class='ocrx_word' id='word_1_440' title='bbox 660 3319 938 3364; x_wconf 88' lang='lat' dir='ltr'>commissionis,</span> <span class='ocrx_word' id='word_1_441' title='bbox 965 3319 1046 3357; x_wconf 92' lang='lat' dir='ltr'>ideo</span> <span class='ocrx_word' id='word_1_442' title='bbox 1074 3319 1126 3356; x_wconf 84' lang='lat' dir='ltr'>sio</span> <span class='ocrx_word' id='word_1_443' title='bbox 1153 3319 1268 3356; x_wconf 87' lang='lat' dir='ltr'>voluit</span> <span class='ocrx_word' id='word_1_444' title='bbox 1289 3330 1384 3364; x_wconf 88' lang='lat' dir='ltr'>esse,</span> <span class='ocrx_word' id='word_1_445' title='bbox 1414 3322 1587 3366; x_wconf 85' lang='lat' dir='ltr'>tanquam</span> <span class='ocrx_word' id='word_1_446' title='bbox 1616 3316 1699 3359; x_wconf 85' lang='lat' dir='ltr'>alte,</span> <span class='ocrx_word' id='word_1_447' title='bbox 1728 3316 1898 3353; x_wconf 91' lang='lat' dir='ltr'>omnibus</span> <span class='ocrx_word' id='word_1_448' title='bbox 1930 3314 2083 3352; x_wconf 83' lang='lat' dir='ltr'>audien-</span> 
     </span>
     <span class='ocr_line' id='line_1_41' title="bbox 318 3375 2085 3428; baseline -0.003 -12"><span class='ocrx_word' id='word_1_449' title='bbox 318 3380 417 3417; x_wconf 87' lang='lat' dir='ltr'>tibus</span> <span class='ocrx_word' id='word_1_450' title='bbox 436 3379 505 3416; x_wconf 88' lang='lat' dir='ltr'>fuit</span> <span class='ocrx_word' id='word_1_451' title='bbox 522 3380 766 3428; x_wconf 87' lang='lat' dir='ltr'>reprehensus</span> <span class='ocrx_word' id='word_1_452' title='bbox 784 3378 830 3415; x_wconf 91' lang='lat' dir='ltr'>ab</span> <span class='ocrx_word' id='word_1_453' title='bbox 850 3378 1020 3427; x_wconf 84' lang='lat' dir='ltr'>episcopo</span> <span class='ocrx_word' id='word_1_454' title='bbox 1037 3379 1227 3427; x_wconf 83' lang='lat' dir='ltr'>[Hortano]</span> <span class='ocrx_word' id='word_1_455' title='bbox 1245 3383 1280 3415; x_wconf 85' lang='lat' dir='ltr'>et</span> <span class='ocrx_word' id='word_1_456' title='bbox 1299 3378 1399 3427; x_wconf 88' lang='lat' dir='ltr'>prius</span> <span class='ocrx_word' id='word_1_457' title='bbox 1419 3389 1441 3414; x_wconf 87' lang='lat' dir='ltr'>a</span> <span class='ocrx_word' id='word_1_458' title='bbox 1455 3378 1499 3413; x_wconf 91' lang='lat' dir='ltr'>D.</span> <span class='ocrx_word' id='word_1_459' title='bbox 1525 3376 1747 3413; x_wconf 84' lang='lat' dir='ltr'>Bernardino</span> <span class='ocrx_word' id='word_1_460' title='bbox 1767 3375 1859 3413; x_wconf 87' lang='lat' dir='ltr'>clam</span> <span class='ocrx_word' id='word_1_461' title='bbox 1879 3380 1916 3413; x_wconf 81' lang='lat' dir='ltr'>et,</span> <span class='ocrx_word' id='word_1_462' title='bbox 1935 3378 2085 3420; x_wconf 86' lang='lat' dir='ltr'>secrete,</span> 
     </span>
    </p>
   </div>
   <div class='ocr_carea' id='block_1_4' title="bbox 321 3434 2087 3539">
    <p class='ocr_par' dir='ltr' id='par_1_6' title="bbox 321 3434 2087 3539">
     <span class='ocr_line' id='line_1_42' title="bbox 321 3434 2087 3487; baseline -0.002 -13"><span class='ocrx_word' id='word_1_463' title='bbox 321 3439 385 3474; x_wconf 90' lang='lat' dir='ltr'>sed</span> <span class='ocrx_word' id='word_1_464' title='bbox 405 3440 552 3476; x_wconf 83' lang='lat' dir='ltr'>omnino</span> <span class='ocrx_word' id='word_1_465' title='bbox 570 3438 683 3476; x_wconf 86' lang='lat' dir='ltr'>voluit</span> <span class='ocrx_word' id='word_1_466' title='bbox 709 3439 788 3487; x_wconf 89' lang='lat' dir='ltr'>ipse</span> <span class='ocrx_word' id='word_1_467' title='bbox 808 3442 930 3476; x_wconf 85' lang='lat' dir='ltr'>orator</span> <span class='ocrx_word' id='word_1_468' title='bbox 949 3437 1019 3475; x_wconf 89' lang='lat' dir='ltr'>nisi</span> <span class='ocrx_word' id='word_1_469' title='bbox 1044 3450 1126 3475; x_wconf 87' lang='lat' dir='ltr'>esse</span> <span class='ocrx_word' id='word_1_470' title='bbox 1146 3444 1254 3487; x_wconf 81' lang='lat' dir='ltr'>prout</span> <span class='ocrx_word' id='word_1_471' title='bbox 1273 3437 1341 3475; x_wconf 79' lang='lat' dir='ltr'>fuit</span> <span class='ocrx_word' id='word_1_472' title='bbox 1363 3437 1559 3481; x_wconf 88' lang='lat' dir='ltr'>secundus,</span> <span class='ocrx_word' id='word_1_473' title='bbox 1581 3439 1617 3473; x_wconf 85' lang='lat' dir='ltr'>et</span> <span class='ocrx_word' id='word_1_474' title='bbox 1645 3435 1749 3473; x_wconf 87' lang='lat' dir='ltr'>alteri</span> <span class='ocrx_word' id='word_1_475' title='bbox 1769 3447 1842 3473; x_wconf 91' lang='lat' dir='ltr'>non</span> <span class='ocrx_word' id='word_1_476' title='bbox 1862 3434 2040 3471; x_wconf 86' lang='lat' dir='ltr'>cedere...</span> <span class='ocrx_word' id='word_1_477' title='bbox 2067 3445 2087 3471; x_wconf 80' lang='lat'><strong>»</strong></span> 
     </span>
     <span class='ocr_line' id='line_1_43' title="bbox 322 3497 546 3539; baseline -0.004 -5"><span class='ocrx_word' id='word_1_478' title='bbox 322 3498 394 3539; x_wconf 65' lang='lat' dir='ltr'>Id„</span> <span class='ocrx_word' id='word_1_479' title='bbox 416 3497 443 3534; x_wconf 84' lang='lat' dir='ltr'>f.</span> <span class='ocrx_word' id='word_1_480' title='bbox 467 3499 546 3534; x_wconf 87' lang='lat'><strong>191.</strong></span> 
     </span>
    </p>
   </div>
  </div>
 </body>
</html>
