2228 3938
336 382 402 417 174
942 382 1173 419 JOHANNIS
1208 382 1503 426 BURCHARDI,
1784 381 1992 421 [Dt'wembre
2014 385 2108 425 1501]

334 483 506 530 RRmis
538 485 638 530 DD.
672 483 1018 542 cardinalibus,
1057 484 1352 542 oratoribus,
1390 483 1755 543 referendariis,
1784 484 2104 546 auditoribus,

335 565 757 613 conservatoribus
783 568 831 613 et
855 566 1134 626 curialibus,
1165 567 1412 615 canonicis
1442 566 1641 614 basilice
1673 582 1712 613 s.
1742 566 1891 626 Petri,
1920 570 2110 633 regenti

335 648 626 696 cancellarie
651 649 933 712 apostolice,
960 651 1311 713 protonotariis
1343 649 1768 713 participantibus,
1803 650 2110 700 abbreviato-

332 731 469 779 ribus
496 732 553 779 de
578 749 728 796 parco
753 733 959 797 majore,
989 734 1312 797 scriptoribus
1339 732 1619 796 apostolicis
1646 735 1692 780 et
1724 732 1849 793 aliis,
1882 733 2012 797 quod
2035 734 2110 782 die

333 816 562 875 crastina,
604 820 770 865 Rmus.
812 819 868 865 D.
906 816 1168 865 cardinalis
1199 816 1413 865 Estensis
1450 818 1578 863 esset
1616 816 1890 864 intraturus
1928 817 2109 865 Urbem

333 914 422 962 per
452 902 646 963 portam
677 900 722 948 b.
757 900 909 948 Marie
944 900 1001 948 de
1025 899 1226 964 populo,
1254 900 1379 948 hora
1405 899 1640 963 vigesima
1665 899 1822 963 prima
1858 899 1934 947 cui
1962 900 2110 948 debe-

331 985 443 1030 rent
470 983 635 1031 venire
666 983 875 1032 obviam.
910 984 1082 1031 Socius
1114 999 1251 1031 meus
1280 982 1398 1031 dixit
1430 985 1558 1046 Pape
1591 982 1628 1030 si
1657 982 1926 1031 cardinales
1960 983 2108 1031 debe-

333 1068 441 1113 rent
462 1065 621 1114 venire
650 1066 837 1114 obviam
862 1066 909 1113 in
936 1066 1102 1130 cappis
1129 1066 1373 1114 violaceis.
1403 1065 1670 1128 Respondit
1694 1068 1825 1128 Papa
1848 1066 1978 1128 quod
2003 1082 2110 1114 nes—

333 1148 455 1196 ciret
489 1149 604 1212 quid
638 1153 839 1215 rogaret
869 1153 917 1198 et
947 1150 1078 1212 quod
1108 1149 1345 1196 deberent
1376 1149 1539 1196 venire
1578 1148 1626 1195 in
1666 1149 1833 1211 cappis
1870 1149 2104 1197 rosaceis.

332 1231 577 1280 Intimatio
601 1232 884 1297 hujusmodi
910 1233 998 1280 fuit
1022 1233 1151 1280 facta
1181 1231 1405 1280 omnibus
1434 1232 1608 1279 RRmis
1643 1234 1742 1279 DD.
1779 1232 2110 1280 cardinalibus

333 1318 381 1363 et
405 1315 508 1364 aliis
532 1332 681 1380 supra
704 1317 845 1365 dictis
872 1333 961 1380 pro
986 1316 1111 1364 hora
1131 1315 1392 1380 vigesima3
1421 1315 1541 1363 nihil
1564 1319 1728 1363 autem
1750 1315 1839 1363 fuit
1861 1315 1920 1363 de
1943 1316 2110 1379 cappis

334 1396 610 1447 intimatum
626 1399 706 1464 (1).

396 1481 536 1529 Feria
554 1482 738 1545 quinta,
763 1484 821 1529 23
838 1481 1047 1548 predicti
1067 1482 1264 1540 mensis,
1285 1484 1368 1530 SS.
1388 1484 1445 1529 D.
1467 1484 1523 1530 N.
1541 1481 1778 1530 nunciare
1794 1481 1910 1530 fecit
1924 1483 2103 1529 RRmo.

333 1567 432 1613 DD.
478 1565 715 1613 cardinali
761 1565 951 1612 Estensi
993 1566 1053 1612 ad
1097 1566 1278 1613 Urbem
1320 1565 1548 1624 venienti,
1589 1566 1736 1628 quod,
1777 1565 1943 1624 hodie,
1983 1565 2108 1613 hora

331 1648 523 1696 decima
544 1650 732 1705 oct-ava,
761 1646 964 1695 deberet
986 1664 1091 1695 esse
1116 1664 1226 1696 cum
1258 1647 1389 1695 omni
1414 1648 1642 1696 comitiva
1667 1664 1753 1695 sua
1777 1648 1838 1695 ad
1856 1646 2108 1695 introitum

331 1735 547 1795 paratus,
577 1735 624 1780 et
654 1730 756 1795 ipse
783 1735 1043 1795 expectare
1070 1734 1204 1779 extra
1231 1734 1430 1795 pontem
1462 1731 1692 1791 Milvium,
1723 1747 1870 1794 super
1895 1729 2111 1778 muricu-

331 1816 431 1863 lum
458 1832 609 1880 prope
631 1815 810 1863 turrim
832 1815 966 1879 ponti
988 1815 1357 1879 proximiorem,
1383 1815 1511 1879 quod
1535 1815 1648 1863 fecit
1669 1814 1800 1863 idem
1822 1813 2106 1863 cardinalis.

331 1901 508 1946 Omnes
547 1898 820 1947 cardinales
856 1902 1095 1947 venerunt
1126 1902 1264 1947 extra
1294 1903 1489 1963 portam
1522 1899 1581 1947 de
1613 1898 1817 1963 Populo,
1859 1898 1939 1946 ubi
1972 1900 2109 1961 post-

333 1997 479 2046 quam
512 1982 561 2029 in
586 1983 730 2030 mulis
756 1983 816 2031 ad
846 1997 992 2031 unam
1024 1983 1267 2046 integram
1296 1984 1472 2031 horam
1500 1983 1575 2030 vel
1607 1983 1742 2031 circa
1771 1984 2108 2046 expectarunt,

340 2064 586 2112 intrarunt
615 2067 810 2129 portam
840 2068 887 2113 et
920 2065 1272 2113 descendentes
1307 2081 1365 2112 ex
1394 2065 1539 2112 mulis
1570 2065 1815 2112 intrarunt
1852 2063 2110 2112 ecclesiam

340 2148 399 2195 de
425 2148 608 2212 Populo
637 2148 686 2196 in
712 2162 807 2211 qua
832 2151 1149 2212 expectarunt
1174 2164 1261 2212 per
1296 2164 1442 2196 unam
1470 2148 1615 2196 aliam
1644 2148 1821 2196 horam
1851 2147 1927 2195 vel
1957 2146 2108 2194 circa.

339 2231 537 2278 Interim
576 2232 706 2279 venit
749 2232 1049 2296 gubernator
1087 2232 1230 2280 Urbis
1269 2235 1317 2280 et
1354 2231 1595 2280 ordinavit
1637 2231 1817 2279 salmas
1847 2229 2111 2278 cardinalis

338 2314 572 2362 venientis
605 2318 652 2362 et
683 2315 787 2379 ejus
817 2315 1071 2374 familiam,
1109 2318 1161 2363 ut
1193 2315 1535 2379 procederent,
1567 2315 1697 2378 quod
1727 2315 1949 2362 fecerunt
1979 2312 2112 2361 circa

338 2397 511 2446 horam
534 2397 818 2461 vigesimam
843 2399 1122 2446 secundam.
1149 2398 1438 2446 Intravimus
1461 2415 1545 2446 seu
1570 2397 1974 2462 pertransivimus
1995 2411 2112 2460 pon-

342 2486 437 2531 tem
462 2482 693 2541 Milvium,
723 2483 803 2531 ubi
828 2485 966 2531 extra
991 2486 1190 2547 pontem
1213 2498 1381 2531 versus
1407 2483 1589 2530 Urbem
1614 2484 1670 2529 R.
1700 2484 1757 2529 D.
1787 2480 2113 2544 Hieronymus

337 2566 554 2625 Porcius,
587 2566 889 2625 AndriensiS,
926 2569 974 2614 et
1002 2565 1224 2614 Andreas
1256 2566 1314 2614 de
1346 2566 1487 2616 Valle
1525 2564 1839 2614 Cotronensis
1873 2562 2107 2628 episcopi,

339 2650 559 2699 canonici
591 2668 628 2698 s.
663 2650 811 2709 Petri,
847 2650 1044 2698 nomine
1074 2651 1275 2714 capituli
1305 2650 1523 2714 ejusdem
1549 2649 1748 2697 basilice
1779 2647 1917 2712 cujus
1949 2643 2112 2695 cardi-

338 2730 460 2780 nalis
486 2736 559 2781 est
583 2733 998 2798 archipresbyter,
1024 2736 1321 2797 receperunt
1349 2733 1509 2797 ipsum
1535 2731 1853 2781 cardinalem.
1881 2732 2005 2779 Ante
2029 2742 2111 2777 eos

340 2819 627 2880 receperant
663 2832 792 2875 eum,
833 2817 980 2865 etiam
1018 2817 1148 2864 intra
1178 2833 1262 2864 seu
1294 2817 1419 2865 citra
1448 2819 1665 2879 pontem,
1706 2815 1877 2863 versus
1910 2812 2106 2869 Urbem,

338 2899 595 2963 episcopus
627 2900 944 2964 Segoviensis,
979 2900 1211 2964 magister
1242 2900 1432 2959 domus,
1461 2915 1571 2947 cum
1601 2897 1784 2945 familia
1813 2895 1990 2944 Montis
2017 2897 2109 2943 Re-

387 3034 420 3071 1.
449 3033 498 3071 Le
523 3046 615 3083 pape
632 3039 666 3071 et
690 3046 756 3071 son
777 3033 834 3071 fils
858 3034 1025 3071 luttaient
1044 3034 1090 3071 de
1115 3034 1374 3083 magnificence
1403 3045 1495 3083 pour
1516 3019 1676 3070 recevoir
1703 3032 1738 3069 la
1764 3029 1976 3080 deputation
1997 3016 2110 3067 16116-Δ

340 3093 433 3130 raise
465 3093 527 3141 qui
553 3094 674 3131 venait
701 3094 874 3130 6116161161
898 3094 1055 3130 Lucrece
1087 3094 1235 3142 Borgia,
1269 3106 1315 3130 au
1341 3105 1426 3131 nom
1453 3094 1497 3129 (16
1539 3104 1606 3130 son
1638 3091 1770 3129 nouvel
1798 3094 1930 3140 epoux.
1964 3104 1982 3123 «
2062 3092 2110 3126 Et

343 3164 484 3197 69111616
504 3154 539 3189 la
559 3154 705 3189 intende
727 3165 749 3189 ιι
763 3155 952 3200 proposito
970 3156 1002 3190 et
1027 3155 1109 3197 fcere
1135 3155 1268 3190 danari
1283 3165 1354 3199 per
1373 3155 1403 3190 le
1421 3163 1523 3199 spese
1542 3153 1679 3198 „qv-andi
1699 3151 1760 3188 6116
1784 3163 1826 3187 ne
1848 3161 1990 3187 occurre
2011 3153 2108 3186 tuoto

341 3212 392 3253 di‘
416 3211 476 3248 6116
491 3214 508 3248 ὁ
527 3224 607 3249 cosa
627 3214 796 3248 inaudita
817 3213 935 3259 quello
954 3213 988 3248 εἰ
1017 3213 1148 3248 ordina
1166 3214 1248 3257 fare
1265 3215 1328 3259 qui
1347 3214 1387 3248 in
1407 3215 1529 3258 queste
1547 3214 1639 3256 feste
1647 3224 1662 3254 ;
1681 3215 1715 3247 et
1730 3222 1799 3258 per
1817 3222 1889 3246 unct
1917 3211 2056 3245 minore
2074 3209 2110 3244 si

341 3272 454 3315 fanno
481 3272 507 3307 lt·
527 3273 691 3318 Slaffieri
716 3273 774 3307 del
800 3274 899 3307 Duca
927 3272 959 3307 le
986 3283 1111 3318 scarpo
1140 3273 1181 3308 di
1211 3275 1382 3309 Broccato
1408 3271 1520 3316 d’oro,
1552 3274 1584 3306 et
1615 3271 1689 3306 cosi
1718 3272 1745 3306 li
1773 3269 2020 3314 Palafrenieri
2051 3267 2110 3303 del

342 3331 445 3376 Papa
465 3342 477 3366 :
498 3334 531 3367 et
550 3332 620 3367 Lui
639 3335 671 3368 et
688 3332 715 3367 il
731 3332 826 3367 duca
844 3332 1069 3376 qtzreyqicmo
1088 3332 1127 3366 in
1147 3333 1228 3376 fare
1248 3342 1326 3367 cose
1347 3332 1416 3376 piu
1437 3341 1577 3376 11169116,
1592 3331 1662 3376 pia
1680 3341 1767 3366 nove
1782 3333 1815 3365 et
1834 3330 1901 3375 pi'z'c
1919 3329 1966 3363 da
1985 3337 2106 3373 spes-a.

340 3388 399 3433 Et,
420 3389 486 3426 che
507 3393 525 3427 6
539 3391 686 3440 peggio‚
708 3390 917 3438 qualunque
931 3388 1039 3426 lauda
1058 3394 1094 3426 et
1107 3390 1350 3426 commendao
1371 3401 1433 3436 per
1444 3394 1577 3434 trarne,
1600 3401 1620 3426 o
1638 3401 1701 3437 per
1714 3400 1839 3437 paura.
1858 3388 1901 3424 Et
1919 3384 2107 3436 patirebbe

342 3448 454 3486 molto
485 3450 621 3499 peggio
653 3454 688 3487 et
716 3450 779 3500 piu
784 3476 855 3487 .....
884 3449 1013 3494 Rome,
1043 3449 1101 3497 xvj
1129 3448 1330 3486 decembris
1362 3449 1463 3486 MDI.
1494 3448 1655 3486 Servitor
1675 3449 1895 3486 anmscus
1914 3458 1958 3483 1111
1984 3445 2105 3490 Paris,

342 3507 485 3547 doctor.
512 3524 531 3543 »
550 3511 681 3557 (Ar-ch.
707 3512 861 3548 Florent.
887 3507 988 3547 Clas.
1012 3508 1059 3555 X,
1085 3508 1172 3546 dist.
1194 3520 1231 3554 11,
1252 3509 1332 3545 filza
1353 3509 1413 3553 51,
1434 3519 1455 3544 a
1473 3520 1509 3548 c.
1534 3509 1633 3555 275.)
