2254 3944
152 421 311 462 [Jssssviffl’
331 421 425 460 1500]
592 419 763 457 RERUM
795 416 1101 456 URBANARUM
1136 414 1491 452 COMMENTARII.
1922 420 1945 454 9

155 524 311 572 tiones
355 538 672 586 personarum
720 522 780 570 ad
815 537 933 585 quas
973 519 1119 567 etiam
1159 518 1349 566 debitus
1386 522 1637 581 respectus
1672 519 1939 581 habeatur;

151 623 341 655 necnon
371 623 514 670 super
548 606 676 653 male
713 605 901 663 ablatis,
942 603 1140 651 incertis
1180 606 1227 649 et
1256 601 1382 649 male
1415 602 1633 664 quesitis,
1672 603 1731 650 de
1770 604 1941 666 quibus

154 706 264 739 cum
290 690 527 739 restitutio
553 689 657 737 fieri
683 689 873 745 debeat,
908 687 1128 736 notitiam
1159 686 1337 733 habeat
1375 700 1696 749 personarum
1723 691 1770 735 et
1795 688 1942 750 quali-

155 779 302 822 tatem
335 774 459 821 male
492 772 762 820 ablatorum
799 777 845 819 et
879 771 1005 819 male
1038 770 1341 834 quesitorum
1377 770 1702 833 componendi
1740 776 1788 819 et
1823 771 1940 819 resi-

153 857 299 904 duum
324 857 393 904 eis
418 856 711 915 remittendi,
741 871 796 904 ac
820 871 931 904 cum
957 853 1247 919 symoniacis
1281 853 1358 916 qui
1396 853 1635 900 beneficia
1661 854 1936 918 symoniace

152 940 501 1003 acquisiverunt
545 940 766 987 similiter
810 938 1136 1002 dispensandi,
1177 942 1224 984 et
1262 953 1345 984 eos
1390 952 1417 984 a
1461 937 1680 1000 symonie
1725 937 1833 984 labe
1881 954 1936 985 ac

127 1016 130 1018 ’
153 1024 681 1082 excommunicationiS‚
710 1024 910 1088 aliisque
940 1021 1157 1071 censuris
1185 1020 1526 1070 ecclesiasticis
1556 1020 1851 1081 absolvendi,
1878 1037 1934 1069 ac

152 1110 220 1156 eis
253 1108 333 1170 qui
363 1107 488 1156 dicta
520 1107 759 1156 beneficia
788 1108 1015 1165 retinere,
1058 1110 1122 1166 et,
1165 1103 1456 1168 insusceptis
1489 1104 1754 1164 ordinibuS,
1792 1104 1935 1152 etiam

149 1191 424 1256 symoniace
448 1191 673 1255 receptiS,
704 1192 850 1240 etiam
875 1191 922 1238 in
948 1189 1112 1238 altaris
1138 1188 1409 1236 ministerio
1443 1187 1718 1235 ministrare
1750 1188 1936 1251 possint

147 1274 482 1333 concedimus3
506 1274 827 1338 abolendique
854 1289 1050 1322 omnem
1074 1271 1389 1320 inhabilitatis
1409 1276 1455 1319 et
1478 1270 1672 1319 intamie
1694 1271 1935 1319 maculam

149 1358 247 1406 sive
272 1362 439 1406 notam
462 1374 549 1423 per
574 1373 658 1406 eos
684 1359 1035 1422 premissorum
1069 1356 1326 1405 occasione
1363 1359 1693 1414 contractam;
1730 1356 1935 1419 scripto-

148 1458 320 1505 resque
338 1442 605 1490 litterarum
625 1442 998 1505 apostolicarum
1014 1441 1095 1505 qui
1115 1440 1240 1489 ultra
1257 1443 1416 1487 taxam
1431 1439 1609 1502 aliquid
1627 1445 1930 1502 receperunt,

150 1525 295 1573 etiam
333 1525 611 1573 absolvendi
648 1525 775 1574 facta
812 1541 922 1573 cum
968 1525 1037 1573 eis
1077 1524 1238 1587 aliqua
1275 1522 1628 1587 compositione
1667 1524 1931 1570 secundum

149 1609 464 1671 quantitatem
490 1609 803 1672 pecuniarum
835 1625 953 1672 quas
987 1612 1293 1671 receperunt,
1330 1611 1377 1653 et
1407 1606 1627 1654 similiter
1650 1622 1761 1653 cum
1791 1606 1931 1654 dictis

151 1692 441 1756 symoniacis
477 1708 622 1754 super
646 1692 880 1739 fructibus
919 1692 1043 1739 male
1079 1691 1341 1754 perceptis,
1366 1689 1589 1738 videlicet
1617 1696 1666 1737 ut
1691 1690 1751 1737 ad
1775 1690 1934 1738 minus

150 1775 342 1823 tertiam
369 1779 557 1838 partem
593 1776 696 1840 ejus
726 1776 856 1838 quod
883 1778 1173 1838 receperunt
1199 1775 1246 1821 in
1278 1774 1408 1822 dicta
1433 1789 1578 1837 capsa
1597 1778 1794 1836 ponant,
1824 1778 1868 1821 et
1897 1774 1935 1821 si

149 1863 375 1922 ageretur
396 1859 455 1906 de
480 1859 718 1907 beneficio
740 1859 872 1922 parvi
894 1859 1086 1917 valoris,
1113 1859 1186 1906 vel
1211 1873 1321 1906 cum
1346 1858 1469 1904 adeo
1495 1873 1723 1920 paupere,
1747 1862 1793 1905 et
1818 1858 1937 1906 nihil

149 1942 334 1990 solvere
359 1946 540 2006 posset,
565 1942 655 1990 sibi
684 1946 838 1990 totum
866 1943 1142 1990 remittendi
1171 1943 1382 2006 plenam,
1404 1941 1606 1989 liberam
1629 1946 1676 1990 et
1698 1941 1937 1990 omnimo-

148 2026 258 2073 dam
288 2025 337 2072 in
367 2025 469 2074 foro
498 2026 813 2086 conscientie,
846 2027 1092 2085 duntaxat,
1125 2030 1171 2074 et
1198 2041 1295 2074 non
1316 2026 1473 2083 aliter,
1497 2026 1592 2073 hoc
1618 2041 1744 2073 anno
1767 2025 1934 2088 jubilei

148 2108 463 2156 conc-edimus
495 2108 792 2168 facultatem,
821 2126 967 2174 super
1004 2102 1173 2173 quibus
1210 2110 1435 2158 omnibus
1473 2110 1758 2156 eorumdem
1796 2110 1933 2173 peni—

147 2192 482 2247 tentiariorum
516 2192 871 2257 conscientiam
910 2208 1189 2242 oneramus.
1228 2195 1285 2240 Et
1321 2193 1434 2257 quia
1475 2193 1733 2255 aliquando
1769 2199 1933 2257 posset

147 2275 426 2338 contingere
464 2277 594 2340 ipsos
624 2277 989 2340 penitentiarios
1012 2276 1173 2342 [super
1203 2277 1350 2324 modo
1386 2276 1710 2339 componendi
1740 2276 1788 2323 in
1825 2293 1931 2340 pre-

145 2358 305 2406 missis
328 2359 402 2408 vel
427 2360 531 2407 aliis
558 2361 796 2421 dubitare,
819 2361 1038 2409 volumus
1061 2365 1110 2409 ut
1130 2361 1221 2424 ipsi
1242 2361 1291 2408 in
1311 2360 1387 2407 his
1413 2361 1474 2408 ad
1495 2360 1818 2408 venerabilem
1841 2361 1932 2407 fra·

144 2445 267 2488 trem
291 2443 559 2491 Johannem
585 2444 866 2508 Baptistam,
888 2445 1169 2508 episcopum
1185 2445 1526 2503 Mutinensem,
1562 2444 1799 2492 datarium
1824 2460 1933 2492 nos-

145 2530 289 2584 trum,
316 2541 566 2573 recurrere
594 2528 822 2585 debeant,
853 2533 899 2575 et
925 2532 1156 2591 quantum
1182 2545 1269 2592 per
1294 2544 1404 2576 eum
1428 2527 1734 2576 mandabitur
1758 2528 1929 2591 exequi

148 2611 415 2664 teneantur,
449 2624 547 2655 non
580 2610 878 2658 obstantibus
904 2610 1173 2673 premissis,
1202 2626 1258 2658 ac
1280 2612 1702 2666 constitutionibus
1728 2617 1774 2660 et
1799 2612 1930 2660 ordi-

145 2691 419 2753 nationibus
444 2692 739 2755 apostoliciS‚
766 2693 1035 2756 ceterisque
1059 2694 1316 2741 contrariis
1341 2695 1725 2757 quibuscumque
1750 2695 1925 2758 placet,

146 2778 191 2822 et
208 2774 274 2822 ita
294 2775 342 2822 in
358 2775 462 2822 foro
485 2775 799 2835 conscientie,
820 2777 1066 2836 duntaxat,
1088 2777 1420 2824 concedimus.
1441 2779 1615 2825 Datum
1637 2780 1786 2825 Rome
1803 2779 1933 2841 apud-

145 2874 184 2905 s.
211 2859 424 2917 Petrum,
452 2862 621 2922 quarto
646 2875 800 2907 nonas
823 2860 997 2920 Martii,
1023 2860 1331 2923 pontificatus
1355 2860 1508 2909 nostri
1532 2876 1658 2909 anno
1685 2866 1869 2910 octavo.
1902 2882 1922 2904 »

212 2941 297 2989 Die
342 2943 549 3002 veneris,
568 2976 572 2978 -
592 2946 618 2991 3
655 2944 836 2991 mensis
869 2944 1095 3007 januarii,
1145 2944 1339 2993 fuerunt
1385 2961 1589 3008 vespere
1636 2945 1832 3008 papales
1879 2946 1926 2993 in

144 3025 330 3088 capella
363 3026 547 3089 majore
580 3026 743 3090 palatii
776 3027 1046 3091 apostolici,
1083 3031 1212 3092 Papa
1249 3032 1506 3091 presente3
1547 3028 1720 3091 quibus
1759 3028 1924 3088 finitis,

144 3123 254 3155 cum
278 3108 327 3155 in
354 3125 546 3157 camera
573 3111 811 3174 papagalli
846 3111 1065 3160 Pontifex
1102 3116 1383 3176 paramenta
1415 3113 1697 3175 deponeret,
1731 3113 1925 3175 quidam

144 3194 200 3239 D.
230 3193 526 3252 Leonardus,
556 3193 636 3255 qui
661 3194 720 3240 de
746 3196 893 3242 Terra
918 3196 1094 3243 Sancta
1123 3195 1348 3254 redierat,
1384 3195 1625 3242 osculatus
1652 3199 1723 3243 est
1748 3196 1923 3258 pedem

145 3275 271 3337 Pape
298 3280 344 3322 et
365 3276 502 3339 petiit
531 3292 586 3324 ac
624 3277 830 3325 obtinuit
867 3294 954 3342 pro
988 3294 1038 3325 se
1078 3282 1124 3325 et
1154 3278 1474 3341 quadraginta
1508 3278 1650 3326 sociis
1682 3294 1710 3326 a
1742 3280 1825 3326 SS.
1860 3281 1916 3324 D.

144 3361 309 3404 nostro
332 3358 579 3406 licentiam
605 3364 652 3408 et
674 3360 952 3409 facultatem
978 3361 1130 3409 tribus
1155 3361 1327 3408 diebus
1354 3366 1560 3423 quatuor
1582 3361 1811 3408 ecclesias
1833 3374 1918 3421 pro

145 3441 485 3489 consecutione
517 3442 922 3506 indulgentiarum
953 3444 1123 3508 jubilei
1165 3445 1416 3507 deputatas
1445 3444 1686 3501 visitandi,
1727 3446 1790 3499 et,
1825 3441 1916 3487 illis

143 3519 358 3580 visitatis,
388 3526 714 3587 consequendi
741 3527 1091 3590 indulgentiam
1113 3526 1297 3589 jubilei.
