<?xml version="1.0" encoding="UTF-8"?>
<!DOCTYPE html PUBLIC "-//W3C//DTD XHTML 1.0 Transitional//EN"
    "http://www.w3.org/TR/xhtml1/DTD/xhtml1-transitional.dtd">
<html xmlns="http://www.w3.org/1999/xhtml" xml:lang="en" lang="en">
 <head>
  <title>
</title>
<meta http-equiv="Content-Type" content="text/html;charset=utf-8" />
  <meta name='ocr-system' content='tesseract 3.04.00' />
  <meta name='ocr-capabilities' content='ocr_page ocr_carea ocr_par ocr_line ocrx_word'/>
</head>
<body>
  <div class='ocr_page' id='page_1' title='image "./diariumsivererum03burcuoft_0302.png"; bbox 0 0 2228 3938; ppageno 0'>
   <div class='ocr_carea' id='block_1_1' title="bbox 299 419 2073 465">
    <p class='ocr_par' dir='ltr' id='par_1_1' title="bbox 299 419 2073 465">
     <span class='ocr_line' id='line_1_1' title="bbox 299 419 2073 465; baseline -0.002 -7"><span class='ocrx_word' id='word_1_1' title='bbox 299 422 369 458; x_wconf 79' lang='lat'>220</span> <span class='ocrx_word' id='word_1_2' title='bbox 906 420 1136 457; x_wconf 87' lang='lat' dir='ltr'>JOHANNIS</span> <span class='ocrx_word' id='word_1_3' title='bbox 1174 419 1466 465; x_wconf 83' lang='lat' dir='ltr'>BURCHARDI,</span> <span class='ocrx_word' id='word_1_4' title='bbox 1850 422 1959 462; x_wconf 72' lang='lat' dir='ltr'>[Aout</span> <span class='ocrx_word' id='word_1_5' title='bbox 1979 425 2073 464; x_wconf 80' lang='lat'>1502]</span> 
     </span>
    </p>
   </div>
   <div class='ocr_carea' id='block_1_2' title="bbox 300 521 2105 3161">
    <p class='ocr_par' dir='ltr' id='par_1_2' title="bbox 300 521 2077 919">
     <span class='ocr_line' id='line_1_2' title="bbox 302 521 2069 586; baseline 0.001 -16"><span class='ocrx_word' id='word_1_6' title='bbox 302 544 304 546; x_wconf 95' lang='lat'>·</span> <span class='ocrx_word' id='word_1_7' title='bbox 369 523 594 581; x_wconf 87' lang='lat' dir='ltr'>Sabbato,</span> <span class='ocrx_word' id='word_1_8' title='bbox 631 525 689 570; x_wconf 79' lang='lat'>23</span> <span class='ocrx_word' id='word_1_9' title='bbox 716 522 822 586; x_wconf 89' lang='lat' dir='ltr'>julii</span> <span class='ocrx_word' id='word_1_10' title='bbox 855 522 1080 585; x_wconf 78' lang='lat' dir='ltr'>predicti,</span> <span class='ocrx_word' id='word_1_11' title='bbox 1120 522 1248 570; x_wconf 90' lang='lat' dir='ltr'>circa</span> <span class='ocrx_word' id='word_1_12' title='bbox 1272 522 1444 570; x_wconf 88' lang='lat' dir='ltr'>horam</span> <span class='ocrx_word' id='word_1_13' title='bbox 1476 521 1757 586; x_wconf 81' lang='lat' dir='ltr'>vigesimam</span> <span class='ocrx_word' id='word_1_14' title='bbox 1791 524 2069 577; x_wconf 83' lang='lat' dir='ltr'>secundam.</span> 
     </span>
     <span class='ocr_line' id='line_1_3' title="bbox 302 603 2073 669; baseline 0.001 -16"><span class='ocrx_word' id='word_1_15' title='bbox 302 605 580 653; x_wconf 88' lang='lat' dir='ltr'>nunciatum</span> <span class='ocrx_word' id='word_1_16' title='bbox 636 605 727 652; x_wconf 83' lang='lat' dir='ltr'>fuit</span> <span class='ocrx_word' id='word_1_17' title='bbox 778 607 905 668; x_wconf 92' lang='lat' dir='ltr'>Pape</span> <span class='ocrx_word' id='word_1_18' title='bbox 954 605 1127 654; x_wconf 89' lang='lat' dir='ltr'>ducem</span> <span class='ocrx_word' id='word_1_19' title='bbox 1180 603 1576 656; x_wconf 86' lang='lat' dir='ltr'>Valentinensem</span> <span class='ocrx_word' id='word_1_20' title='bbox 1623 621 1712 669; x_wconf 90' lang='lat' dir='ltr'>per</span> <span class='ocrx_word' id='word_1_21' title='bbox 1765 607 2073 655; x_wconf 79' lang='lat' dir='ltr'>concordiam</span> 
     </span>
     <span class='ocr_line' id='line_1_4' title="bbox 300 687 2074 752; baseline 0.001 -16"><span class='ocrx_word' id='word_1_22' title='bbox 300 688 531 736; x_wconf 89' lang='lat' dir='ltr'>habuisse</span> <span class='ocrx_word' id='word_1_23' title='bbox 559 687 870 737; x_wconf 90' lang='lat' dir='ltr'>Camerinum</span> <span class='ocrx_word' id='word_1_24' title='bbox 899 704 908 735; x_wconf 88' lang='lat'>:</span> <span class='ocrx_word' id='word_1_25' title='bbox 941 692 1204 752; x_wconf 89' lang='lat' dir='ltr'>propterea</span> <span class='ocrx_word' id='word_1_26' title='bbox 1232 688 1423 736; x_wconf 85' lang='lat' dir='ltr'>fuerunt</span> <span class='ocrx_word' id='word_1_27' title='bbox 1450 690 1603 736; x_wconf 87' lang='lat' dir='ltr'>tracte</span> <span class='ocrx_word' id='word_1_28' title='bbox 1635 688 1786 737; x_wconf 88' lang='lat' dir='ltr'>multe</span> <span class='ocrx_word' id='word_1_29' title='bbox 1811 688 2074 738; x_wconf 83' lang='lat' dir='ltr'>bombarde</span> 
     </span>
     <span class='ocr_line' id='line_1_5' title="bbox 301 771 2077 836; baseline 0.001 -17"><span class='ocrx_word' id='word_1_30' title='bbox 301 772 350 819; x_wconf 91' lang='lat' dir='ltr'>in</span> <span class='ocrx_word' id='word_1_31' title='bbox 372 775 532 819; x_wconf 91' lang='lat' dir='ltr'>castro</span> <span class='ocrx_word' id='word_1_32' title='bbox 563 787 600 819; x_wconf 87' lang='lat' dir='ltr'>S.</span> <span class='ocrx_word' id='word_1_33' title='bbox 625 771 821 836; x_wconf 82' lang='lat' dir='ltr'>Angeli3</span> <span class='ocrx_word' id='word_1_34' title='bbox 852 771 900 818; x_wconf 91' lang='lat' dir='ltr'>in</span> <span class='ocrx_word' id='word_1_35' title='bbox 924 787 1048 831; x_wconf 90' lang='lat' dir='ltr'>sero,</span> <span class='ocrx_word' id='word_1_36' title='bbox 1080 788 1286 820; x_wconf 88' lang='lat' dir='ltr'>accensa</span> <span class='ocrx_word' id='word_1_37' title='bbox 1313 771 1464 819; x_wconf 87' lang='lat' dir='ltr'>multa</span> <span class='ocrx_word' id='word_1_38' title='bbox 1489 771 1761 831; x_wconf 89' lang='lat' dir='ltr'>luminaria,</span> <span class='ocrx_word' id='word_1_39' title='bbox 1792 772 1928 820; x_wconf 83' lang='lat' dir='ltr'>tracti</span> <span class='ocrx_word' id='word_1_40' title='bbox 1954 773 2077 820; x_wconf 88' lang='lat' dir='ltr'>razzi</span> 
     </span>
     <span class='ocr_line' id='line_1_6' title="bbox 301 854 1485 919; baseline -0.001 -17"><span class='ocrx_word' id='word_1_41' title='bbox 301 858 348 903; x_wconf 90' lang='lat' dir='ltr'>et</span> <span class='ocrx_word' id='word_1_42' title='bbox 369 854 418 901; x_wconf 92' lang='lat' dir='ltr'>in</span> <span class='ocrx_word' id='word_1_43' title='bbox 443 855 604 918; x_wconf 78' lang='lat' dir='ltr'>platea</span> <span class='ocrx_word' id='word_1_44' title='bbox 625 870 662 901; x_wconf 92' lang='lat' dir='ltr'>s.</span> <span class='ocrx_word' id='word_1_45' title='bbox 689 854 817 903; x_wconf 89' lang='lat' dir='ltr'>Petri</span> <span class='ocrx_word' id='word_1_46' title='bbox 840 854 1020 903; x_wconf 88' lang='lat' dir='ltr'>factum</span> <span class='ocrx_word' id='word_1_47' title='bbox 1038 870 1269 919; x_wconf 88' lang='lat' dir='ltr'>magnum</span> <span class='ocrx_word' id='word_1_48' title='bbox 1291 854 1485 902; x_wconf 89' lang='lat' dir='ltr'>festum.</span> 
     </span>
    </p>

    <p class='ocr_par' dir='ltr' id='par_1_3' title="bbox 303 937 2105 1500">
     <span class='ocr_line' id='line_1_7' title="bbox 370 937 2078 1002; baseline 0 -16"><span class='ocrx_word' id='word_1_49' title='bbox 370 938 627 986; x_wconf 88' lang='lat' dir='ltr'>Dominica</span> <span class='ocrx_word' id='word_1_50' title='bbox 648 938 885 1000; x_wconf 80' lang='lat' dir='ltr'>sequenti,</span> <span class='ocrx_word' id='word_1_51' title='bbox 909 937 958 985; x_wconf 91' lang='lat' dir='ltr'>in</span> <span class='ocrx_word' id='word_1_52' title='bbox 981 952 1107 997; x_wconf 90' lang='lat' dir='ltr'>sero,</span> <span class='ocrx_word' id='word_1_53' title='bbox 1133 938 1320 1001; x_wconf 91' lang='lat' dir='ltr'>pulsata</span> <span class='ocrx_word' id='word_1_54' title='bbox 1341 953 1578 1001; x_wconf 90' lang='lat' dir='ltr'>campana</span> <span class='ocrx_word' id='word_1_55' title='bbox 1599 938 1758 1001; x_wconf 90' lang='lat' dir='ltr'>major</span> <span class='ocrx_word' id='word_1_56' title='bbox 1786 937 2004 1002; x_wconf 90' lang='lat' dir='ltr'>Capitolii</span> <span class='ocrx_word' id='word_1_57' title='bbox 2031 943 2078 987; x_wconf 90' lang='lat' dir='ltr'>et</span> 
     </span>
     <span class='ocr_line' id='line_1_8' title="bbox 303 1020 2080 1085; baseline -0.002 -13"><span class='ocrx_word' id='word_1_58' title='bbox 303 1022 416 1073; x_wconf 82' lang='lat' dir='ltr'>facti</span> <span class='ocrx_word' id='word_1_59' title='bbox 438 1022 648 1085; x_wconf 83' lang='lat' dir='ltr'>maJ&#39;ores</span> <span class='ocrx_word' id='word_1_60' title='bbox 671 1021 807 1085; x_wconf 89' lang='lat' dir='ltr'>ignes</span> <span class='ocrx_word' id='word_1_61' title='bbox 829 1023 877 1069; x_wconf 92' lang='lat' dir='ltr'>et</span> <span class='ocrx_word' id='word_1_62' title='bbox 894 1036 1095 1085; x_wconf 88' lang='lat' dir='ltr'>magnus</span> <span class='ocrx_word' id='word_1_63' title='bbox 1118 1021 1388 1084; x_wconf 89' lang='lat' dir='ltr'>triumphus</span> <span class='ocrx_word' id='word_1_64' title='bbox 1403 1036 1546 1084; x_wconf 89' lang='lat' dir='ltr'>quam</span> <span class='ocrx_word' id='word_1_65' title='bbox 1567 1020 1690 1068; x_wconf 91' lang='lat' dir='ltr'>hero</span> <span class='ocrx_word' id='word_1_66' title='bbox 1713 1036 1842 1069; x_wconf 90' lang='lat' dir='ltr'>sero.</span> <span class='ocrx_word' id='word_1_67' title='bbox 1866 1021 2080 1071; x_wconf 81' lang='lat' dir='ltr'>Victoria</span> 
     </span>
     <span class='ocr_line' id='line_1_9' title="bbox 305 1104 2075 1168; baseline 0.001 -16"><span class='ocrx_word' id='word_1_68' title='bbox 305 1108 465 1152; x_wconf 89' lang='lat' dir='ltr'>autem</span> <span class='ocrx_word' id='word_1_69' title='bbox 490 1105 579 1152; x_wconf 82' lang='lat' dir='ltr'>fuit</span> <span class='ocrx_word' id='word_1_70' title='bbox 598 1105 709 1163; x_wconf 94' lang='lat' dir='ltr'>hec,</span> <span class='ocrx_word' id='word_1_71' title='bbox 730 1105 857 1168; x_wconf 93' lang='lat' dir='ltr'>quod</span> <span class='ocrx_word' id='word_1_72' title='bbox 880 1104 998 1152; x_wconf 90' lang='lat' dir='ltr'>inita</span> <span class='ocrx_word' id='word_1_73' title='bbox 1020 1121 1109 1168; x_wconf 91' lang='lat' dir='ltr'>per</span> <span class='ocrx_word' id='word_1_74' title='bbox 1125 1106 1301 1153; x_wconf 90' lang='lat' dir='ltr'>ducem</span> <span class='ocrx_word' id='word_1_75' title='bbox 1323 1104 1724 1154; x_wconf 88' lang='lat' dir='ltr'>Valentinensem</span> <span class='ocrx_word' id='word_1_76' title='bbox 1747 1119 1857 1152; x_wconf 90' lang='lat' dir='ltr'>cum</span> <span class='ocrx_word' id='word_1_77' title='bbox 1878 1105 2075 1153; x_wconf 91' lang='lat' dir='ltr'>domino</span> 
     </span>
     <span class='ocr_line' id='line_1_10' title="bbox 306 1172 2105 1252; baseline 0 -17"><span class='ocrx_word' id='word_1_78' title='bbox 306 1188 546 1236; x_wconf 79' lang='lat' dir='ltr'>Camerini</span> <span class='ocrx_word' id='word_1_79' title='bbox 570 1193 737 1252; x_wconf 78' lang='lat' dir='ltr'>tregua</span> <span class='ocrx_word' id='word_1_80' title='bbox 758 1192 805 1236; x_wconf 90' lang='lat' dir='ltr'>et</span> <span class='ocrx_word' id='word_1_81' title='bbox 826 1188 1090 1236; x_wconf 91' lang='lat' dir='ltr'>concordia</span> <span class='ocrx_word' id='word_1_82' title='bbox 1111 1188 1170 1235; x_wconf 91' lang='lat' dir='ltr'>ad</span> <span class='ocrx_word' id='word_1_83' title='bbox 1192 1191 1377 1235; x_wconf 88' lang='lat' dir='ltr'>certum</span> <span class='ocrx_word' id='word_1_84' title='bbox 1397 1190 1604 1251; x_wconf 90' lang='lat' dir='ltr'>tempus,</span> <span class='ocrx_word' id='word_1_85' title='bbox 1627 1190 1783 1235; x_wconf 90' lang='lat' dir='ltr'>stante</span> <span class='ocrx_word' id='word_1_86' title='bbox 1803 1187 2080 1251; x_wconf 90' lang='lat' dir='ltr'>hujusmodi</span> <span class='ocrx_word' id='word_1_87' title='bbox 2098 1172 2105 1178; x_wconf 48' lang='grc'><strong>”</strong></span> 
     </span>
     <span class='ocr_line' id='line_1_11' title="bbox 306 1268 2083 1334; baseline 0 -17"><span class='ocrx_word' id='word_1_88' title='bbox 306 1273 526 1334; x_wconf 89' lang='lat' dir='ltr'>tempore</span> <span class='ocrx_word' id='word_1_89' title='bbox 561 1273 618 1318; x_wconf 94' lang='lat' dir='ltr'>D.</span> <span class='ocrx_word' id='word_1_90' title='bbox 648 1270 889 1319; x_wconf 88' lang='lat' dir='ltr'>Camerini</span> <span class='ocrx_word' id='word_1_91' title='bbox 916 1270 1035 1318; x_wconf 89' lang='lat' dir='ltr'>nihil</span> <span class='ocrx_word' id='word_1_92' title='bbox 1070 1270 1164 1319; x_wconf 89' lang='lat' dir='ltr'>tale</span> <span class='ocrx_word' id='word_1_93' title='bbox 1193 1269 1556 1328; x_wconf 83' lang='lat' dir='ltr'>reformidante,</span> <span class='ocrx_word' id='word_1_94' title='bbox 1593 1268 1689 1316; x_wconf 87' lang='lat' dir='ltr'>dux</span> <span class='ocrx_word' id='word_1_95' title='bbox 1714 1269 1852 1317; x_wconf 87' lang='lat' dir='ltr'>irruit</span> <span class='ocrx_word' id='word_1_96' title='bbox 1886 1269 1935 1316; x_wconf 91' lang='lat' dir='ltr'>in</span> <span class='ocrx_word' id='word_1_97' title='bbox 1966 1270 2083 1318; x_wconf 87' lang='lat' dir='ltr'>civi-</span> 
     </span>
     <span class='ocr_line' id='line_1_12' title="bbox 308 1351 2082 1416; baseline -0.001 -15"><span class='ocrx_word' id='word_1_98' title='bbox 308 1357 456 1401; x_wconf 86' lang='lat' dir='ltr'>tatem</span> <span class='ocrx_word' id='word_1_99' title='bbox 487 1369 633 1416; x_wconf 90' lang='lat' dir='ltr'>quam</span> <span class='ocrx_word' id='word_1_100' title='bbox 665 1353 856 1411; x_wconf 82' lang='lat' dir='ltr'>habuit3</span> <span class='ocrx_word' id='word_1_101' title='bbox 889 1358 936 1402; x_wconf 88' lang='lat' dir='ltr'>et</span> <span class='ocrx_word' id='word_1_102' title='bbox 972 1353 1220 1401; x_wconf 88' lang='lat' dir='ltr'>dominum</span> <span class='ocrx_word' id='word_1_103' title='bbox 1250 1352 1495 1402; x_wconf 89' lang='lat' dir='ltr'>Camerini</span> <span class='ocrx_word' id='word_1_104' title='bbox 1526 1355 1575 1400; x_wconf 91' lang='lat' dir='ltr'>et</span> <span class='ocrx_word' id='word_1_105' title='bbox 1609 1367 1778 1399; x_wconf 87' lang='lat' dir='ltr'>omnes</span> <span class='ocrx_word' id='word_1_106' title='bbox 1814 1351 1941 1400; x_wconf 91' lang='lat' dir='ltr'>filios</span> <span class='ocrx_word' id='word_1_107' title='bbox 1969 1368 2082 1400; x_wconf 92' lang='lat' dir='ltr'>suos</span> 
     </span>
     <span class='ocr_line' id='line_1_13' title="bbox 307 1435 1573 1500; baseline 0 -16"><span class='ocrx_word' id='word_1_108' title='bbox 307 1437 549 1500; x_wconf 91' lang='lat' dir='ltr'>legitimos</span> <span class='ocrx_word' id='word_1_109' title='bbox 572 1440 620 1484; x_wconf 85' lang='lat' dir='ltr'>et</span> <span class='ocrx_word' id='word_1_110' title='bbox 640 1436 894 1484; x_wconf 87' lang='lat' dir='ltr'>bastardos</span> <span class='ocrx_word' id='word_1_111' title='bbox 915 1436 1042 1499; x_wconf 88' lang='lat' dir='ltr'>cepit</span> <span class='ocrx_word' id='word_1_112' title='bbox 1066 1439 1113 1484; x_wconf 90' lang='lat' dir='ltr'>et</span> <span class='ocrx_word' id='word_1_113' title='bbox 1135 1440 1301 1500; x_wconf 90' lang='lat' dir='ltr'>captos</span> <span class='ocrx_word' id='word_1_114' title='bbox 1318 1436 1479 1484; x_wconf 84' lang='lat' dir='ltr'>tenuit</span> <span class='ocrx_word' id='word_1_115' title='bbox 1495 1435 1573 1500; x_wconf 86' lang='lat'><strong>(1).</strong></span> 
     </span>
    </p>

    <p class='ocr_par' dir='ltr' id='par_1_4' title="bbox 307 1519 2090 2076">
     <span class='ocr_line' id='line_1_14' title="bbox 373 1519 2083 1582; baseline 0.001 -16"><span class='ocrx_word' id='word_1_116' title='bbox 373 1520 602 1578; x_wconf 87' lang='lat' dir='ltr'>Sabbato,</span> <span class='ocrx_word' id='word_1_117' title='bbox 630 1522 690 1567; x_wconf 87' lang='lat'>30</span> <span class='ocrx_word' id='word_1_118' title='bbox 706 1519 832 1582; x_wconf 87' lang='lat' dir='ltr'>julii,</span> <span class='ocrx_word' id='word_1_119' title='bbox 860 1522 916 1566; x_wconf 91' lang='lat' dir='ltr'>R.</span> <span class='ocrx_word' id='word_1_120' title='bbox 941 1521 998 1566; x_wconf 89' lang='lat' dir='ltr'>D.</span> <span class='ocrx_word' id='word_1_121' title='bbox 1038 1519 1189 1577; x_wconf 79' lang='lat' dir='ltr'>Titus,</span> <span class='ocrx_word' id='word_1_122' title='bbox 1213 1519 1469 1582; x_wconf 91' lang='lat' dir='ltr'>episcopus</span> <span class='ocrx_word' id='word_1_123' title='bbox 1500 1521 1789 1580; x_wconf 82' lang='lat' dir='ltr'>Castrensis,</span> <span class='ocrx_word' id='word_1_124' title='bbox 1826 1520 2083 1569; x_wconf 89' lang='lat' dir='ltr'>celebravit</span> 
     </span>
     <span class='ocr_line' id='line_1_15' title="bbox 307 1601 2087 1664; baseline 0.001 -15"><span class='ocrx_word' id='word_1_125' title='bbox 307 1602 506 1650; x_wconf 88' lang='lat' dir='ltr'>missam</span> <span class='ocrx_word' id='word_1_126' title='bbox 528 1601 772 1664; x_wconf 87' lang='lat' dir='ltr'>publicam</span> <span class='ocrx_word' id='word_1_127' title='bbox 799 1601 1182 1648; x_wconf 86' lang='lat' dir='ltr'>anniversariam</span> <span class='ocrx_word' id='word_1_128' title='bbox 1205 1601 1363 1649; x_wconf 89' lang='lat' dir='ltr'>obitus</span> <span class='ocrx_word' id='word_1_129' title='bbox 1390 1601 1542 1650; x_wconf 86' lang='lat' dir='ltr'>felicis</span> <span class='ocrx_word' id='word_1_130' title='bbox 1568 1603 1922 1651; x_wconf 89' lang='lat' dir='ltr'>recordationis</span> <span class='ocrx_word' id='word_1_131' title='bbox 1943 1605 2087 1652; x_wconf 90' lang='lat' dir='ltr'>Inno-</span> 
     </span>
     <span class='ocr_line' id='line_1_16' title="bbox 310 1683 2088 1748; baseline 0 -17"><span class='ocrx_word' id='word_1_132' title='bbox 310 1684 452 1732; x_wconf 88' lang='lat' dir='ltr'>centii</span> <span class='ocrx_word' id='word_1_133' title='bbox 479 1699 602 1748; x_wconf 89' lang='lat' dir='ltr'>pape</span> <span class='ocrx_word' id='word_1_134' title='bbox 619 1686 743 1742; x_wconf 89' lang='lat' dir='ltr'>VIII,</span> <span class='ocrx_word' id='word_1_135' title='bbox 769 1686 898 1747; x_wconf 89' lang='lat' dir='ltr'>Papa</span> <span class='ocrx_word' id='word_1_136' title='bbox 920 1684 1136 1742; x_wconf 88' lang='lat' dir='ltr'>absente,</span> <span class='ocrx_word' id='word_1_137' title='bbox 1161 1683 1210 1731; x_wconf 93' lang='lat' dir='ltr'>in</span> <span class='ocrx_word' id='word_1_138' title='bbox 1226 1683 1412 1748; x_wconf 90' lang='lat' dir='ltr'>capella</span> <span class='ocrx_word' id='word_1_139' title='bbox 1433 1685 1618 1747; x_wconf 87' lang='lat' dir='ltr'>maj0re</span> <span class='ocrx_word' id='word_1_140' title='bbox 1640 1685 1821 1748; x_wconf 87' lang='lat' dir='ltr'>palatii,</span> <span class='ocrx_word' id='word_1_141' title='bbox 1847 1685 1924 1733; x_wconf 92' lang='lat' dir='ltr'>cui</span> <span class='ocrx_word' id='word_1_142' title='bbox 1945 1685 2088 1733; x_wconf 88' lang='lat' dir='ltr'>inter-</span> 
     </span>
     <span class='ocr_line' id='line_1_17' title="bbox 315 1766 2086 1832; baseline 0 -18"><span class='ocrx_word' id='word_1_143' title='bbox 315 1767 506 1815; x_wconf 70' lang='lat' dir='ltr'>fuerunt</span> <span class='ocrx_word' id='word_1_144' title='bbox 526 1771 712 1832; x_wconf 88' lang='lat' dir='ltr'>septem</span> <span class='ocrx_word' id='word_1_145' title='bbox 744 1766 1036 1827; x_wconf 84' lang='lat' dir='ltr'>cardinales,</span> <span class='ocrx_word' id='word_1_146' title='bbox 1069 1766 1288 1815; x_wconf 86' lang='lat' dir='ltr'>videlicet</span> <span class='ocrx_word' id='word_1_147' title='bbox 1323 1783 1332 1814; x_wconf 75' lang='grc' dir='ltr'>ε</span> <span class='ocrx_word' id='word_1_148' title='bbox 1369 1783 1406 1814; x_wconf 91' lang='lat' dir='ltr'>s.</span> <span class='ocrx_word' id='word_1_149' title='bbox 1439 1767 1686 1827; x_wconf 88' lang='lat' dir='ltr'>Praxedis,</span> <span class='ocrx_word' id='word_1_150' title='bbox 1722 1767 2086 1831; x_wconf 84' lang='lat' dir='ltr'>Agrigentinus,</span> 
     </span>
     <span class='ocr_line' id='line_1_18' title="bbox 310 1841 2086 1914; baseline 0 -16"><span class='ocrx_word' id='word_1_151' title='bbox 310 1845 619 1910; x_wconf 84' lang='lat' dir='ltr'>Arborensis,</span> <span class='ocrx_word' id='word_1_152' title='bbox 659 1850 962 1910; x_wconf 91' lang='lat' dir='ltr'>Cusentinus,</span> <span class='ocrx_word' id='word_1_153' title='bbox 1003 1850 1397 1914; x_wconf 87' lang='lat' dir='ltr'>Caputaquensis,</span> <span class='ocrx_word' id='word_1_154' title='bbox 1438 1850 1694 1898; x_wconf 89' lang='lat' dir='ltr'>Cesarinus</span> <span class='ocrx_word' id='word_1_155' title='bbox 1725 1854 1772 1899; x_wconf 87' lang='lat' dir='ltr'>et</span> <span class='ocrx_word' id='word_1_156' title='bbox 1806 1841 2086 1910; x_wconf 65' lang='lat' dir='ltr'>Farnesiusss</span> 
     </span>
     <span class='ocr_line' id='line_1_19' title="bbox 313 1929 2090 1999; baseline 0 -17"><span class='ocrx_word' id='word_1_157' title='bbox 313 1937 361 1982; x_wconf 92' lang='lat' dir='ltr'>et</span> <span class='ocrx_word' id='word_1_158' title='bbox 386 1934 553 1982; x_wconf 90' lang='lat' dir='ltr'>omnia</span> <span class='ocrx_word' id='word_1_159' title='bbox 575 1934 830 1982; x_wconf 87' lang='lat' dir='ltr'>observata</span> <span class='ocrx_word' id='word_1_160' title='bbox 851 1938 960 1982; x_wconf 90' lang='lat' dir='ltr'>sunt</span> <span class='ocrx_word' id='word_1_161' title='bbox 974 1929 1109 1981; x_wconf 73' lang='lat' dir='ltr'>more</span> <span class='ocrx_word' id='word_1_162' title='bbox 1135 1934 1294 1982; x_wconf 87' lang='lat' dir='ltr'>solito.</span> <span class='ocrx_word' id='word_1_163' title='bbox 1322 1936 1422 1998; x_wconf 88' lang='lat' dir='ltr'>Ego</span> <span class='ocrx_word' id='word_1_164' title='bbox 1439 1949 1536 1981; x_wconf 90' lang='lat' dir='ltr'>non</span> <span class='ocrx_word' id='word_1_165' title='bbox 1557 1934 1770 1995; x_wconf 89' lang='lat' dir='ltr'>interfui,</span> <span class='ocrx_word' id='word_1_166' title='bbox 1796 1934 1908 1997; x_wconf 90' lang='lat' dir='ltr'>quia</span> <span class='ocrx_word' id='word_1_167' title='bbox 1931 1934 2090 1999; x_wconf 88' lang='lat' dir='ltr'>paravi</span> 
     </span>
     <span class='ocr_line' id='line_1_20' title="bbox 314 2016 1469 2076; baseline 0.001 -13"><span class='ocrx_word' id='word_1_168' title='bbox 314 2032 391 2063; x_wconf 92' lang='lat' dir='ltr'>me</span> <span class='ocrx_word' id='word_1_169' title='bbox 414 2017 475 2063; x_wconf 90' lang='lat' dir='ltr'>ad</span> <span class='ocrx_word' id='word_1_170' title='bbox 498 2017 608 2076; x_wconf 89' lang='lat' dir='ltr'>iter,</span> <span class='ocrx_word' id='word_1_171' title='bbox 634 2032 743 2064; x_wconf 91' lang='lat' dir='ltr'>cras</span> <span class='ocrx_word' id='word_1_172' title='bbox 766 2031 910 2064; x_wconf 89' lang='lat' dir='ltr'>mane</span> <span class='ocrx_word' id='word_1_173' title='bbox 931 2031 1219 2064; x_wconf 88' lang='lat' dir='ltr'>recessurus</span> <span class='ocrx_word' id='word_1_174' title='bbox 1243 2017 1302 2064; x_wconf 91' lang='lat' dir='ltr'>ab</span> <span class='ocrx_word' id='word_1_175' title='bbox 1324 2016 1469 2065; x_wconf 90' lang='lat' dir='ltr'>Urbe.</span> 
     </span>
    </p>

    <p class='ocr_par' dir='ltr' id='par_1_5' title="bbox 316 2099 2090 2247">
     <span class='ocr_line' id='line_1_21' title="bbox 381 2099 2090 2163; baseline 0 -15"><span class='ocrx_word' id='word_1_176' title='bbox 381 2099 647 2158; x_wconf 87' lang='lat' dir='ltr'>Dominica,</span> <span class='ocrx_word' id='word_1_177' title='bbox 673 2099 839 2147; x_wconf 88' lang='lat' dir='ltr'>ultima</span> <span class='ocrx_word' id='word_1_178' title='bbox 865 2099 1045 2147; x_wconf 90' lang='lat' dir='ltr'>mensis</span> <span class='ocrx_word' id='word_1_179' title='bbox 1063 2100 1189 2163; x_wconf 88' lang='lat' dir='ltr'>julii,</span> <span class='ocrx_word' id='word_1_180' title='bbox 1218 2103 1327 2147; x_wconf 89' lang='lat' dir='ltr'>ante</span> <span class='ocrx_word' id='word_1_181' title='bbox 1350 2104 1506 2148; x_wconf 89' lang='lat' dir='ltr'>ortum</span> <span class='ocrx_word' id='word_1_182' title='bbox 1528 2099 1659 2159; x_wconf 81' lang='lat' dir='ltr'>solis,</span> <span class='ocrx_word' id='word_1_183' title='bbox 1690 2100 1869 2148; x_wconf 87' lang='lat' dir='ltr'>recessi</span> <span class='ocrx_word' id='word_1_184' title='bbox 1891 2104 1938 2147; x_wconf 92' lang='lat' dir='ltr'>et</span> <span class='ocrx_word' id='word_1_185' title='bbox 1965 2100 2090 2149; x_wconf 85' lang='lat' dir='ltr'>Urbe</span> 
     </span>
     <span class='ocr_line' id='line_1_22' title="bbox 316 2180 2085 2247; baseline 0.001 -17"><span class='ocrx_word' id='word_1_186' title='bbox 316 2180 471 2232; x_wconf 87' lang='lat' dir='ltr'>iturus</span> <span class='ocrx_word' id='word_1_187' title='bbox 491 2183 822 2247; x_wconf 86' lang='lat' dir='ltr'>Argentinam,</span> <span class='ocrx_word' id='word_1_188' title='bbox 846 2185 947 2230; x_wconf 93' lang='lat' dir='ltr'>Deo</span> <span class='ocrx_word' id='word_1_189' title='bbox 970 2183 1177 2241; x_wconf 88' lang='lat' dir='ltr'>volente,</span> <span class='ocrx_word' id='word_1_190' title='bbox 1215 2183 1263 2230; x_wconf 91' lang='lat' dir='ltr'>in</span> <span class='ocrx_word' id='word_1_191' title='bbox 1287 2183 1423 2246; x_wconf 90' lang='lat' dir='ltr'>cujus</span> <span class='ocrx_word' id='word_1_192' title='bbox 1455 2183 1651 2230; x_wconf 88' lang='lat' dir='ltr'>nomine</span> <span class='ocrx_word' id='word_1_193' title='bbox 1675 2198 1851 2246; x_wconf 91' lang='lat' dir='ltr'>equum</span> <span class='ocrx_word' id='word_1_194' title='bbox 1874 2184 2085 2231; x_wconf 87' lang='lat' dir='ltr'>ascendi.</span> 
     </span>
    </p>

    <p class='ocr_par' dir='ltr' id='par_1_6' title="bbox 316 2265 2096 3077">
     <span class='ocr_line' id='line_1_23' title="bbox 382 2265 2092 2329; baseline 0.001 -16"><span class='ocrx_word' id='word_1_195' title='bbox 382 2267 522 2314; x_wconf 90' lang='lat' dir='ltr'>Feria</span> <span class='ocrx_word' id='word_1_196' title='bbox 543 2271 726 2328; x_wconf 86' lang='lat' dir='ltr'>quarta,</span> <span class='ocrx_word' id='word_1_197' title='bbox 759 2269 784 2313; x_wconf 91' lang='grc'>3</span> <span class='ocrx_word' id='word_1_198' title='bbox 813 2266 994 2313; x_wconf 89' lang='lat' dir='ltr'>mensis</span> <span class='ocrx_word' id='word_1_199' title='bbox 1031 2266 1238 2329; x_wconf 89' lang='lat' dir='ltr'>augusti,</span> <span class='ocrx_word' id='word_1_200' title='bbox 1269 2267 1365 2313; x_wconf 86' lang='lat' dir='ltr'>dux</span> <span class='ocrx_word' id='word_1_201' title='bbox 1390 2265 1747 2316; x_wconf 85' lang='lat' dir='ltr'>Valentinensis</span> <span class='ocrx_word' id='word_1_202' title='bbox 1782 2266 1862 2328; x_wconf 92' lang='lat' dir='ltr'>qui</span> <span class='ocrx_word' id='word_1_203' title='bbox 1892 2267 2092 2315; x_wconf 87' lang='lat' dir='ltr'>recessit</span> 
     </span>
     <span class='ocr_line' id='line_1_24' title="bbox 316 2348 2086 2408; baseline -0.001 -10"><span class='ocrx_word' id='word_1_204' title='bbox 316 2366 372 2398; x_wconf 86' lang='lat' dir='ltr'>ex</span> <span class='ocrx_word' id='word_1_205' title='bbox 396 2350 524 2398; x_wconf 92' lang='lat' dir='ltr'>Urbe</span> <span class='ocrx_word' id='word_1_206' title='bbox 541 2349 591 2396; x_wconf 91' lang='lat' dir='ltr'>in</span> <span class='ocrx_word' id='word_1_207' title='bbox 615 2349 782 2397; x_wconf 89' lang='lat' dir='ltr'>habitu</span> <span class='ocrx_word' id='word_1_208' title='bbox 808 2349 1047 2408; x_wconf 89' lang='lat' dir='ltr'>simulato,</span> <span class='ocrx_word' id='word_1_209' title='bbox 1072 2349 1294 2397; x_wconf 82' lang='lat' dir='ltr'>videlicet</span> <span class='ocrx_word' id='word_1_210' title='bbox 1322 2349 1410 2397; x_wconf 92' lang='lat' dir='ltr'>sub</span> <span class='ocrx_word' id='word_1_211' title='bbox 1435 2365 1578 2397; x_wconf 90' lang='lat' dir='ltr'>cruce</span> <span class='ocrx_word' id='word_1_212' title='bbox 1602 2354 1648 2397; x_wconf 85' lang='lat' dir='ltr'>et</span> <span class='ocrx_word' id='word_1_213' title='bbox 1672 2348 1837 2397; x_wconf 90' lang='lat' dir='ltr'>habitu</span> <span class='ocrx_word' id='word_1_214' title='bbox 1862 2349 2025 2397; x_wconf 91' lang='lat' dir='ltr'>militis</span> <span class='ocrx_word' id='word_1_215' title='bbox 2047 2366 2086 2398; x_wconf 90' lang='lat' dir='ltr'>s.</span> 
     </span>
     <span class='ocr_line' id='line_1_25' title="bbox 319 2432 2094 2497; baseline -0.001 -16"><span class='ocrx_word' id='word_1_216' title='bbox 319 2433 551 2482; x_wconf 88' lang='lat' dir='ltr'>Johannis</span> <span class='ocrx_word' id='word_1_217' title='bbox 594 2433 1035 2497; x_wconf 86' lang='lat' dir='ltr'>Hierosolymitani,</span> <span class='ocrx_word' id='word_1_218' title='bbox 1084 2438 1132 2482; x_wconf 89' lang='lat' dir='ltr'>et</span> <span class='ocrx_word' id='word_1_219' title='bbox 1167 2449 1277 2481; x_wconf 92' lang='lat' dir='ltr'>cum</span> <span class='ocrx_word' id='word_1_220' title='bbox 1317 2449 1374 2482; x_wconf 93' lang='lat' dir='ltr'>eo</span> <span class='ocrx_word' id='word_1_221' title='bbox 1418 2432 1674 2481; x_wconf 89' lang='lat' dir='ltr'>cardinalis</span> <span class='ocrx_word' id='word_1_222' title='bbox 1711 2433 1904 2496; x_wconf 90' lang='lat' dir='ltr'>Borgia,</span> <span class='ocrx_word' id='word_1_223' title='bbox 1945 2436 2094 2481; x_wconf 85' lang='lat' dir='ltr'>Fran-</span> 
     </span>
     <span class='ocr_line' id='line_1_26' title="bbox 318 2515 2093 2579; baseline 0.001 -16"><span class='ocrx_word' id='word_1_224' title='bbox 318 2517 474 2564; x_wconf 88' lang='lat' dir='ltr'>ciscus</span> <span class='ocrx_word' id='word_1_225' title='bbox 495 2516 700 2563; x_wconf 89' lang='lat' dir='ltr'>Trochia</span> <span class='ocrx_word' id='word_1_226' title='bbox 725 2520 770 2564; x_wconf 91' lang='lat' dir='ltr'>et</span> <span class='ocrx_word' id='word_1_227' title='bbox 793 2516 987 2579; x_wconf 88' lang='lat' dir='ltr'>quidam</span> <span class='ocrx_word' id='word_1_228' title='bbox 1011 2515 1147 2574; x_wconf 90' lang='lat' dir='ltr'>alius,</span> <span class='ocrx_word' id='word_1_229' title='bbox 1178 2517 1309 2563; x_wconf 84' lang='lat' dir='ltr'>venit</span> <span class='ocrx_word' id='word_1_230' title='bbox 1340 2516 1615 2564; x_wconf 87' lang='lat' dir='ltr'>Ferrariam</span> <span class='ocrx_word' id='word_1_231' title='bbox 1637 2531 1723 2579; x_wconf 88' lang='lat' dir='ltr'>per</span> <span class='ocrx_word' id='word_1_232' title='bbox 1752 2520 1915 2578; x_wconf 88' lang='lat' dir='ltr'>postas</span> <span class='ocrx_word' id='word_1_233' title='bbox 1937 2516 2093 2564; x_wconf 87' lang='lat' dir='ltr'>cabal-</span> 
     </span>
     <span class='ocr_line' id='line_1_27' title="bbox 318 2599 2095 2663; baseline -0.001 -16"><span class='ocrx_word' id='word_1_234' title='bbox 318 2600 566 2658; x_wconf 87' lang='lat' dir='ltr'>lariorum,</span> <span class='ocrx_word' id='word_1_235' title='bbox 593 2604 639 2646; x_wconf 84' lang='lat' dir='ltr'>et</span> <span class='ocrx_word' id='word_1_236' title='bbox 666 2599 741 2647; x_wconf 90' lang='lat' dir='ltr'>die</span> <span class='ocrx_word' id='word_1_237' title='bbox 757 2600 898 2663; x_wconf 86' lang='lat' dir='ltr'>jovis,</span> <span class='ocrx_word' id='word_1_238' title='bbox 925 2603 985 2647; x_wconf 74' lang='lat'>24</span> <span class='ocrx_word' id='word_1_239' title='bbox 1009 2600 1249 2663; x_wconf 90' lang='lat' dir='ltr'>ejusdem,</span> <span class='ocrx_word' id='word_1_240' title='bbox 1276 2599 1478 2648; x_wconf 85' lang='lat' dir='ltr'>recessit</span> <span class='ocrx_word' id='word_1_241' title='bbox 1499 2615 1557 2648; x_wconf 84' lang='lat' dir='ltr'>ex</span> <span class='ocrx_word' id='word_1_242' title='bbox 1594 2599 1812 2646; x_wconf 89' lang='lat' dir='ltr'>Ferraria</span> <span class='ocrx_word' id='word_1_243' title='bbox 1837 2599 1982 2648; x_wconf 88' lang='lat' dir='ltr'>etiam</span> <span class='ocrx_word' id='word_1_244' title='bbox 2006 2615 2095 2663; x_wconf 90' lang='lat' dir='ltr'>per</span> 
     </span>
     <span class='ocr_line' id='line_1_28' title="bbox 321 2677 2096 2747; baseline 0 -17"><span class='ocrx_word' id='word_1_245' title='bbox 321 2688 513 2746; x_wconf 88' lang='lat' dir='ltr'>postas:</span> <span class='ocrx_word' id='word_1_246' title='bbox 541 2682 741 2742; x_wconf 82' lang='lat' dir='ltr'>veneriS,</span> <span class='ocrx_word' id='word_1_247' title='bbox 771 2686 830 2731; x_wconf 78' lang='lat'>25</span> <span class='ocrx_word' id='word_1_248' title='bbox 856 2683 1043 2747; x_wconf 87' lang='lat' dir='ltr'>augusti</span> <span class='ocrx_word' id='word_1_249' title='bbox 1079 2683 1299 2731; x_wconf 88' lang='lat' dir='ltr'>fecerunt</span> <span class='ocrx_word' id='word_1_250' title='bbox 1336 2677 1591 2747; x_wconf 88' lang='lat' dir='ltr'>prandium</span> <span class='ocrx_word' id='word_1_251' title='bbox 1623 2682 1671 2729; x_wconf 92' lang='lat' dir='ltr'>in</span> <span class='ocrx_word' id='word_1_252' title='bbox 1704 2682 1856 2746; x_wconf 87' lang='lat' dir='ltr'>burgo</span> <span class='ocrx_word' id='word_1_253' title='bbox 1885 2699 1922 2730; x_wconf 85' lang='lat' dir='ltr'>S.</span> <span class='ocrx_word' id='word_1_254' title='bbox 1964 2685 2096 2731; x_wconf 92' lang='lat' dir='ltr'>Don-</span> 
     </span>
     <span class='ocr_line' id='line_1_29' title="bbox 322 2765 2094 2830; baseline -0.001 -17"><span class='ocrx_word' id='word_1_255' title='bbox 322 2766 421 2813; x_wconf 92' lang='lat' dir='ltr'>nini</span> <span class='ocrx_word' id='word_1_256' title='bbox 447 2767 506 2813; x_wconf 92' lang='lat' dir='ltr'>de</span> <span class='ocrx_word' id='word_1_257' title='bbox 526 2766 667 2830; x_wconf 92' lang='lat' dir='ltr'>pullis</span> <span class='ocrx_word' id='word_1_258' title='bbox 689 2770 737 2813; x_wconf 90' lang='lat' dir='ltr'>et</span> <span class='ocrx_word' id='word_1_259' title='bbox 757 2765 1031 2830; x_wconf 90' lang='lat' dir='ltr'>pipionibus</span> <span class='ocrx_word' id='word_1_260' title='bbox 1055 2766 1104 2813; x_wconf 92' lang='lat' dir='ltr'>in</span> <span class='ocrx_word' id='word_1_261' title='bbox 1125 2782 1301 2829; x_wconf 87' lang='lat' dir='ltr'>magna</span> <span class='ocrx_word' id='word_1_262' title='bbox 1325 2766 1465 2830; x_wconf 90' lang='lat' dir='ltr'>copia</span> <span class='ocrx_word' id='word_1_263' title='bbox 1501 2771 1546 2813; x_wconf 86' lang='lat' dir='ltr'>et</span> <span class='ocrx_word' id='word_1_264' title='bbox 1571 2765 1857 2828; x_wconf 88' lang='lat' dir='ltr'>quantitate,</span> <span class='ocrx_word' id='word_1_265' title='bbox 1882 2766 1930 2812; x_wconf 91' lang='lat' dir='ltr'>in</span> <span class='ocrx_word' id='word_1_266' title='bbox 1954 2780 2094 2814; x_wconf 85' lang='lat' dir='ltr'>scan-</span> 
     </span>
     <span class='ocr_line' id='line_1_30' title="bbox 324 2847 2095 2912; baseline 0 -17"><span class='ocrx_word' id='word_1_267' title='bbox 324 2848 485 2897; x_wconf 88' lang='lat' dir='ltr'>dalum</span> <span class='ocrx_word' id='word_1_268' title='bbox 517 2848 679 2912; x_wconf 93' lang='lat' dir='ltr'>populi</span> <span class='ocrx_word' id='word_1_269' title='bbox 714 2853 761 2897; x_wconf 90' lang='lat' dir='ltr'>et</span> <span class='ocrx_word' id='word_1_270' title='bbox 785 2849 1125 2897; x_wconf 90' lang='lat' dir='ltr'>verecundiam</span> <span class='ocrx_word' id='word_1_271' title='bbox 1151 2864 1309 2907; x_wconf 90' lang='lat' dir='ltr'>suam;</span> <span class='ocrx_word' id='word_1_272' title='bbox 1337 2849 1447 2895; x_wconf 90' lang='lat' dir='ltr'>inde</span> <span class='ocrx_word' id='word_1_273' title='bbox 1471 2848 1744 2910; x_wconf 88' lang='lat' dir='ltr'>equitarunt</span> <span class='ocrx_word' id='word_1_274' title='bbox 1771 2847 2095 2895; x_wconf 89' lang='lat' dir='ltr'>Mediolanum</span> 
     </span>
     <span class='ocr_line' id='line_1_31' title="bbox 325 2929 2091 2996; baseline 0 -17"><span class='ocrx_word' id='word_1_275' title='bbox 325 2932 384 2979; x_wconf 88' lang='lat' dir='ltr'>ad</span> <span class='ocrx_word' id='word_1_276' title='bbox 409 2948 574 2996; x_wconf 86' lang='lat' dir='ltr'>regem</span> <span class='ocrx_word' id='word_1_277' title='bbox 598 2935 889 2981; x_wconf 89' lang='lat' dir='ltr'>Francorum</span> <span class='ocrx_word' id='word_1_278' title='bbox 916 2932 994 2979; x_wconf 89' lang='lat' dir='ltr'>ubi</span> <span class='ocrx_word' id='word_1_279' title='bbox 1023 2932 1290 2980; x_wconf 87' lang='lat' dir='ltr'>existebant</span> <span class='ocrx_word' id='word_1_280' title='bbox 1309 2946 1418 2978; x_wconf 92' lang='lat' dir='ltr'>cum</span> <span class='ocrx_word' id='word_1_281' title='bbox 1445 2945 1503 2977; x_wconf 90' lang='lat' dir='ltr'>co</span> <span class='ocrx_word' id='word_1_282' title='bbox 1530 2930 1674 2977; x_wconf 89' lang='lat' dir='ltr'>etiam</span> <span class='ocrx_word' id='word_1_283' title='bbox 1705 2929 1798 2976; x_wconf 88' lang='lat' dir='ltr'>dux</span> <span class='ocrx_word' id='word_1_284' title='bbox 1824 2930 2005 2989; x_wconf 89' lang='lat' dir='ltr'>Urbini,</span> <span class='ocrx_word' id='word_1_285' title='bbox 2035 2934 2091 2979; x_wconf 92' lang='lat' dir='ltr'>D.</span> 
     </span>
     <span class='ocr_line' id='line_1_32' title="bbox 325 3012 1702 3077; baseline -0.001 -16"><span class='ocrx_word' id='word_1_286' title='bbox 325 3014 528 3074; x_wconf 90' lang='lat' dir='ltr'>Pisauri,</span> <span class='ocrx_word' id='word_1_287' title='bbox 552 3014 769 3062; x_wconf 89' lang='lat' dir='ltr'>marchio</span> <span class='ocrx_word' id='word_1_288' title='bbox 790 3017 982 3062; x_wconf 90' lang='lat' dir='ltr'>Mantue</span> <span class='ocrx_word' id='word_1_289' title='bbox 1002 3018 1049 3063; x_wconf 89' lang='lat' dir='ltr'>et</span> <span class='ocrx_word' id='word_1_290' title='bbox 1073 3030 1239 3063; x_wconf 89' lang='lat' dir='ltr'>omnes</span> <span class='ocrx_word' id='word_1_291' title='bbox 1257 3017 1531 3077; x_wconf 89' lang='lat' dir='ltr'>potentatus</span> <span class='ocrx_word' id='word_1_292' title='bbox 1554 3012 1702 3060; x_wconf 89' lang='lat' dir='ltr'>ltalie.</span> 
     </span>
    </p>

    <p class='ocr_par' dir='ltr' id='par_1_7' title="bbox 389 3095 2094 3161">
     <span class='ocr_line' id='line_1_33' title="bbox 389 3095 2094 3161; baseline -0.001 -15"><span class='ocrx_word' id='word_1_293' title='bbox 389 3097 528 3146; x_wconf 88' lang='lat' dir='ltr'>Feria</span> <span class='ocrx_word' id='word_1_294' title='bbox 542 3098 771 3156; x_wconf 89' lang='lat' dir='ltr'>secunda,</span> <span class='ocrx_word' id='word_1_295' title='bbox 793 3100 819 3146; x_wconf 89' lang='grc'>8</span> <span class='ocrx_word' id='word_1_296' title='bbox 837 3098 1017 3146; x_wconf 90' lang='lat' dir='ltr'>mensis</span> <span class='ocrx_word' id='word_1_297' title='bbox 1041 3097 1246 3161; x_wconf 87' lang='lat' dir='ltr'>augusti,</span> <span class='ocrx_word' id='word_1_298' title='bbox 1271 3097 1512 3146; x_wconf 88' lang='lat' dir='ltr'>celebrate</span> <span class='ocrx_word' id='word_1_299' title='bbox 1535 3096 1728 3143; x_wconf 88' lang='lat' dir='ltr'>fuerunt</span> <span class='ocrx_word' id='word_1_300' title='bbox 1744 3096 1946 3159; x_wconf 86' lang='lat' dir='ltr'>exequie</span> <span class='ocrx_word' id='word_1_301' title='bbox 1967 3095 2094 3144; x_wconf 90' lang='lat' dir='ltr'>bone</span> 
     </span>
    </p>
   </div>
   <div class='ocr_carea' id='block_1_3' title="bbox 326 3268 2100 3460">
    <p class='ocr_par' dir='ltr' id='par_1_8' title="bbox 326 3268 2100 3460">
     <span class='ocr_line' id='line_1_34' title="bbox 326 3268 2099 3340; baseline 0 -12"><span class='ocrx_word' id='word_1_302' title='bbox 326 3268 479 3340; x_wconf 61' lang='lat' dir='ltr'>j’edifice</span> <span class='ocrx_word' id='word_1_303' title='bbox 512 3303 557 3329; x_wconf 90' lang='lat' dir='ltr'>en</span> <span class='ocrx_word' id='word_1_304' title='bbox 573 3291 745 3329; x_wconf 79' lang='lat' dir='ltr'>memoire</span> <span class='ocrx_word' id='word_1_305' title='bbox 765 3292 859 3329; x_wconf 85' lang='lat' dir='ltr'>dela</span> <span class='ocrx_word' id='word_1_306' title='bbox 878 3292 1079 3329; x_wconf 73' lang='lat' dir='ltr'>ceremonia</span> <span class='ocrx_word' id='word_1_307' title='bbox 1093 3292 1227 3340; x_wconf 84' lang='lat' dir='ltr'>portait</span> <span class='ocrx_word' id='word_1_308' title='bbox 1248 3302 1255 3328; x_wconf 92' lang='lat'>:</span> <span class='ocrx_word' id='word_1_309' title='bbox 1279 3290 1707 3329; x_wconf 86' lang='lat' dir='ltr'>CIVITAS-VECCHIA.</span> <span class='ocrx_word' id='word_1_310' title='bbox 1732 3291 1834 3328; x_wconf 87' lang='lat' dir='ltr'>Cette</span> <span class='ocrx_word' id='word_1_311' title='bbox 1856 3290 2034 3328; x_wconf 74' lang='lat' dir='ltr'>anomalia</span> <span class='ocrx_word' id='word_1_312' title='bbox 2053 3303 2099 3328; x_wconf 86' lang='lat' dir='ltr'>ne</span> 
     </span>
     <span class='ocr_line' id='line_1_35' title="bbox 330 3350 2100 3400; baseline 0 -12"><span class='ocrx_word' id='word_1_313' title='bbox 330 3351 441 3391; x_wconf 85' lang='lat' dir='ltr'>laissa</span> <span class='ocrx_word' id='word_1_314' title='bbox 456 3362 523 3400; x_wconf 85' lang='lat' dir='ltr'>pas</span> <span class='ocrx_word' id='word_1_315' title='bbox 544 3351 731 3389; x_wconf 76' lang='lat' dir='ltr'>d&#39;etonner</span> <span class='ocrx_word' id='word_1_316' title='bbox 744 3351 849 3388; x_wconf 82' lang='lat' dir='ltr'>Paris</span> <span class='ocrx_word' id='word_1_317' title='bbox 875 3351 920 3388; x_wconf 88' lang='lat' dir='ltr'>de</span> <span class='ocrx_word' id='word_1_318' title='bbox 943 3350 1090 3388; x_wconf 79' lang='lat' dir='ltr'>Crassis</span> <span class='ocrx_word' id='word_1_319' title='bbox 1108 3351 1169 3399; x_wconf 90' lang='lat' dir='ltr'>qui</span> <span class='ocrx_word' id='word_1_320' title='bbox 1189 3350 1236 3387; x_wconf 88' lang='lat' dir='ltr'>l’a</span> <span class='ocrx_word' id='word_1_321' title='bbox 1249 3350 1388 3388; x_wconf 78' lang='lat' dir='ltr'>relevee</span> <span class='ocrx_word' id='word_1_322' title='bbox 1409 3352 1500 3388; x_wconf 90' lang='lat' dir='ltr'>dans</span> <span class='ocrx_word' id='word_1_323' title='bbox 1516 3362 1580 3388; x_wconf 88' lang='lat' dir='ltr'>son</span> <span class='ocrx_word' id='word_1_324' title='bbox 1598 3350 1756 3399; x_wconf 83' lang='lat' dir='ltr'>journal.</span> <span class='ocrx_word' id='word_1_325' title='bbox 1775 3352 1865 3391; x_wconf 82' lang='lat' dir='ltr'>Par.</span> <span class='ocrx_word' id='word_1_326' title='bbox 1892 3351 1935 3386; x_wconf 87' lang='lat' dir='ltr'>de</span> <span class='ocrx_word' id='word_1_327' title='bbox 1953 3352 2100 3390; x_wconf 74' lang='lat' dir='ltr'>Crassis</span> 
     </span>
     <span class='ocr_line' id='line_1_36' title="bbox 330 3411 1161 3460; baseline 0 -13"><span class='ocrx_word' id='word_1_328' title='bbox 330 3412 505 3455; x_wconf 78' lang='lat' dir='ltr'>diarium,</span> <span class='ocrx_word' id='word_1_329' title='bbox 529 3411 577 3449; x_wconf 85' lang='lat' dir='ltr'>B.</span> <span class='ocrx_word' id='word_1_330' title='bbox 607 3411 651 3448; x_wconf 87' lang='lat' dir='ltr'>N.</span> <span class='ocrx_word' id='word_1_331' title='bbox 673 3423 763 3449; x_wconf 92' lang='lat' dir='ltr'>mss.</span> <span class='ocrx_word' id='word_1_332' title='bbox 784 3411 891 3449; x_wconf 84' lang='lat'><strong>5165.</strong></span> <span class='ocrx_word' id='word_1_333' title='bbox 910 3411 951 3447; x_wconf 93' lang='grc' dir='ltr'>Τ.</span> <span class='ocrx_word' id='word_1_334' title='bbox 974 3411 1003 3456; x_wconf 94' lang='lat' dir='ltr'>I,</span> <span class='ocrx_word' id='word_1_335' title='bbox 1022 3423 1059 3460; x_wconf 94' lang='lat' dir='ltr'>p.</span> <span class='ocrx_word' id='word_1_336' title='bbox 1078 3412 1161 3447; x_wconf 78' lang='lat'><strong>562.</strong></span> 
     </span>
    </p>
   </div>
   <div class='ocr_carea' id='block_1_4' title="bbox 329 3468 2099 3578">
    <p class='ocr_par' dir='ltr' id='par_1_9' title="bbox 329 3468 2099 3578">
     <span class='ocr_line' id='line_1_37' title="bbox 378 3468 2099 3519; baseline -0.001 -12"><span class='ocrx_word' id='word_1_337' title='bbox 378 3473 411 3508; x_wconf 95' lang='lat'>1.</span> <span class='ocrx_word' id='word_1_338' title='bbox 435 3471 506 3507; x_wconf 88' lang='lat' dir='ltr'>Sur</span> <span class='ocrx_word' id='word_1_339' title='bbox 526 3470 560 3507; x_wconf 90' lang='lat' dir='ltr'>la</span> <span class='ocrx_word' id='word_1_340' title='bbox 579 3470 676 3519; x_wconf 89' lang='lat' dir='ltr'>prise</span> <span class='ocrx_word' id='word_1_341' title='bbox 695 3471 740 3507; x_wconf 88' lang='lat' dir='ltr'>de</span> <span class='ocrx_word' id='word_1_342' title='bbox 760 3470 947 3507; x_wconf 77' lang='lat' dir='ltr'>Camerino</span> <span class='ocrx_word' id='word_1_343' title='bbox 967 3481 1031 3519; x_wconf 85' lang='lat' dir='ltr'>par</span> <span class='ocrx_word' id='word_1_344' title='bbox 1052 3470 1164 3508; x_wconf 77' lang='lat' dir='ltr'>Cesar</span> <span class='ocrx_word' id='word_1_345' title='bbox 1185 3470 1329 3518; x_wconf 84' lang='lat' dir='ltr'>Borgia,</span> <span class='ocrx_word' id='word_1_346' title='bbox 1351 3481 1435 3519; x_wconf 80' lang='lat' dir='ltr'>voy.</span> <span class='ocrx_word' id='word_1_347' title='bbox 1458 3469 1511 3507; x_wconf 85' lang='lat' dir='ltr'>les</span> <span class='ocrx_word' id='word_1_348' title='bbox 1531 3470 1711 3518; x_wconf 71' lang='lat' dir='ltr'>depeches</span> <span class='ocrx_word' id='word_1_349' title='bbox 1733 3470 1777 3507; x_wconf 89' lang='lat' dir='ltr'>de</span> <span class='ocrx_word' id='word_1_350' title='bbox 1799 3468 2032 3513; x_wconf 84' lang='lat' dir='ltr'>Giustiniani,</span> <span class='ocrx_word' id='word_1_351' title='bbox 2054 3480 2099 3506; x_wconf 88' lang='lat' dir='ltr'>en</span> 
     </span>
     <span class='ocr_line' id='line_1_38' title="bbox 329 3529 1305 3578; baseline -0.003 -8"><span class='ocrx_word' id='word_1_352' title='bbox 329 3530 410 3570; x_wconf 82' lang='lat' dir='ltr'>date</span> <span class='ocrx_word' id='word_1_353' title='bbox 429 3530 495 3569; x_wconf 84' lang='lat' dir='ltr'>des</span> <span class='ocrx_word' id='word_1_354' title='bbox 513 3530 571 3575; x_wconf 79' lang='lat'>21,</span> <span class='ocrx_word' id='word_1_355' title='bbox 594 3531 655 3578; x_wconf 80' lang='lat'>22,</span> <span class='ocrx_word' id='word_1_356' title='bbox 676 3530 723 3569; x_wconf 79' lang='lat'>24</span> <span class='ocrx_word' id='word_1_357' title='bbox 743 3533 779 3568; x_wconf 84' lang='lat' dir='ltr'>et</span> <span class='ocrx_word' id='word_1_358' title='bbox 797 3529 977 3578; x_wconf 73' lang='lat' dir='ltr'>29Jui11et</span> <span class='ocrx_word' id='word_1_359' title='bbox 998 3531 1048 3578; x_wconf 93' lang='lat' dir='ltr'>(p.</span> <span class='ocrx_word' id='word_1_360' title='bbox 1071 3531 1118 3576; x_wconf 71' lang='grc'>62</span> <span class='ocrx_word' id='word_1_361' title='bbox 1131 3534 1166 3567; x_wconf 85' lang='lat' dir='ltr'>et</span> <span class='ocrx_word' id='word_1_362' title='bbox 1187 3529 1305 3578; x_wconf 82' lang='lat' dir='ltr'>suiv.)</span> 
     </span>
    </p>
   </div>
  </div>
 </body>
</html>
