2254 3944
143 399 304 440 [Janvier
324 400 419 440 1500]
583 396 754 435 RERUM
788 391 1093 433 URBANARUM
1126 388 1482 429 COMMENTARH.
1741 364 1747 371 ’
1899 390 1939 426 ιι

145 505 340 550 Rmum.
382 505 440 550 D.
482 499 784 550 cardinalem
828 496 1061 559 Borgiam
1103 510 1162 541 ex
1201 493 1423 541 Bononia
1463 492 1536 539 vel
1575 508 1603 539 a
1639 491 1782 549 duce,
1824 506 1937 538 cum

147 589 358 650 quatuor
395 587 585 633 tantum
625 599 684 631 ex
720 582 820 628 suis
869 596 957 644 per
995 578 1374 627 tabellariorum
1420 580 1603 640 postas,
1658 578 1710 623 ut
1751 577 1939 623 Roman

145 669 298 717 veloci
339 684 538 717 accessu
572 666 778 724 veniret,
820 665 1060 713 Urbinum
1092 661 1387 726 applicuisse
1429 661 1631 708 circiter
1667 660 1799 707 diem
1831 674 1941 723 pre-

146 754 332 802 dictum
359 756 406 801 et
435 751 617 799 ibidem
648 749 825 797 febrim
856 749 1018 812 ipsum
1057 746 1289 794 invasisse
1329 745 1534 793 medicis
1564 744 1704 809 valde
1735 758 1937 806 suspec-

146 841 278 895 tam;
305 837 365 884 de
391 851 487 900 quo
514 837 647 898 Papa
678 833 770 881 fuit
802 848 889 896 per
915 834 973 880 D.
999 830 1246 894 Angelum
1274 830 1564 893 episcopum
1604 827 1935 884 Tiburtinum,

145 937 257 969 cum
303 921 476 968 eodem
525 917 778 967 cardinale
825 916 1135 976 existentem,
1179 914 1497 970 certificamS,
1547 915 1595 959 et
1632 911 1809 960 deinde
1849 926 1937 974 per

144 1006 294 1053 alium
352 1003 577 1051 nuntium
637 1004 767 1065 Pape
819 1017 909 1065 per
963 1000 1194 1047 eumdem
1255 998 1543 1061 episcopum
1605 994 1935 1059 significatum

144 1088 321 1136 febrim
349 1086 681 1151 periculosam
704 1101 803 1134 non
829 1101 932 1133 esse
964 1087 1012 1132 et
1044 1084 1174 1147 quod
1210 1081 1428 1130 morbilli
1466 1082 1783 1144 apparerent,
1818 1093 1940 1142 quo-

142 1186 253 1219 rum
287 1186 435 1219 causa
471 1169 623 1217 febris
663 1170 946 1226 advenerat,
990 1167 1219 1231 quodque
1261 1164 1527 1213 cardinalis
1566 1164 1939 1227 ipse,-captura

145 1257 274 1305 arcis
310 1254 655 1304 Foroliviensis
691 1253 961 1310 intellecta,
1005 1266 1185 1315 equum
1218 1249 1528 1307 ascenderat,
1564 1248 1722 1295 iturus
1750 1245 1935 1294 Foroli-

145 1341 275 1388 vium
299 1340 361 1388 ad
392 1340 570 1387 ducem
595 1337 911 1388 Valentinum
949 1336 994 1384 ei
1032 1334 1468 1398 congratulaturus
1505 1332 1566 1380 de
1602 1331 1837 1390 victoria;
1865 1333 1931 1387 et,

147 1439 260 1473 cum
307 1423 457 1471 celeri
505 1438 707 1470 accessu
752 1423 935 1469 Forum
982 1418 1331 1483 Sempronium
1378 1415 1703 1480 pervenisset,
1754 1414 1933 1462 febrim

145 1507 627 1555 vehementissimam
652 1505 876 1562 rediisse,
918 1505 978 1552 de
1012 1519 1109 1566 qua
1141 1502 1380 1566 expiravit
1404 1501 1453 1548 in
1478 1502 1640 1557 nocte,
1668 1496 1777 1562 post
1801 1498 1931 1545 diem

139 1591 265 1655 jovis
306 1594 363 1638 16
401 1590 517 1638 dicti
557 1589 738 1636 mensis
770 1587 999 1651 januarii.
1041 1585 1261 1636 Cadaver
1297 1586 1402 1649 ejus
1437 1587 1689 1647 portatum
1728 1581 1818 1629 fuit
1853 1582 1932 1628 die

147 1674 278 1731 lune,
308 1676 365 1721 27
393 1673 612 1737 ejusdem
652 1672 850 1730 mensis,
881 1674 929 1719 et
965 1670 1245 1734 depositum
1285 1669 1334 1715 in
1371 1668 1581 1715 ecclesia
1610 1667 1752 1714 beate
1778 1665 1932 1713 Marie

147 1758 207 1805 de
246 1757 450 1820 Populo,
490 1756 573 1803 ubi
610 1755 745 1803 nulla
782 1755 886 1819 ejus
921 1754 1163 1802 memoria
1198 1753 1428 1810 habetur,
1469 1767 1560 1799 nec
1596 1753 1708 1798 sunt
1732 1751 1775 1796 ei
1803 1750 1934 1798 cele-

147 1843 287 1890 brate
317 1841 537 1904 exequie.
1300 1898 1302 1900 Ι

211 1925 352 1974 Feria
367 1923 610 1982 secunda,
638 1926 696 1970 27
715 1922 944 1987 januarii,
973 1921 1062 1969 fuit
1084 1919 1332 1984 publicum
1348 1916 1694 1966 consistorium
1709 1916 1758 1964 in
1774 1916 1931 1979 prima

146 2008 256 2056 aula
295 2007 459 2071 palatii
500 2006 754 2070 apostolici
796 2021 884 2069 pro
921 2003 1200 2052 obedientia
1237 2018 1325 2066 per
1360 2005 1580 2050 oratores
1619 1999 1929 2048 illustrissimi

143 2091 374 2140 Johannis
398 2090 526 2154 regis
558 2094 605 2138 et
631 2090 886 2139 Catharine
918 2089 1084 2152 regine
1116 2090 1344 2145 Navarre,
1374 2085 1607 2136 comitum
1637 2084 1697 2132 de
1724 2087 1857 2132 Fuxo
1883 2088 1929 2132 et,

143 2175 452 2223 dominorum
477 2176 801 2234 Bearnorum3
820 2173 1066 2237 proposite
1093 2172 1289 2220 fuerunt
1301 2175 1508 2235 quatuor
1529 2169 1925 2225 commissiones3

144 2260 349 2325 primam
373 2259 623 2324 proposuit
650 2261 707 2306 D.
736 2258 1038 2316 Octavianus,
1069 2256 1331 2305 secundam
1355 2258 1414 2304 D.
1444 2255 1620 2303 Paulus
1638 2254 1817 2302 Planca
1840 2269 1928 2317 pro

141 2343 349 2408 quodam
373 2343 555 2392 Jacobo
588 2342 785 2390 Andrea
814 2341 996 2390 Polono
1035 2342 1094 2389 de
1119 2341 1327 2405 quadam
1353 2339 1580 2399 falsitate,
1625 2338 1701 2387 cui
1739 2341 1929 2386 contra-

138 2427 255 2476 dixit
285 2430 343 2476 D.
377 2427 618 2486 Justinus;
647 2426 845 2475 interim
878 2425 1038 2474 socius
1070 2441 1227 2484 meus,
1261 2424 1485 2473 euntibus
1516 2439 1627 2472 cum
1660 2438 1718 2472 eo
1751 2426 1808 2471 D.
1850 2438 1928 2470 ar-

141 2510 453 2575 chiepiscopo
497 2509 754 2558 Tarentino
807 2514 854 2557 et
903 2511 1223 2569 Cortonense,
1271 2509 1541 2557 Catanense
1585 2511 1630 2554 et
1674 2509 1927 2555 Pennense

142 2592 382 2657 episcopis
408 2594 491 2641 SS.
534 2595 590 2640 D.
630 2592 780 2640 nostri
813 2591 1164 2651 assistentibus,
1204 2592 1287 2640 ivit
1325 2608 1412 2657 pro
1451 2590 1724 2643 oratoribus
1760 2588 1926 2638 nescio

143 2676 221 2744 ubi
247 2675 655 2740 exspectantibus,
684 2675 795 2738 quia
818 2674 867 2722 in
891 2690 1085 2723 camera
1107 2675 1375 2740 apostolica
1389 2690 1476 2738 pro
1496 2675 1565 2722 eis
1580 2678 1804 2737 paratum
1828 2688 1925 2720 non

144 2763 262 2819 erat,
290 2775 381 2808 nec
404 2758 516 2807 alibi
541 2759 669 2822 quod
700 2758 942 2822 potuerim
967 2757 1265 2822 perquirere,
1295 2758 1408 2806 licet
1439 2762 1550 2805 ante
1584 2755 1926 2805 consistorium

143 2860 288 2908 super
308 2843 401 2892 hoc
416 2842 714 2906 diligentiam
729 2841 1002 2890 habuerim.
1020 2841 1257 2890 Conducti
1274 2842 1472 2890 fuerunt
1498 2842 1558 2890 ad
1584 2839 1925 2889 consistorium

139 2927 415 2992 hujusmodi
440 2927 535 2975 duo
565 2932 802 2986 oratores,
830 2926 879 2974 in
905 2926 1080 2975 litteris
1106 2943 1194 2991 per
1219 2942 1303 2975 eos
1342 2926 1631 2991 presentatis
1668 2923 1922 2979 nominati,

140 3011 313 3060 nobilis
335 3011 581 3060 ,Iohannes
613 3013 868 3070 Beamont,
906 3011 1044 3059 miles
1071 3011 1461 3076 consanguineus
1488 3011 1618 3074 regis
1644 3014 1689 3057 et
1726 3024 1927 3058 venera·

141 3096 245 3144 bilis
290 3096 562 3144 Ferrandus
606 3095 664 3142 de
702 3095 1003 3158 Baquidano,
1046 3095 1445 3159 prothonotarius
1485 3094 1645 3143 dilecti
1686 3099 1734 3141 et
1769 3092 1924 3140 fidelis

141 3179 399 3228 consiliarii
422 3179 550 3243 regis
576 3178 656 3243 qui
680 3183 1080 3242 presentaverunt
1103 3179 1289 3227 litteras
1315 3179 1535 3227 missivas
1559 3180 1643 3226 SS.
1674 3180 1730 3225 D.
1751 3175 1920 3228 nostri,

142 3276 170 3308 a
193 3277 287 3324 quo
316 3262 507 3310 fuerunt
542 3262 699 3326 primo
735 3262 918 3326 recepti
955 3262 1016 3309 ad
1053 3262 1272 3310 osculum
1310 3262 1467 3326 pedis,
1508 3277 1682 3309 manus
1723 3265 1771 3308 et
1807 3258 1921 3315 oris,

144 3358 278 3390 more
309 3345 467 3394 solito.
509 3345 678 3394 Socius
715 3360 853 3392 meus
888 3345 1062 3393 locavit
1096 3360 1181 3394 eos
1219 3350 1350 3393 retro
1388 3345 1595 3393 banc-um
1628 3346 1919 3391 RRmorum.

147 3426 246 3473 DD.
279 3428 593 3477 cardinalium
623 3428 1037 3494 presbyterorum,
1071 3445 1298 3493 perverso
1341 3429 1528 3488 ordine,
1565 3427 1785 3475 videlicet
1816 3438 1924 3486 pro-

147 3507 449 3558 thonotarius
474 3512 551 3574 qui
594 3516 695 3559 erat
731 3512 945 3560 secundo
975 3513 1251 3561 nominatus
1278 3517 1324 3560 et
1364 3512 1411 3559 in
1448 3511 1615 3558 habitu
1654 3506 1922 3571 presbyteri
