2254 3944
164 370 375 411 [Decembre
398 369 490 413 1500}
614 369 782 407 RERUM
814 368 1118 406 URBANARUM
1151 368 1497 406 COMMENTARH.

233 470 373 518 Feria
394 474 543 528 sexta,
570 472 628 516 27
658 467 947 526 decembris,
974 469 1096 516 festo
1120 485 1160 516 s.
1184 467 1417 516 Johannis
1437 467 1748 532 evangeliste,
1774 471 1940 516 Rmus.

167 553 223 599 D.
252 551 506 602 cardinalis
531 551 874 616 Agrigentinus
902 551 1162 600 celebravit
1188 552 1386 600 missam
1419 551 1664 616 publicam
1685 552 1733 599 in
1761 552 1947 616 capella

165 636 400 699 predicta,
438 639 566 699 Papa
597 639 842 699 presente.
882 637 1169 683 Sermonem
1206 635 1320 683 fecit
1354 635 1549 698 quidam
1589 636 1738 684 frater
1764 635 1947 684 ordinis

167 735 413 787 servorum
452 721 506 766 B.
552 719 736 777 Marie3
786 722 842 767 D.
893 719 1220 768 Bernardinus
1264 719 1424 767 socius
1466 736 1603 767 meus
1637 720 1799 768 retulit
1828 719 1947 767 mihi

166 803 342 852 dixisse
371 802 591 851 Pontifici
620 803 782 851 locum
813 807 1207 851 conservatorum
1241 819 1434 851 camere
1467 803 1608 851 Urbis
1638 820 1735 852 non
1769 803 1948 852 debere

165 903 272 935 esse
299 890 409 951 post
435 886 724 946 cardinaleS,
763 887 849 935 sed
881 891 992 935 ante
1021 903 1233 946 crucem,
1265 892 1313 935 et
1345 890 1523 951 Papam
1557 887 1865 950 respondisse
1896 903 1947 935 se

165 970 382 1035 indigere
413 970 506 1018 illis
539 975 587 1019 et
619 975 880 1035 propterea
913 970 1032 1020 velle
1073 971 1254 1035 aliquot
1291 972 1459 1019 diebus
1498 987 1582 1020 eos
1623 970 1687 1018 ibi
1716 971 1814 1030 ire;
1854 970 1948 1018 hoc

163 1070 306 1103 mane
342 1059 507 1103 tamen
541 1055 605 1103 ibi
645 1071 744 1103 non
780 1055 939 1115 ivisse,
981 1056 1066 1103 sed
1099 1056 1148 1103 in
1182 1056 1291 1104 loco
1330 1071 1416 1104 suo
1456 1059 1567 1103 ante
1602 1070 1826 1113 crucem3
1856 1054 1950 1102 alia

163 1142 268 1187 acta
288 1142 399 1187 sunt
413 1154 548 1188 more
571 1139 728 1188 solito.
1251 1206 1254 1210 Ι

230 1223 501 1283 Dominica,
528 1227 589 1272 29
611 1224 724 1272 dicti
744 1225 928 1272 mensis
956 1211 1564 1284 decembris,⁴venerabilis
1596 1224 1666 1272 vir
1694 1226 1747 1271 D.
1773 1223 1951 1272 Johan-

165 1323 252 1356 nes
292 1307 576 1357 Vannubius
611 1308 848 1367 Lucentii‚
880 1308 1004 1372 juris
1045 1308 1294 1372 utriusque
1323 1308 1510 1367 doctor,
1545 1308 1733 1356 futurus
1760 1306 1951 1355 auditor

164 1395 268 1440 rote
299 1390 350 1439 in
383 1391 544 1440 locum
584 1392 710 1439 bone
750 1393 987 1441 memorie
1027 1395 1084 1440 D.
1124 1392 1291 1440 Jacobi
1334 1391 1546 1455 Dragatii
1584 1391 1725 1439 electi
1762 1389 1951 1439 Madru-

164 1475 354 1534 siensis,
379 1478 548 1534 Rome,
574 1475 623 1523 in
644 1476 850 1524 ecclesia
881 1493 919 1524 s.
958 1476 1220 1535 Eustachii,
1246 1482 1358 1540 post
1378 1475 1662 1540 vigesimam
1683 1475 1873 1534 horam,
1899 1475 1948 1523 in

163 1562 454 1607 RRmorum.
494 1561 593 1607 DD.
628 1553 942 1608 cardinalium
979 1559 1298 1623 Neapolitani,
1341 1559 1700 1617 Ulixbonensis,
1738 1561 1950 1607 Recana-

163 1643 330 1702 tensis,
367 1643 710 1702 Beneventani,
748 1659 786 1689 s.
822 1642 1067 1700 Praxedis,
1109 1642 1288 1701 Ursini,
1320 1641 1650 1703 Alexandrini,
1688 1659 1726 1690 s.
1757 1641 1942 1700 Crucis,

162 1725 477 1791 Agrigentini,
499 1725 732 1791 Capuani,
768 1726 996 1774 Senensis
1022 1730 1069 1774 et
1102 1725 1316 1774 Farnesii
1340 1726 1586 1788 presentia
1607 1731 1654 1775 et
1682 1726 1946 1774 multorum

161 1810 472 1874 prelatorum,
514 1810 702 1874 repetiit
743 1810 1007 1873 capitulum
1049 1825 1156 1857 cam
1200 1825 1295 1856 non
1324 1809 1380 1856 ab
1416 1810 1683 1857 hominibus
1726 1818 1860 1858 emm
1893 1810 1948 1858 cle

152 1892 437 1955 judiciis„„
496 1892 554 1940 de
601 1894 737 1957 cujus
786 1893 989 1941 materia
1036 1909 1208 1941 novem
1251 1893 1590 1941 conclusiones
1635 1893 1943 1951 formaverat,

160 1981 328 2025 centra
366 1991 484 2039 quas
521 1980 785 2040 arguerunt
819 1977 975 2040 primo
1017 1979 1071 2024 R.
1117 1979 1172 2024 D.
1215 1976 1472 2041 episcopus
1514 1977 1743 2037 NolanuS,
1788 1983 1948 2026 rector

161 2059 303 2108 studii
332 2059 471 2109 Urbis
496 2062 666 2120 Rome,
699 2061 912 2109 secundo
938 2060 1235 2124 gubernator
1266 2061 1424 2120 Urbis,
1464 2061 1604 2109 tertio
1639 2064 1696 2109 D.
1731 2062 1943 2121 Fehnus,

163 2142 418 2207 episcopus
446 2143 731 2202 Pennensis,
766 2160 888 2191 unus
913 2160 969 2191 ex
1001 2144 1300 2192 auditoribus
1327 2160 1582 2193 causarum
1610 2143 1774 2209 palatii
1803 2162 1946 2209 apos-

159 2225 288 2275 tolici
321 2226 483 2275 locum
521 2227 814 2287 tenentibus,
846 2232 1016 2291 quarto
1048 2231 1105 2276 D.
1142 2228 1421 2276 Dominicus
1450 2213 1746 2288 Jacobatius,
1778 2229 1945 2292 quinto

160 2312 218 2358 D.
259 2311 496 2359 Antonius
536 2312 595 2360 de
644 2315 808 2360 Monte
856 2312 1043 2360 auditor
1080 2317 1184 2361 rote
1224 2317 1271 2361 et
1310 2313 1504 2372 ultimo,
1555 2313 1614 2360 de
1656 2313 1851 2361 licentia
1899 2317 1946 2361 et

160 2409 402 2443 consensu
426 2394 770 2444 advocatorum
797 2396 1204 2444 consistorialium
1232 2396 1474 2461 predictus
1505 2400 1561 2445 D.
1600 2396 1945 2445 auditorandus

163 2493 273 2525 cum
294 2493 470 2542 magna
490 2478 706 2525 omnium
729 2478 871 2526 laude
893 2479 1302 2542 pertinentissime
1330 2480 1579 2545 respondit
1607 2496 1779 2528 eorum
1805 2496 1946 2544 argu-

161 2561 338 2610 mentis
358 2562 492 2625 prius
512 2561 636 2610 bene
658 2561 897 2626 repetitiS.
919 2562 1264 2612 Conclusiones
1286 2570 1450 2612 autem
1471 2565 1532 2616 he
1556 2570 1692 2613 erant
1707 2564 1796 2629 <1):

181 2739 184 2741 -
226 2677 264 2723 Ι.
295 2674 486 2735 Laicus,
517 2675 801 2723 clericatum
829 2679 1016 2724 tantum
1043 2676 1091 2723 in
1123 2677 1400 2725 carceribus
1428 2694 1700 2738 assumens,
1725 2678 1774 2726 in
1801 2694 1946 2728 causa

158 2758 394 2808 criminali
422 2759 567 2807 etiam
596 2763 644 2808 et
670 2758 916 2820 inchoata,
946 2759 1124 2824 gaudet
1156 2761 1403 2825 privilegio
1425 2761 1534 2811 fori.

223 2845 280 2892 II.
319 2843 491 2891 Laicus
524 2842 591 2891 sic
625 2843 893 2903 ordinatus,
931 2843 979 2891 in
1012 2844 1151 2908 penis
1182 2845 1361 2893 ordinis
1391 2846 1721 2896 determinatis
1755 2864 1783 2896 a
1809 2849 1940 2912 jure,

160 2927 199 2976 si
239 2926 594 2976 ecclesiasticus
635 2942 780 2991 supra
821 2927 913 2974 illis
960 2928 1285 2992 pronunciare
1324 2928 1650 2994 publicatione
1680 2931 1804 2996 juris
1847 2948 1945 2981 non

158 3010 351 3075 poterit,
377 3014 448 3059 est
468 3010 722 3060 actualiter
737 3010 1091 3075 degradandus.

227 3096 306 3142 111.
332 3096 505 3143 Servus
525 3093 774 3143 ordinatus
796 3094 900 3143 sine
922 3094 1137 3157 licentia,
1167 3095 1281 3145 licet
1308 3102 1568 3162 propterea
1589 3099 1784 3149 domino
1810 3097 1945 3149 restif

162 3182 338 3239 tuatur,
363 3178 542 3243 gaudet
562 3179 810 3245 privilegio
832 3179 921 3228 fori
943 3180 1273 3230 nihilominus,

223 3264 304 3311 IV.
334 3258 548 3310 Clericus
571 3263 856 3328 conjugatus
878 3263 1091 3312 retinens
1124 3264 1174 3311 in
1201 3280 1347 3313 causa
1373 3261 1611 3314 criminali
1641 3266 1943 3331 privilegium

163 3343 251 3391 fori
269 3344 445 3408 gaudet
471 3344 617 3395 etiam
639 3344 768 3395 dicto
789 3347 1038 3412 privilegio
1059 3348 1108 3395 in
1130 3364 1276 3398 causa
1296 3365 1430 3398 mere
1453 3349 1593 3397 civili.

212 3498 245 3534 1.
272 3496 322 3533 Le
346 3498 441 3536 texte
461 3493 506 3536 de
527 3508 588 3537 ces
609 3500 841 3538 conclusions
862 3501 957 3538 n'est
973 3501 1093 3538 donne
1112 3512 1182 3549 que
1203 3513 1268 3550 par
1288 3501 1340 3538 les
1360 3514 1450 3539 mss.
1474 3502 1566 3539 1516
1586 3506 1622 3539 et
1639 3503 1746 3538 5160.
