2228 3938
185 346 278 388 [suin
301 347 394 386 1501]
628 342 795 380 RERUM
828 339 1130 379 URBANARUM
1156 339 1505 377 COMMENTARII.
1892 343 1960 378 143

183 450 309 499 hora
325 448 630 506 duodecima,
659 449 789 511 Papa
812 448 913 493 erat
932 458 1086 508 prope
1111 446 1301 507 portam
1330 443 1494 507 palatii
1521 443 1738 491 exiturus
1759 443 1821 491 ad
1847 459 1961 507 pro-

185 535 478 591 cessionem,
503 547 646 595 quam
666 529 813 578 voluit
832 528 1071 591 integram
1092 526 1207 575 cleri
1230 531 1278 575 et
1295 526 1577 575 officialium
1598 531 1708 574 ante
1731 543 1782 574 se
1802 525 1963 575 videre

184 619 231 664 et
256 631 354 664 non
379 614 535 680 potuit
564 630 652 677 pro
685 611 1011 668 multitudine,
1043 625 1155 658 cum
1178 610 1280 674 jam
1310 624 1397 658 suo
1433 609 1604 658 ordine
1634 609 1772 658 multi
1804 614 1967 658 essent

182 699 327 747 nimis
355 699 500 764 longe
531 700 642 746 ante
672 710 801 745 eum.
839 692 1092 742 Processio
1121 693 1288 741 habita
1319 696 1394 741 est
1426 709 1578 757 usque
1609 694 1670 742 ad
1698 692 1896 741 domum
1923 710 1962 742 s.

183 782 445 832 Clementis
466 784 514 831 et
538 781 672 840 alias,
706 781 850 843 prout
874 792 1021 841 supra
1046 776 1133 824 fuit
1157 776 1450 825 ordinatum.
1479 777 1746 825 Cardinalis
1771 774 1965 841 Capua-

183 883 290 926 nus,
319 866 650 914 celebraturus
670 863 868 910 missam
887 860 1157 909 solemnem
1176 860 1226 908 in
1246 860 1447 909 basilica
1468 877 1508 908 s.
1538 860 1685 920 Petri,
1713 876 1811 908 non
1835 860 1964 909 venit

182 950 229 998 in
251 949 565 1014 processione
589 947 675 997 sed
696 947 747 994 in
772 961 926 1009 cappa
950 960 1038 992 sua
1062 944 1316 993 descendit
1345 944 1403 993 de
1436 943 1616 1008 palatio
1649 944 1707 991 ad
1739 945 1962 993 eamdem

183 1033 430 1082 basilicam
462 1037 509 1081 et
537 1031 724 1096 accepit
756 1045 920 1078 sacras
956 1032 1115 1077 vestes
1147 1044 1283 1077 more
1321 1033 1572 1077 consueto.
1615 1029 1667 1074 ln
1695 1027 1788 1076 hac
1817 1028 1965 1076 missa

183 1117 346 1166 omnia
368 1122 477 1167 acta
500 1121 610 1165 sunt
632 1120 683 1164 ut
707 1115 844 1164 alias.

249 1202 334 1250 His
354 1201 543 1260 diebuS‚
568 1200 913 1250 Columnenses
939 1197 1267 1261 intelligentes
1285 1195 1602 1245 concordiam
1626 1211 1733 1245 esse
1755 1211 1966 1259 concep-

182 1289 280 1339 tam
300 1285 430 1334 inter
449 1300 590 1348 reges
612 1283 814 1332 Francie
839 1285 887 1330 et
907 1281 1157 1345 Hispanie,
1182 1285 1230 1329 et
1249 1283 1511 1344 propterea
1534 1279 1624 1328 sibi
1650 1279 1877 1329 timentes
1903 1279 1964 1328 ob

181 1369 438 1418 adventum
466 1367 685 1432 gentium
714 1366 1014 1431 gallicarum,
1050 1365 1374 1413 decreverunt
1407 1366 1563 1412 terras
1593 1380 1704 1412 suas
1734 1364 1964 1413 commit-

180 1456 286 1501 tere
311 1466 453 1500 sacro
482 1450 688 1514 collegio
715 1452 1009 1497 RRmorum.
1039 1438 1139 1496 DD.
1172 1446 1508 1506 cardinalium,
1542 1447 1672 1511 quod
1703 1447 1962 1511 collegium

181 1533 425 1582 nunciavit
448 1535 595 1598 Pape,
617 1532 697 1596 qui
721 1532 868 1581 voluit
889 1532 984 1579 hoc
1010 1530 1132 1590 fieri,
1161 1530 1247 1578 sed
1270 1531 1400 1593 quod
1425 1528 1778 1580 Columnenses
1801 1529 1964 1579 mitte-

181 1620 294 1666 rent
321 1617 479 1666 claves
515 1621 760 1663 terrarum
795 1630 992 1662 suarum
1029 1612 1280 1661 Sanctitati
1322 1629 1405 1660 sue
1442 1628 1554 1661 cum
1586 1612 1747 1670 minis,
1788 1612 1880 1660 nisi
1916 1613 1964 1660 id

183 1699 419 1757 facerent,
442 1697 574 1762 ipsos
589 1697 939 1746 Columnenses
958 1695 1100 1743 etiam
1123 1695 1171 1741 in
1194 1710 1363 1742 eorum
1383 1694 1604 1759 personis
1623 1694 1743 1744 velle
1764 1694 1962 1759 punire;

183 1782 502 1832 decreverunt
523 1783 726 1845 propter
752 1780 869 1828 dare
900 1795 981 1827 eas
1010 1779 1165 1847 claves
1190 1781 1319 1843 Pape
1347 1782 1394 1827 et
1421 1778 1645 1843 collegio,
1676 1782 1724 1826 et
1753 1781 1884 1843 Papa
1906 1779 1967 1827 ad

184 1855 311 1914 hanc
345 1879 539 1913 causam
573 1863 706 1911 misit
733 1863 829 1911 hoc
866 1877 1010 1911 mane
1040 1861 1102 1910 ad
1134 1878 1218 1910 eos
1256 1864 1311 1909 R.
1356 1863 1413 1908 D.
1449 1863 1650 1909 Petrum
1682 1861 1965 1926 episcopum

184 1952 577 2006 Cesenatensem,
605 1946 877 1995 auditorem
902 1962 1118 2005 camere,
1145 1945 1228 2009 qui
1251 1960 1355 1994 rem
1379 1944 1615 1993 conclusit
1639 1960 1750 1992 cum
1776 1944 1863 1994 eis.

246 2031 391 2081 Feria
425 2031 586 2090 tertia,
632 2034 687 2079 15
724 2029 839 2078 dicti
875 2028 1058 2077 mensis
1089 2028 1234 2093 junii,
1276 2033 1586 2076 recesserunt
1620 2044 1679 2078 ex
1714 2028 1840 2077 Urbe
1878 2029 1966 2077 do-

182 2114 360 2163 mini...
388 2113 450 2179 (1)
488 2113 773 2162 cubicularii
818 2114 903 2161 SS.
945 2115 1003 2160 D.
1050 2111 1202 2160 nostri
1240 2127 1353 2160 cum
1390 2111 1649 2161 balistariis
1685 2111 1850 2176 viginti
1894 2112 1968 2160 vel

182 2197 390 2258 circiter,
414 2197 523 2245 ituri
551 2197 813 2246 Sublacum
837 2197 898 2244 ad
921 2196 1212 2260 capiendam
1233 2195 1595 2260 possessionem
1613 2196 1737 2244 arcis
1756 2199 1802 2245 et
1824 2197 1967 2244 castri

182 2297 239 2330 ac
275 2281 558 2329 monasterii
597 2279 920 2340 Sublacensis,
955 2284 1002 2327 et
1035 2278 1320 2327 octodecem
1357 2278 1565 2327 aliorum
1599 2283 1871 2327 castrorum
1909 2278 1970 2327 ad

183 2363 424 2412 abbatiam
445 2363 561 2413 dicti
579 2363 866 2413 monasterii
885 2364 1224 2427 spectantium,
1249 2363 1447 2412 nomine
1470 2365 1616 2426 Pape,
1643 2363 1702 2410 de
1729 2378 1970 2411 consensu

184 2447 310 2494 Rmi.
345 2449 404 2494 D.
433 2447 695 2496 cardinalis
728 2448 979 2508 Columne,
1017 2446 1300 2495 monasterii
1331 2446 1535 2512 predicti
1571 2445 1798 2510 perpetui
1839 2462 1971 2495 com—

186 2530 500 2589 mendatoris,
535 2546 680 2594 quam
705 2530 1068 2594 possessionem
1105 2530 1353 2579 consecuti
1384 2534 1510 2583 sunt,
1546 2529 1740 2577 nemine
1773 2532 1969 2578 contra-

184 2611 394 2660 dicente.

252 2695 396 2744 Feria
420 2694 605 2759 quinta,
631 2699 686 2743 17
709 2695 825 2744 dicti
846 2694 1027 2743 mensis
1043 2694 1186 2759 junii,
1211 2694 1342 2743 circa
1362 2694 1568 2758 primam
1589 2693 1763 2742 horam
1790 2694 1965 2753 noctis,

188 2776 353 2826 Rmus.
381 2781 438 2826 D.
468 2778 726 2827 cardinalis
750 2778 926 2843 Borgia
944 2777 1134 2826 intravit
1156 2778 1336 2826 Urbem
1361 2793 1449 2841 per
1471 2779 1662 2840 portam
1683 2776 1740 2824 de
1765 2777 1966 2842 Populo,

188 2860 266 2910 cui
301 2865 500 2909 venerat
529 2861 719 2910 obviam
750 2861 1032 2926 capitaneus
1065 2865 1206 2925 porte
1239 2860 1404 2924 palatii
1446 2862 1594 2924 Pape,
1629 2859 1782 2908 laicus
1818 2860 1970 2909 frater

190 2959 303 2992 suus
326 2959 608 3008 germanuS,
637 2944 699 2993 ad
723 2945 818 2993 duo
843 2945 994 2993 millia
1016 2943 1090 2993 vel
1119 2943 1251 2992 circa
1273 2947 1409 2992 extra
1431 2944 1630 3007 pontem
1658 2928 1890 3002 Milvium,
1924 2947 1971 2991 et

185 3042 289 3076 non
311 3027 562 3077 descendit
588 3044 646 3078 ex
670 3045 796 3093 equo
821 3028 1123 3093 capitaneuS,
1150 3044 1260 3076 cum
1288 3028 1562 3092 porrigeret
1585 3042 1783 3074 manum
1811 3026 1972 3075 cardi-

191 3110 324 3170 nali;
359 3113 488 3161 venit
530 3113 677 3162 etiam
715 3113 905 3163 obviam
945 3113 1105 3163 eidem
1149 3113 1210 3161 ad
1246 3112 1452 3161 milliare
1496 3126 1605 3159 cum
1642 3109 1789 3169 dicto,
1837 3115 1972 3159 extra

193 3199 421 3247 eumdem
443 3204 642 3264 pontem
668 3203 837 3248 Rmus.
866 3203 923 3248 D.
953 3200 1211 3248 cardinalis
1243 3202 1497 3264 Capuanus
1526 3200 1607 3263 qui
1638 3197 1771 3247 omni
1797 3198 1969 3244 conatu

191 3279 339 3328 voluit
363 3283 492 3345 quod
520 3284 699 3347 Borgia
727 3283 818 3332 iret
847 3283 908 3332 ad
930 3283 1197 3343 dexteram,
1231 3283 1317 3331 sed
1348 3283 1546 3331 omnino
1580 3282 1736 3331 noluit
1772 3278 1967 3340 Borgia,

248 3462 263 3499 1
307 3462 354 3499 Le
374 3475 458 3500 nom
478 3464 543 3502 des
562 3465 802 3503 cubiculaires
823 3466 869 3503 du
892 3478 985 3516 pape
1003 3471 1060 3504 est
1080 3465 1188 3503 laisse
1209 3477 1254 3502 en
1274 3463 1382 3502 blanc
1402 3465 1496 3502 daus
1518 3470 1598 3502 tous
1620 3465 1671 3501 les
1693 3475 1780 3500 mss.
