2372 3926
838 341 869 378 N
873 338 1013 378 OTICE
1051 337 1132 374 BIO
1138 336 1432 382 GRAPHIQUE.
1959 352 2027 377 va

241 444 419 494 Rome.
450 444 617 495 Traite
650 447 790 495 entre
829 459 885 492 ce
917 458 1012 508 roy
1049 444 1100 490 et
1129 439 1176 490 le
1207 457 1338 507 pape
1370 439 1660 490 Alexandre
1688 441 1753 490 VI
1781 442 2025 491 touchant

240 535 365 583 Gem
407 533 619 594 Sultam,
658 531 793 581 frere
832 530 901 580 du
938 528 1402 594 Grand-Seigneur.
1434 530 1688 579 Entrevue
1722 528 1792 579 du
1832 531 1942 597 Roy
1975 534 2025 579 et

237 623 306 674 du
332 625 469 692 Pape
507 626 557 674 et
593 622 667 672 les
706 620 1018 671 ceremonies
1058 620 1330 670 observees
1368 636 1463 687 par
1493 619 1541 670 le
1573 622 1711 688 Pape
1737 636 1870 687 pour
1894 619 2021 669 faire

235 763 452 812 antiquitate
469 765 562 812 pene
581 761 742 811 corrupti
760 760 845 798 libri
864 759 1032 797 missales
1052 759 1214 797 ordinem
1230 759 1366 797 missae
1384 771 1483 797 more
1499 759 1650 808 Gallico,
1672 760 1782 810 longe
1799 773 1821 798 a
1833 760 2022 798 Romanae

234 823 417 862 Ecclesiae
448 821 715 860 consuetudine
746 821 955 867 diversum,
984 819 1212 858 continentes
1229 849 1239 866 ,
1270 820 1333 868 qui
1360 820 1408 857 ab
1438 820 1542 858 initio
1570 823 1739 869 receptae
1765 820 1852 858 fidei
1871 832 1964 858 usus
1983 819 2020 857 in

234 883 351 920 Gallia
379 882 527 922 habitus
556 885 638 926 est,
658 892 776 930 usque
806 881 853 920 ad
881 879 999 918 Caroli
1028 879 1158 929 Magni
1187 884 1377 928 tempora,
1409 880 1544 929 quibus
1571 880 1739 917 sacrificii
1758 880 1921 923 formam,
1944 892 2018 928 qua

232 942 341 980 hodie
372 945 524 980 utuntur
536 941 573 979 in
607 941 725 979 Gallia
751 945 788 979 et
819 940 1025 984 Germania,
1047 939 1223 989 suscepit.
1246 939 1375 976 Omn1s
1397 939 1510 988 igitur
1530 939 1662 985 Gallia,
1685 939 1892 985 Germania,
1914 939 2018 977 Italia

229 1005 375 1050 praeter
389 1000 638 1040 Mediolanum
658 1000 732 1049 (cui
752 999 938 1038 Ecclesiae
957 1000 1005 1037 ad
1023 999 1184 1037 auctoris
1203 999 1446 1036 reverentiam
1466 1000 1511 1036 D.
1532 999 1718 1037 Ambrosii
1742 999 1835 1037 ritus
1862 999 2015 1047 permis-

229 1072 294 1098 sus
315 1062 385 1108 est)
412 1060 516 1098 fa'cile
542 1060 728 1098 Romanas
754 1059 1002 1098 caeremonias
1028 1058 1244 1097 auctoritate
1271 1059 1456 1097 Romanae
1485 1057 1584 1096 sedis
1613 1062 1650 1096 et
1681 1058 1843 1108 episcopi
1868 1058 1925 1096 sui
1950 1057 2016 1095 ad-

227 1120 374 1168 ductae,
395 1123 653 1170 susceperunt.
679 1121 909 1170 Quamquam
928 1123 968 1157 ut
987 1119 1220 1169 supradictus
1241 1118 1439 1156 Hilduinus
1453 1119 1624 1165 affirmat,
1640 1131 1753 1168 quum
1767 1118 2015 1164 Innocentius,

226 1179 394 1218 Gelasius
413 1184 450 1218 et
468 1180 671 1230 Gregorius
691 1180 850 1218 Romani
868 1179 1068 1217 Pontifices
1087 1178 1289 1228 Episcopos
1311 1178 1509 1216 Galliarum
1535 1179 1583 1217 ad
1610 1180 1799 1218 Romanas
1824 1181 2018 1217 consuetu-

224 1238 330 1277 dines
349 1240 607 1290 suscipiendas
627 1240 692 1277 diu
711 1239 971 1287 solicitassent)
989 1239 1066 1288 jam
1078 1241 1156 1275 tum
1166 1237 1333 1287 pluribus
1345 1238 1452 1275 annis
1466 1242 1577 1276 antea
1588 1238 1735 1288 priscus
1749 1239 1809 1277 ille
1822 1238 2017 1276 missarum

224 1310 305 1336 mos
323 1311 346 1337 a
365 1299 504 1338 Gallica
522 1298 789 1338 consuetudine
808 1311 885 1336 non
905 1298 995 1335 nihil
1014 1297 1243 1335 recessisset.
1267 1297 1421 1347 Hispani
1440 1310 1562 1347 porro,
1580 1298 1696 1347 quiin
1716 1298 1828 1337 semel
1843 1301 2016 1346 suscepto

221 1357 390 1398 instituto
418 1360 557 1398 tuendo
576 1359 863 1409 pertinacissimi
883 1363 984 1405 sunt,
1006 1358 1130 1396 multis
1151 1357 1258 1395 annis
1276 1358 1393 1395 avitas
1415 1358 1701 1399 consuetudines
1718 1358 2016 1397 constantissime

222 1417 464 1458 retinuerunt.
499 1420 624 1457 Donec
655 1423 841 1469 postremo
872 1419 1063 1468 Alphonso
1095 1417 1154 1455 VI.
1190 1417 1255 1467 qui
1282 1417 1451 1456 Toletum
1471 1418 1517 1455 de
1537 1417 1749 1456 Sarracenis
1771 1416 2013 1467 recuperavit,

220 1482 412 1527 regnante,
435 1478 604 1529 Gregorii
621 1478 703 1518 VII.
723 1479 845 1528 Papae
865 1489 992 1524 suasu,
1015 1477 1178 1527 impulsu
1194 1488 1278 1515 vero
1299 1476 1536 1515 Constantiae
1563 1477 1826 1527 Hispaniarum
1850 1477 2016 1526 Reginae

220 1536 406 1576 Gallorum
424 1538 542 1588 Regis
562 1538 658 1576 filiae
679 1542 765 1588 post
780 1538 961 1576 maximas
982 1537 1235 1575 contentiones
1250 1541 1287 1575 et
1305 1537 1483 1575 clamores
1502 1537 1538 1575 vi
1554 1538 1682 1583 coacti,
1706 1549 1779 1575 non
1800 1537 1880 1575 sine
1893 1537 2015 1586 lacry-

221 1595 293 1633 mis
318 1597 447 1646 patriis
479 1597 610 1635 ritibus
641 1597 778 1635 relictis
791 1623 801 1640 ,
823 1596 982 1635 Gallicas
1008 1596 1086 1633 sive
1105 1597 1294 1634 Romanas
1315 1596 1564 1634 caeremonias
1581 1608 1791 1646 suscepere,
1808 1597 1872 1646 qui
1892 1601 2014 1634 tamen

218 1655 363 1704 priscus
379 1668 460 1694 mos
479 1668 554 1694 non
568 1657 619 1694 ita
642 1656 808 1694 funditus
828 1654 905 1694 tolli
924 1655 1058 1704 potuit,
1078 1655 1169 1703 quin
1189 1655 1297 1692 hodie
1318 1655 1433 1692 Toleti
1460 1655 1496 1691 in
1524 1656 1746 1705 quibusdam
1770 1655 1957 1702 Ecclesiis,
1978 1661 2015 1693 et

219 1715 394 1753 aediculis
426 1716 533 1753 certis
562 1716 694 1753 diebus
720 1727 794 1753 non
821 1716 1058 1761 observetur,
1086 1719 1127 1752 ut
1152 1714 1261 1752 latius
1288 1715 1326 1751 in
1352 1715 1524 1752 Roderici
1544 1714 1708 1753 Toletani
1727 1714 1880 1753 historia
1899 1715 2014 1765 expli-

221 1778 336 1812 catur.
372 1776 494 1821 Quum
526 1775 640 1824 igitur
671 1776 880 1813 Romanum
910 1775 1011 1812 hunc
1039 1774 1202 1812 ordinem
1235 1774 1353 1821 Italia,
1389 1774 1520 1821 Gallia,
1552 1774 1758 1821 Germania,
1778 1779 1816 1813 et
1835 1775 2014 1824 Hispania

221 1833 487 1883 suscepissent,
508 1834 612 1872 facile
630 1847 776 1885 quoque
790 1835 920 1873 ceteris
937 1833 1140 1872 occidentis
1156 1833 1355 1883 provinciis
1371 1838 1412 1871 ut
1425 1834 1592 1883 Angliae‚
1610 1834 1807 1872 Saxoniae.
1824 1834 2010 1881 Poloniae‚

221 1893 430 1938 Bohemiae,
450 1899 487 1932 et
501 1894 653 1944 reliquis
672 1894 1046 1945 praeclarissimorum
1065 1905 1264 1942 regnorum
1283 1905 1420 1931 morem
1437 1894 1605 1942 sequutis
1632 1894 1923 1932 communicatus
1939 1899 2010 1933 est.

219 1951 335 2002 Cujus
367 1965 504 2003 magna
533 1955 654 1992 adhuc
683 1966 730 1992 ex
760 1958 864 2004 parte
898 1954 1054 2002 vestigia
1083 1957 1301 2003 supersunt.
1326 1952 1462 1991 Tribus
1494 1958 1616 1991 autem
1635 1954 1695 1991 his
1714 1954 1847 1992 libellis
1866 1955 2014 2004 publica

217 2015 360 2050 tantum
383 2013 461 2050 sive
483 2013 646 2052 solennis
665 2015 862 2052 missarum
883 2013 1112 2052 caeremonia
1131 2013 1352 2060 continetur,
1376 2025 1486 2062 quam
1505 2006 1697 2052 Romanus
1718 2015 1886 2053 Pontifex
1906 2027 2011 2065 prae-

217 2071 336 2121 cipuis
353 2072 459 2110 festis
479 2073 611 2111 diebus
631 2074 828 2112 stationem
849 2073 983 2111 celebri
1004 2078 1040 2111 et
1058 2073 1240 2121 frequenti
1261 2073 1369 2119 cleri,
1393 2073 1594 2123 populique
1622 2074 1856 2112 multitudine
1883 2086 2012 2117 conve-

154 2157 157 2162 .
214 2130 338 2169 niente
357 2131 458 2170 obire
477 2145 542 2182 per
562 2132 730 2182 singulas
750 2133 932 2171 Ecclesias
953 2132 1016 2169 ubi
1036 2133 1149 2170 statio
1169 2137 1248 2170 erat
1278 2132 1433 2179 solebat,
1452 2145 1474 2171 a
1500 2146 1573 2183 quo
1600 2133 1721 2171 officia
1748 2134 2009 2184 Episcoporum

214 2202 360 2240 quoque
384 2204 449 2241 per
475 2193 682 2242 provincias
711 2193 749 2230 in
775 2193 930 2231 diversis
951 2192 1137 2242 mysteriis
1157 2192 1379 2242 peragendis
1400 2194 1565 2242 ritusque
1583 2198 1619 2231 et
1638 2194 1891 2232 observantiae
1911 2194 2010 2231 haud

213 2249 368 2288 multum
398 2252 622 2302 discrepant.
654 2253 755 2299 Quae
784 2265 866 2290 cum
898 2252 1055 2290 Romani
1084 2252 1226 2290 ordinis
1258 2252 1378 2290 libello
1415 2253 1550 2302 ubique
1577 2253 1751 2302 adjuncta
1777 2259 1876 2292 sunt.
1904 2254 2009 2299 Quod

213 2309 364 2348 solenne
394 2311 529 2350 missae
561 2313 779 2350 sacrificium
803 2312 904 2351 initio
931 2324 1005 2350 non
1030 2312 1102 2349 nisi
1129 2324 1194 2361 per
1219 2312 1421 2362 Episcopos
1449 2313 1487 2349 in
1515 2312 1727 2350 civitatibus
1746 2312 2009 2363 apresbyteris

211 2381 311 2417 vero,
335 2382 409 2408 non
437 2372 510 2409 nisi
538 2384 585 2409 ex
611 2372 865 2423 episcoporum
895 2373 1001 2410 venia
1023 2371 1232 2420 agebatur.
1259 2372 1432 2410 Ceterum
1452 2385 1566 2422 quum
1588 2373 1661 2410 duo
1681 2373 1905 2422 posteriores
1925 2373 2007 2410 libri

212 2429 377 2479 ejusdem
401 2431 513 2469 ferme
538 2434 711 2481 temporis
738 2433 831 2480 sint,
859 2437 896 2471 et
918 2431 1084 2470 nonnihil
1109 2431 1204 2469 inter
1230 2443 1271 2469 se
1290 2432 1444 2478 varient,
1462 2445 1536 2481 quo
1556 2432 1594 2469 in
1611 2433 1783 2471 omnibus
1801 2433 1862 2482 pio
1880 2433 2007 2471 lectori

211 2489 474 2536 satisfacerem,
497 2495 670 2540 utrosque
690 2492 728 2529 in
749 2504 862 2530 unum
881 2491 1069 2540 conjunxi.
1097 2491 1177 2538 Qua
1196 2491 1234 2528 in
1265 2503 1304 2529 re
1327 2491 1416 2528 illud
1426 2492 1744 2531 animadversione
1768 2493 1923 2542 dignum
1950 2498 2008 2531 est

210 2548 367 2596 primum
385 2561 431 2587 ex
449 2550 583 2598 tribus,
604 2562 646 2588 eo
667 2551 778 2588 etiam
798 2555 1016 2599 argumento
1037 2550 1333 2599 antiquissimum
1352 2551 1501 2600 probari
1520 2564 1644 2602 posse,
1666 2553 1766 2601 quod
1783 2553 1883 2590 nulla
1902 2552 1941 2590 in
1962 2565 2006 2590 eo

209 2608 256 2644 de
274 2607 463 2658 Episcopis
481 2609 562 2647 Vll.
595 2609 887 2648 hebdomadariis
907 2609 1166 2647 Lateranensis
1188 2609 1368 2647 Basilicae
1390 2611 1530 2649 mentio
1547 2616 1606 2650 est
1633 2616 1718 2649 ante
1742 2613 1999 2662 septingentos

210 2678 328 2704 annos
351 2666 545 2715 institutis,
566 2670 633 2707 sed
651 2669 730 2707 loco
756 2681 881 2707 eorum
905 2668 1112 2718 presbyteri
1136 2673 1392 2706 recensentur.
1425 2670 1506 2707 Duo
1525 2682 1612 2708 vero
1635 2675 1837 2720 sequentes
1864 2671 2003 2709 ordinis

206 2725 367 2764 Romani
385 2726 498 2765 libelli
511 2727 614 2779 ipsos
625 2729 702 2779 jam
718 2729 950 2778 profitentur,
969 2739 1063 2777 quos
1083 2739 1196 2776 quum
1224 2732 1310 2765 ante
1335 2728 1441 2767 DCC.
1472 2741 1589 2768 annos
1615 2730 1731 2768 lectos
1756 2730 1874 2768 fuisse
1893 2730 2006 2769 dixe-

206 2785 286 2831 rim,
309 2785 462 2824 dubium
481 2799 555 2826 non
577 2793 634 2826 est
653 2794 739 2827 ante
752 2793 808 2827 tot
825 2792 972 2838 tempus
992 2798 1054 2824 eos
1068 2786 1213 2825 libellos
1233 2788 1341 2825 etiam
1357 2789 1524 2827 conditos
1544 2801 1640 2828 esse.
1655 2791 1778 2828 Meum
1789 2802 1835 2827 ex
1848 2790 1998 2828 duobus

206 2843 339 2883 libellis
367 2847 624 2885 concinnatum
642 2848 850 2886 Romanum
870 2848 1034 2885 ordinem
1055 2847 1220 2897 sequitur
1233 2847 1257 2873 *
1278 2848 1366 2885 ordo
1397 2848 1491 2887 alius
1524 2850 1599 2887 sive
1619 2849 1710 2887 liber
1732 2850 1874 2888 ritualis
1895 2851 1999 2889 anti-

207 2917 323 2953 quus,
349 2910 386 2944 et
410 2906 518 2956 paulo
546 2908 652 2957 plura
674 2920 784 2957 quam
803 2908 1042 2957 precedentes
1069 2906 1315 2956 complectens
1334 2919 1400 2957 per
1424 2909 1552 2947 eadem
1573 2914 1739 2959 tempora
1761 2910 1904 2958 editus,
1925 2923 1999 2960 quo

154 2996 157 2998 ,
206 2969 350 3013 praeter
379 2966 516 3005 Missae
544 2968 815 3014 caeremonias,
848 2967 962 3006 totius
995 2978 1142 3016 quoque
1173 2967 1260 3004 anni
1285 2967 1524 3006 festivitatum
1555 2973 1593 3007 et
1619 2969 1882 3007 solennitatum
1899 2970 1996 3009 ritus

206 3029 452 3073 exponuntur,
473 3030 515 3064 ut
534 3027 859 3077 Quadragesimae,
880 3027 1091 3071 Paschatis‚
1112 3027 1367 3075 Penteoestes,
1388 3028 1624 3066 Letaniarum
1644 3033 1681 3067 et
1706 3029 1896 3069 similium.

255 3098 275 3118 a
294 3084 361 3122 His
382 3085 484 3124 libris
504 3090 656 3136 propter
674 3087 881 3137 argumenti
900 3086 1177 3124 similitudinem
1196 3086 1348 3135 adjunxi
1365 3088 1464 3126 aliud
1483 3088 1593 3127 breve
1611 3089 1783 3127 volumen
1804 3090 1849 3127 de
1869 3090 1996 3127 ordine

205 3144 452 3192 processionis
470 3145 644 3196 Episcopi
663 3146 793 3184 diebus
813 3146 915 3185 festis
934 3146 981 3184 ad
1005 3146 1204 3184 Ecclesiam
1223 3147 1370 3195 quando
1396 3148 1592 3186 missarum
1621 3148 1788 3186 solennia
1811 3149 1995 3187 celebrare

207 3202 387 3251 solebant,
408 3204 460 3243 ita
479 3209 520 3244 ut
538 3205 586 3242 ab
600 3206 761 3256 antiquis
785 3206 951 3256 patribus
973 3204 1255 3243 occidentalium
1280 3205 1522 3245 Ecclesiarum
1549 3207 1756 3245 institutum
1783 3208 1863 3245 fuit.
1893 3208 1998 3254 Quod

206 3262 322 3301 simile
341 3264 539 3303 admodum
557 3269 616 3304 est
634 3266 801 3305 Romano
821 3265 950 3304 ordini.
972 3265 1067 3302 Post
1084 3265 1122 3301 id
1141 3264 1272 3314 scripsi
1297 3265 1409 3303 alium
1434 3267 1561 3304 incerti
1582 3268 1743 3305 auctoris
1770 3267 1932 3304 codicem
1951 3268 1997 3304 de

205 3321 325 3360 officio
348 3324 485 3363 missae
505 3325 597 3363 alias
616 3325 841 3375 Micrologus
862 3327 938 3365 sive
958 3328 1048 3366 ordo
1072 3327 1205 3365 missae
1230 3327 1433 3365 secundum
1461 3327 1649 3364 Romanos
1675 3326 1903 3375 inscriptum.
1926 3325 1996 3371 Qui

206 3392 428 3430 quamquam
444 3383 483 3420 in
500 3383 688 3434 plerisque
705 3386 976 3436 exemplaribus
996 3387 1134 3425 ordinis
1151 3387 1260 3425 etiam
1278 3387 1431 3424 Romani
1450 3398 1582 3424 nomen
1603 3386 1757 3432 habeat,
1778 3397 1851 3422 non
1871 3388 1995 3422 tamen

208 3439 372 3487 ejusdem
400 3443 545 3491 generis
578 3449 635 3482 est
665 3457 748 3483 cum
775 3446 1038 3496 superioribus.
1066 3447 1120 3484 Illi
1144 3447 1240 3484 enim
1254 3446 1402 3496 publica
1422 3446 1520 3484 sedis
1539 3444 1761 3494 apostolicae
1781 3443 1996 3482 auctoritate

207 3499 342 3536 exarati
364 3500 532 3540 videntur
553 3515 625 3541 nec
641 3504 739 3542 aliud
765 3518 874 3554 quam
899 3506 1101 3555 simplicem
1123 3506 1273 3551 rituum,
1295 3510 1331 3543 et
1351 3505 1659 3542 caeremoniarum
1680 3503 1937 3548 narrationem,
1958 3502 1995 3540 in

395 3595 429 3621 T.
459 3594 510 3620 111.
1775 3597 1792 3621 G

2076 2858 2089 2872 *
2119 2857 2199 2887 Hunc
2235 2859 2340 2887 librum

2037 2906 2124 2934 omisi
2137 2907 2214 2943 quod
2226 2907 2339 2944 integer

2037 2954 2067 2982 in
2078 2954 2263 2983 annotatione
2276 2963 2339 2983 cae-

2036 3001 2202 3030 remonialis
2242 3001 2327 3035 Censi

2036 3049 2123 3079 inest.
2161 3049 2248 3086 (Note
2300 3049 2339 3077 de

2035 3096 2208 3134 Panvinio.)
