2254 3944
350 393 394 428 12
969 390 1203 428 JOHANNIS
1234 390 1534 433 BURCHARDI,
1853 393 2012 434 [Janvier
2034 397 2127 437 1500]

353 499 538 543 tantum
566 499 614 542 et
637 510 734 541 non
760 494 1096 558 protonotarii,
1117 510 1282 542 versus
1307 510 1515 554 murum,
1543 496 1590 543 in
1614 497 1768 560 primo
1783 498 1910 556 loco,
1940 503 1986 546 et
2010 498 2131 546 mili-

351 583 448 626 tem
472 579 628 642 primo
653 578 957 627 nominatum
983 579 1031 626 in
1061 579 1292 627 secundo.
1330 580 1483 628 Credo
1514 585 1677 628 tamen
1708 582 1837 644 quod
1863 582 2030 629 fecerit
2059 582 2127 641 id,

349 663 566 711 locorum
612 662 830 710 ordinem
871 663 1116 726 ignorans.
1157 663 1353 711 Interim
1393 667 1449 711 D.
1487 665 1700 712 Justinus
1738 671 2020 728 prosecutus
2059 669 2130 713 est

350 746 762 806 commissionem,
793 763 887 810 qua
923 747 1161 810 expedita,
1201 747 1322 795 lecte
1364 748 1556 796 fuerunt
1588 749 1767 808 littere,
1795 765 1931 797 more
1970 750 2126 798 solito.

355 830 537 878 Deinde
565 831 806 878 secundus
837 834 1001 878 orator
1033 830 1146 879 fecit
1173 831 1467 891 orationem;
1508 832 1585 894 qui
1611 832 1745 879 valde
1772 849 1920 880 senex
1946 837 2048 880 erat
2084 837 2131 880 et

353 913 573 961 infirmus
601 918 649 962 et
677 914 966 977 loquebatur
998 914 1118 962 adeo
1143 929 1335 962 morose
1371 919 1418 975 et
1442 915 1567 962 lasse
1594 917 1722 978 quod
1745 932 1840 963 non
1866 916 2021 979 potuit
2046 931 2132 964 au-

354 998 444 1044 diri
469 1014 495 1045 a
533 998 723 1045 modice
755 999 955 1046 remotis
983 1003 1029 1045 et
1067 998 1376 1054 distantibus;
1418 999 1681 1047 nominavit
1717 1003 1895 1063 Papam
1932 1015 2134 1048 consan-

354 1081 580 1145 guineum
606 1081 733 1144 regis
755 1082 949 1130 :nescio
977 1082 1102 1128 unde
1128 1082 1638 1145 consanguinitasipsa
1658 1083 1960 1146 procederet.
1985 1086 2128 1146 Papa,

350 1166 399 1213 in
424 1165 760 1229 responsione,
790 1166 1041 1213 confessus
1082 1169 1153 1212 est
1186 1181 1235 1212 se
1274 1166 1687 1228 consanguineum
1713 1167 1840 1230 regis
1866 1183 1990 1224 esse,
2020 1167 2135 1214 sub-

350 1250 562 1313 jungens
589 1248 747 1296 divina
783 1248 1095 1312 dispositione
1132 1265 1219 1312 per
1255 1264 1429 1296 novum
1461 1249 1822 1297 matrimonium
1857 1249 2133 1313 hujusmodi

359 1332 826 1396 consanguinitatem
864 1348 970 1379 esse
1008 1336 1301 1380 renovatam.
1331 1332 1487 1381 Finita
1509 1333 1825 1395 responsione
1855 1336 1998 1396 Pape,
2029 1349 2138 1382 ora-

365 1422 493 1464 tores
517 1416 719 1480 predicti
747 1416 993 1464 redierunt
1017 1416 1077 1464 ad
1102 1419 1281 1480 Papam
1308 1420 1354 1464 et
1385 1417 1560 1465 iterum
1592 1417 1792 1465 osculati
1825 1421 1932 1464 sunt
1965 1417 2138 1480 pedem

363 1503 488 1564 Pape
515 1506 679 1564 preter
703 1501 1170 1560 consuetum,'socio
1195 1516 1304 1548 meo
1337 1501 1404 1548 sic
1437 1501 1705 1560 ordinante,
1740 1517 1823 1548 seu
1858 1504 1985 1564 Papa
2017 1500 2138 1550 torte

358 1585 578 1647 jubente.
610 1586 722 1631 Post
755 1599 837 1630 eos
854 1589 1183 1632 convenerunt
1206 1589 1304 1631 tres
1329 1584 1402 1631 vel
1432 1588 1638 1646 quatuor
1661 1585 1835 1632 milites
1860 1585 2055 1648 Hispani
2081 1585 2141 1632 ad

364 1667 582 1716 osculum
608 1666 743 1730 pedis
772 1668 898 1729 Pape
936 1683 1023 1730 pro
1049 1667 1254 1726 honore,
1283 1667 1394 1729 quia
1416 1667 1482 1714 illi
1507 1668 1601 1714 duo
1627 1671 1843 1715 oratores
1866 1668 2051 1715 nullum
2076 1668 2142 1716 fa—

363 1751 602 1798 miliarem
637 1750 912 1797 habuerunt
940 1767 949 1798 :
978 1750 1143 1797 nescio
1169 1750 1377 1812 quando,
1412 1766 1472 1797 an
1502 1750 1770 1814 pedestres,
1806 1766 1866 1798 an
1893 1755 2141 1813 equestres

363 1838 566 1882 Romam
590 1833 829 1892 venerint,
860 1833 970 1896 quia
990 1838 1103 1896 ante
1129 1833 1222 1882 hoc
1262 1833 1602 1882 consistorium
1640 1834 1823 1881 nullum
1860 1834 1947 1882 fuit
1969 1835 2036 1881 de
2074 1834 2142 1882 eis

364 1918 577 1966 auditum
603 1916 822 1965 verbum.
850 1917 1050 1964 Familia
1074 1920 1131 1964 D.
1163 1917 1403 1976 Lucretie,
1422 1917 1519 1964 filie
1547 1920 1692 1980 Pape,
1712 1917 1964 1966 associavit
1988 1917 2142 1966 dictos

366 2006 583 2050 oratores
607 2001 668 2049 ad
692 2016 859 2048 eorum
887 2000 1170 2064 hospitium,
1199 2000 1327 2062 quod
1352 2001 1534 2048 nescio.
1559 2003 1685 2063 Papa
1708 2000 1796 2048 fuit
1821 2001 1879 2047 ad
1904 2000 2143 2048 consisto-

366 2086 491 2133 rium
516 2085 789 2149 predictum
814 2084 863 2130 in
889 2084 1002 2131 sede
1029 2087 1245 2147 portatus
1280 2088 1325 2130 et
1347 2084 1395 2130 in
1420 2099 1476 2130 ea
1499 2083 1559 2130 ad
1584 2099 1827 2131 cameram
1849 2089 2138 2146 reportatus.

367 2172 494 2217 Uxor
520 2168 659 2216 lllmi.
690 2171 746 2216 D.
776 2168 911 2215 ducis
938 2167 1197 2226 Valentini,
1226 2167 1309 2213 filii
1341 2169 1484 2230 Pape,
1523 2167 1696 2215 dicitur
1720 2183 1825 2214 esse
1853 2182 1991 2214 soror
2015 2167 2143 2230 regis

367 2253 566 2317 predicti
592 2251 678 2318 (1);
707 2253 754 2299 in
779 2252 952 2299 litteris
980 2251 1197 2314 ejusdem
1223 2251 1350 2313 regis
1374 2255 1425 2299 ut
1449 2267 1591 2314 supra
1613 2250 1900 2313 presentatis
1917 2255 1963 2297 et
1987 2250 2140 2310 lectis,

366 2341 466 2384 erat
488 2336 764 2383 nominatus
790 2335 976 2399 primus
1005 2342 1166 2382 orator
1191 2335 1315 2397 regis
1351 2338 1404 2382 R.
1435 2335 1483 2381 in
1510 2334 1699 2382 Christo
1727 2336 1776 2381 P.
1806 2337 1863 2381 D.
1892 2318 2143 2380 Menaldus

364 2421 422 2467 de
447 2421 592 2478 Aura,
623 2419 880 2482 episcopus
903 2418 1195 2477 Tarbiensis,
1225 2433 1368 2480 quem
1395 2417 1617 2465 dixerunt
1641 2416 1901 2463 incurrisse
1940 2416 2144 2462 infirmi-

366 2507 531 2561 tatem,
560 2502 678 2549 etin
705 2502 778 2549 via
812 2501 1155 2565 permansisse.
1186 2501 1361 2548 Littere
1401 2500 1591 2548 fuerunt
1615 2498 1757 2564 (date)
1787 2499 1835 2545 in
1872 2498 2046 2562 oppido
2083 2499 2142 2547 (16

366 2589 513 2644 Fuxo,
539 2588 666 2633 XXII
694 2585 968 2633 novembris
997 2588 1137 2632 1499.

415 2748 448 2785 1.
471 2746 657 2783 Charlotte
675 2745 852 2790 d'Alhret,
875 2745 1005 2781 semme
1023 2745 1066 2781 de
1090 2744 1201 2781 Cesar
1218 2744 1366 2792 Borgia,
1390 2744 1476 2780 etait
1489 2755 1534 2780 en
1555 2743 1638 2780 effet
1657 2743 1691 2779 la
1705 2755 1803 2779 soeur
1819 2743 1862 2779 de
1881 2743 1985 2788 Jean,
2001 2744 2144 2780 devenu

365 2806 415 2842 roi
436 2806 480 2841 de
501 2806 658 2841 Navarre
679 2816 745 2852 par
768 2816 835 2840 son
853 2805 1011 2851 mariage
1032 2816 1120 2840 avec
1140 2803 1332 2839 Catherine
1354 2804 1397 2838 de
1418 2802 1519 2847 Foix,
1543 2814 1640 2838 soeur
1659 2805 1695 2837 et
1711 2801 1875 2837 heritiere
1890 2802 1932 2837 de
1951 2801 2140 2846 Francois-

365 2864 543 2908 Phoebus,
564 2863 709 2899 dernier
729 2862 781 2899 roi
802 2863 846 2898 de
864 2863 1038 2907 Navarre,
1059 2867 1152 2898 mort
1172 2874 1256 2897 sans
1277 2861 1463 2909 posterite.
1486 2861 1580 2908 Voy.
1599 2861 1640 2897 E.
1664 2860 1855 2905 Bonnaffe,
1875 2862 2079 2897 Inventaire
2098 2862 2141 2896 de

365 2926 401 2960 la
421 2925 591 2960 duchesse
607 2925 650 2960 de
669 2924 908 2966 Valentinois‚
927 2922 1105 2958 Glmrlotte
1119 2922 1295 2965 d’Atbret,
1311 2932 1394 2967 pag.
1413 2921 1470 2965 453
1491 2919 1627 2956 Grillon
1646 2920 1710 2956 des
1729 2919 1935 2967 Chapelles,
1954 2922 2141 2966 Esquisses

368 2983 662 3028 bioqraphiques,
684 2985 711 3017 t.
732 2982 778 3026 11,
800 2993 836 3028 p.
860 2982 905 3016 98
936 2985 972 3016 et
999 2980 1091 3017 suiv.
1113 2981 1262 3027 D'apres
1286 2991 1354 3015 une
1376 2979 1534 3027 depeche
1555 2980 1599 3015 dc
1627 2979 1796 3027 Cappello
1822 2982 1843 3015 a
1872 2979 1907 3016 la
1927 2979 2141 3027 Seigneurie

366 3042 409 3077 de
430 3042 613 3085 Florence‚
638 3043 659 3076 a
678 3040 713 3076 la
734 3041 816 3076 date
838 3039 886 3075 du
906 3041 953 3075 22
971 3039 1113 3087 jam-ier
1134 3040 1178 3074 de
1204 3043 1298 3075 cette
1319 3042 1432 3075 meme
1454 3042 1582 3084 annee,
1604 3039 1636 3074 16
1657 3039 1755 3086 Pape
1779 3038 1898 3075 aurait
1917 3042 2104 3087 emprunte
2121 3041 2141 3074 a

366 3112 452 3148 gros
472 3100 602 3149 interet
628 3099 813 3147 plusieurs
840 3098 990 3134 milliers
1019 3098 1062 3133 de
1090 3099 1217 3135 ducats
1247 3110 1335 3146 pour
1357 3099 1408 3135 les
1429 3098 1516 3134 frais
1541 3099 1585 3134 de
1606 3110 1746 3146 voyage
1769 3099 1813 3134 de
1835 3098 2017 3135 Charlotte
2040 3098 2142 3135 (1Ἀί-

366 3160 447 3196 bret
469 3159 554 3207 qu’il
575 3158 723 3195 desirait
746 3158 833 3194 faire
860 3157 962 3194 venir
981 3160 1002 3193 a
1023 3158 1150 3194 Rome.
1176 3172 1194 3191 «
1280 3159 1306 3193 11
1328 3158 1428 3206 Papa
1451 3159 1499 3194 ha
1518 3158 1606 3195 tollo
1630 3159 1676 3194 ad
1705 3157 1823 3204 questi
1847 3158 1883 3193 di
1909 3158 1955 3193 ad
1985 3161 2086 3194 costo
2106 3158 2142 3193 di

365 3219 473 3255 molte
493 3217 654 3266 migliaia
680 3217 717 3253 di
748 3216 869 3253 ducati
898 3228 962 3264 per
983 3217 1155 3253 mandare
1182 3217 1218 3252 in
1246 3217 1397 3253 Francia
1414 3230 1478 3265 per
1498 3218 1530 3253 16
1559 3229 1680 3266 spese,
1703 3217 1768 3253 che
1797 3216 1902 3252 vuole
1921 3215 2042 3252 chela
2063 3217 2139 3252 Du-

366 3279 498 3314 chessa
516 3277 635 3325 mogle
654 3276 711 3312 del
731 3276 964 3313 Valentinese
985 3288 1103 3323 venga
1136 3277 1178 3312 ad
1203 3277 1319 3312 Roma
1342 3288 1350 3312 z
1372 3289 1431 3312 ma
1451 3277 1544 3313 visto
1562 3277 1594 3313 le
1615 3287 1698 3312 cose
1718 3274 1807 3312 oltre
1827 3286 1849 3311 a
1868 3274 1979 3311 monti
2005 3275 2140 3311 andare

364 3339 402 3374 in
421 3336 527 3373 modo
547 3337 614 3372 che
634 3348 709 3372 non
725 3338 743 3371 ὲ
765 3346 873 3372 sanza
905 3340 1072 3383 sospecto
1087 3335 1151 3371 6116
1172 3335 1195 3370 li
1213 3335 1267 3371 sia
1286 3336 1468 3383 prohibito
1487 3336 1510 3371 il
1527 3335 1661 3380 venire,
1684 3335 1732 3370 ha
1750 3327 1915 3371 ordinato
1939 3334 2006 3370 che
2025 3334 2048 3369 il
2075 3334 2139 3370 da-

365 3396 466 3433 nario
484 3407 555 3432 non
577 3395 606 3431 si
627 3394 739 3443 paghi
760 3394 794 3430 di
812 3395 859 3440 la,
881 3395 1027 3442 quando
1046 3407 1132 3443 epsa
1153 3407 1224 3431 non
1248 3395 1301 3431 sia
1321 3395 1470 3433 lasoiata
1492 3395 1626 3432 venire.
1650 3395 1674 3431 ll
1698 3395 1777 3440 6116,
1799 3394 1945 3442 quando
1966 3393 2138 3441 seguissi,

367 3456 450 3492 sisa
469 3454 606 3503 judicio
627 3455 694 3490 che
721 3453 811 3490 l'ussi
843 3454 1033 3491 manifesto
1059 3466 1172 3502 segno
1200 3455 1235 3490 di
1257 3466 1330 3490 una
1356 3455 1449 3491 mala
1477 3454 1733 3502 dispositione,
1755 3457 1790 3489 et
1817 3452 1910 3489 malo
1934 3452 2054 3489 animo
2083 3450 2141 3488 del

367 3513 678 3552 Christianissimo
694 3516 820 3550 contro
835 3513 867 3549 al
885 3514 983 3561 Papa
999 3518 1034 3550 et
1051 3518 1176 3550 contro
1191 3513 1224 3550 al
1246 3515 1390 3552 Duca...
1415 3529 1434 3548 »
1457 3514 1569 3562 (Clas.
1591 3514 1638 3561 X,
1654 3512 1738 3549 dist.
1759 3513 1796 3557 2,
1813 3511 1894 3548 filza
1909 3511 1966 3556 49,
1983 3522 2044 3547 ac.
2066 3501 2141 3546 35.)
