<?xml version="1.0" encoding="UTF-8"?>
<!DOCTYPE html PUBLIC "-//W3C//DTD XHTML 1.0 Transitional//EN"
    "http://www.w3.org/TR/xhtml1/DTD/xhtml1-transitional.dtd">
<html xmlns="http://www.w3.org/1999/xhtml" xml:lang="en" lang="en">
 <head>
  <title>
</title>
<meta http-equiv="Content-Type" content="text/html;charset=utf-8" />
  <meta name='ocr-system' content='tesseract 3.04.00' />
  <meta name='ocr-capabilities' content='ocr_page ocr_carea ocr_par ocr_line ocrx_word'/>
</head>
<body>
  <div class='ocr_page' id='page_1' title='image "./diariumsivererum03burcuoft_0311.png"; bbox 0 0 2228 3938; ppageno 0'>
   <div class='ocr_carea' id='block_1_1' title="bbox 190 413 1970 458">
    <p class='ocr_par' dir='ltr' id='par_1_1' title="bbox 190 413 1970 458">
     <span class='ocr_line' id='line_1_1' title="bbox 190 413 1970 458; baseline 0.002 -8"><span class='ocrx_word' id='word_1_1' title='bbox 190 415 346 458; x_wconf 72' lang='lat' dir='ltr'>[sanvier</span> <span class='ocrx_word' id='word_1_2' title='bbox 365 417 457 458; x_wconf 78' lang='lat'>¹503]</span> <span class='ocrx_word' id='word_1_3' title='bbox 619 414 789 453; x_wconf 82' lang='lat' dir='ltr'>RERUM</span> <span class='ocrx_word' id='word_1_4' title='bbox 823 413 1126 453; x_wconf 80' lang='lat' dir='ltr'><strong>URBANARUM</strong></span> <span class='ocrx_word' id='word_1_5' title='bbox 1155 413 1507 452; x_wconf 85' lang='lat' dir='ltr'><strong>COMMENTARII.</strong></span> <span class='ocrx_word' id='word_1_6' title='bbox 1899 418 1970 454; x_wconf 81' lang='lat'>229</span> 
     </span>
    </p>
   </div>
   <div class='ocr_carea' id='block_1_2' title="bbox 163 517 1971 3009">
    <p class='ocr_par' dir='ltr' id='par_1_2' title="bbox 163 517 1971 1504">
     <span class='ocr_line' id='line_1_2' title="bbox 186 517 1967 583; baseline -0.002 -14"><span class='ocrx_word' id='word_1_7' title='bbox 186 521 364 569; x_wconf 78' lang='lat' dir='ltr'>Habuit</span> <span class='ocrx_word' id='word_1_8' title='bbox 406 525 519 571; x_wconf 85' lang='lat' dir='ltr'>ante</span> <span class='ocrx_word' id='word_1_9' title='bbox 564 535 615 569; x_wconf 87' lang='lat' dir='ltr'>se</span> <span class='ocrx_word' id='word_1_10' title='bbox 654 517 899 583; x_wconf 80' lang='lat' dir='ltr'>pulpitum</span> <span class='ocrx_word' id='word_1_11' title='bbox 937 531 1195 565; x_wconf 86' lang='lat' dir='ltr'>commune</span> <span class='ocrx_word' id='word_1_12' title='bbox 1234 531 1346 565; x_wconf 88' lang='lat' dir='ltr'>cum</span> <span class='ocrx_word' id='word_1_13' title='bbox 1384 532 1545 580; x_wconf 90' lang='lat' dir='ltr'>panno</span> <span class='ocrx_word' id='word_1_14' title='bbox 1590 521 1638 566; x_wconf 89' lang='lat' dir='ltr'>et</span> <span class='ocrx_word' id='word_1_15' title='bbox 1671 517 1866 567; x_wconf 91' lang='lat' dir='ltr'>cussino</span> <span class='ocrx_word' id='word_1_16' title='bbox 1910 519 1967 566; x_wconf 91' lang='lat' dir='ltr'>de</span> 
     </span>
     <span class='ocr_line' id='line_1_3' title="bbox 183 600 1968 669; baseline -0.001 -17"><span class='ocrx_word' id='word_1_17' title='bbox 183 603 472 664; x_wconf 88' lang='lat' dir='ltr'>brocchato,</span> <span class='ocrx_word' id='word_1_18' title='bbox 515 605 576 653; x_wconf 93' lang='lat' dir='ltr'>ad</span> <span class='ocrx_word' id='word_1_19' title='bbox 621 600 1081 669; x_wconf 80' lang='lat' dir='ltr'>genuflectendum:</span> <span class='ocrx_word' id='word_1_20' title='bbox 1134 604 1244 664; x_wconf 86' lang='lat' dir='ltr'>post</span> <span class='ocrx_word' id='word_1_21' title='bbox 1292 616 1405 649; x_wconf 91' lang='lat' dir='ltr'>eum</span> <span class='ocrx_word' id='word_1_22' title='bbox 1452 601 1514 649; x_wconf 85' lang='lat' dir='ltr'>ad</span> <span class='ocrx_word' id='word_1_23' title='bbox 1563 600 1774 665; x_wconf 91' lang='lat' dir='ltr'>spatium</span> <span class='ocrx_word' id='word_1_24' title='bbox 1824 602 1968 650; x_wconf 91' lang='lat' dir='ltr'>unius</span> 
     </span>
     <span class='ocr_line' id='line_1_4' title="bbox 188 683 1970 749; baseline -0.002 -13"><span class='ocrx_word' id='word_1_25' title='bbox 188 704 341 737; x_wconf 80' lang='lat' dir='ltr'>caune</span> <span class='ocrx_word' id='word_1_26' title='bbox 366 689 413 737; x_wconf 91' lang='lat' dir='ltr'>in</span> <span class='ocrx_word' id='word_1_27' title='bbox 439 687 610 737; x_wconf 87' lang='lat' dir='ltr'>eodem</span> <span class='ocrx_word' id='word_1_28' title='bbox 642 699 840 735; x_wconf 90' lang='lat' dir='ltr'>scamno</span> <span class='ocrx_word' id='word_1_29' title='bbox 867 686 915 731; x_wconf 90' lang='lat' dir='ltr'>et</span> <span class='ocrx_word' id='word_1_30' title='bbox 939 683 1035 731; x_wconf 83' lang='lat' dir='ltr'>alio</span> <span class='ocrx_word' id='word_1_31' title='bbox 1061 683 1205 731; x_wconf 83' lang='lat' dir='ltr'>simili</span> <span class='ocrx_word' id='word_1_32' title='bbox 1236 684 1551 732; x_wconf 87' lang='lat' dir='ltr'>transversali</span> <span class='ocrx_word' id='word_1_33' title='bbox 1584 685 1816 733; x_wconf 91' lang='lat' dir='ltr'>sederunt</span> <span class='ocrx_word' id='word_1_34' title='bbox 1846 685 1970 749; x_wconf 93' lang='lat' dir='ltr'>epis-</span> 
     </span>
     <span class='ocr_line' id='line_1_5' title="bbox 163 767 1965 836; baseline -0.003 -16"><span class='ocrx_word' id='word_1_35' title='bbox 163 830 166 833; x_wconf 32' lang='lat'>·</span> <span class='ocrx_word' id='word_1_36' title='bbox 188 772 298 836; x_wconf 91' lang='lat' dir='ltr'>copi</span> <span class='ocrx_word' id='word_1_37' title='bbox 326 767 588 820; x_wconf 83' lang='lat' dir='ltr'>Suanensis</span> <span class='ocrx_word' id='word_1_38' title='bbox 614 773 662 818; x_wconf 88' lang='lat' dir='ltr'>et</span> <span class='ocrx_word' id='word_1_39' title='bbox 688 767 1051 832; x_wconf 85' lang='lat' dir='ltr'>Bisignanensis</span> <span class='ocrx_word' id='word_1_40' title='bbox 1075 783 1132 815; x_wconf 89' lang='lat' dir='ltr'>ac</span> <span class='ocrx_word' id='word_1_41' title='bbox 1158 770 1214 816; x_wconf 90' lang='lat' dir='ltr'>D.</span> <span class='ocrx_word' id='word_1_42' title='bbox 1246 767 1520 816; x_wconf 83' lang='lat' dir='ltr'>Alexander</span> <span class='ocrx_word' id='word_1_43' title='bbox 1547 768 1965 832; x_wconf 88' lang='lat' dir='ltr'>prothonotarius,</span> 
     </span>
     <span class='ocr_line' id='line_1_6' title="bbox 187 850 1968 914; baseline -0.002 -13"><span class='ocrx_word' id='word_1_44' title='bbox 187 853 340 903; x_wconf 80' lang='lat' dir='ltr'>frater</span> <span class='ocrx_word' id='word_1_45' title='bbox 386 854 508 903; x_wconf 87' lang='lat' dir='ltr'>Rmi.</span> <span class='ocrx_word' id='word_1_46' title='bbox 553 856 608 902; x_wconf 89' lang='lat' dir='ltr'>D.</span> <span class='ocrx_word' id='word_1_47' title='bbox 649 851 910 902; x_wconf 87' lang='lat' dir='ltr'>cardinalis</span> <span class='ocrx_word' id='word_1_48' title='bbox 953 867 991 899; x_wconf 93' lang='lat' dir='ltr'>s.</span> <span class='ocrx_word' id='word_1_49' title='bbox 1035 850 1254 899; x_wconf 80' lang='lat' dir='ltr'>Severini</span> <span class='ocrx_word' id='word_1_50' title='bbox 1288 866 1387 898; x_wconf 91' lang='lat' dir='ltr'>non</span> <span class='ocrx_word' id='word_1_51' title='bbox 1427 850 1570 914; x_wconf 88' lang='lat' dir='ltr'>longe</span> <span class='ocrx_word' id='word_1_52' title='bbox 1615 850 1727 899; x_wconf 91' lang='lat' dir='ltr'>inde</span> <span class='ocrx_word' id='word_1_53' title='bbox 1767 850 1816 898; x_wconf 94' lang='lat' dir='ltr'>in</span> <span class='ocrx_word' id='word_1_54' title='bbox 1849 866 1968 899; x_wconf 89' lang='lat' dir='ltr'>nave</span> 
     </span>
     <span class='ocr_line' id='line_1_7' title="bbox 188 933 1968 1002; baseline -0.003 -17"><span class='ocrx_word' id='word_1_55' title='bbox 188 938 365 997; x_wconf 87' lang='lat' dir='ltr'>media,</span> <span class='ocrx_word' id='word_1_56' title='bbox 403 939 538 1002; x_wconf 83' lang='lat' dir='ltr'>juxta</span> <span class='ocrx_word' id='word_1_57' title='bbox 578 937 827 986; x_wconf 88' lang='lat' dir='ltr'>columnas</span> <span class='ocrx_word' id='word_1_58' title='bbox 872 935 922 982; x_wconf 93' lang='lat' dir='ltr'>in</span> <span class='ocrx_word' id='word_1_59' title='bbox 969 935 1179 983; x_wconf 89' lang='lat' dir='ltr'>scamnis</span> <span class='ocrx_word' id='word_1_60' title='bbox 1224 934 1404 998; x_wconf 86' lang='lat' dir='ltr'>paratis</span> <span class='ocrx_word' id='word_1_61' title='bbox 1451 934 1687 981; x_wconf 90' lang='lat' dir='ltr'>sederunt</span> <span class='ocrx_word' id='word_1_62' title='bbox 1732 933 1968 997; x_wconf 90' lang='lat' dir='ltr'>capellani</span> 
     </span>
     <span class='ocr_line' id='line_1_8' title="bbox 186 1016 1968 1085; baseline -0.003 -16"><span class='ocrx_word' id='word_1_63' title='bbox 186 1021 404 1085; x_wconf 88' lang='lat' dir='ltr'>ejusdem</span> <span class='ocrx_word' id='word_1_64' title='bbox 430 1019 553 1069; x_wconf 89' lang='lat' dir='ltr'>Rmi.</span> <span class='ocrx_word' id='word_1_65' title='bbox 581 1023 638 1069; x_wconf 88' lang='lat' dir='ltr'>D.</span> <span class='ocrx_word' id='word_1_66' title='bbox 666 1018 959 1069; x_wconf 87' lang='lat' dir='ltr'>cardinalis:</span> <span class='ocrx_word' id='word_1_67' title='bbox 988 1017 1152 1065; x_wconf 91' lang='lat' dir='ltr'>omnia</span> <span class='ocrx_word' id='word_1_68' title='bbox 1181 1018 1305 1066; x_wconf 88' lang='lat' dir='ltr'>bene</span> <span class='ocrx_word' id='word_1_69' title='bbox 1330 1017 1573 1076; x_wconf 83' lang='lat' dir='ltr'>fecerunt,</span> <span class='ocrx_word' id='word_1_70' title='bbox 1605 1019 1815 1080; x_wconf 84' lang='lat' dir='ltr'>excepto</span> <span class='ocrx_word' id='word_1_71' title='bbox 1840 1016 1968 1079; x_wconf 89' lang='lat' dir='ltr'>quod</span> 
     </span>
     <span class='ocr_line' id='line_1_9' title="bbox 188 1100 1969 1167; baseline -0.003 -14"><span class='ocrx_word' id='word_1_72' title='bbox 188 1108 299 1153; x_wconf 84' lang='lat' dir='ltr'>ante</span> <span class='ocrx_word' id='word_1_73' title='bbox 326 1105 580 1154; x_wconf 85' lang='lat' dir='ltr'>introitum</span> <span class='ocrx_word' id='word_1_74' title='bbox 608 1104 755 1152; x_wconf 89' lang='lat' dir='ltr'>misse</span> <span class='ocrx_word' id='word_1_75' title='bbox 780 1118 868 1167; x_wconf 87' lang='lat' dir='ltr'>per</span> <span class='ocrx_word' id='word_1_76' title='bbox 897 1102 1227 1150; x_wconf 80' lang='lat' dir='ltr'>celebrantem</span> <span class='ocrx_word' id='word_1_77' title='bbox 1263 1101 1463 1160; x_wconf 85' lang='lat' dir='ltr'>dictum,</span> <span class='ocrx_word' id='word_1_78' title='bbox 1498 1117 1598 1149; x_wconf 91' lang='lat' dir='ltr'>non</span> <span class='ocrx_word' id='word_1_79' title='bbox 1624 1101 1715 1149; x_wconf 85' lang='lat' dir='ltr'>suit</span> <span class='ocrx_word' id='word_1_80' title='bbox 1746 1100 1969 1148; x_wconf 90' lang='lat' dir='ltr'>incensa-</span> 
     </span>
     <span class='ocr_line' id='line_1_10' title="bbox 185 1184 1971 1252; baseline -0.003 -15"><span class='ocrx_word' id='word_1_81' title='bbox 185 1193 289 1236; x_wconf 85' lang='lat' dir='ltr'>tum</span> <span class='ocrx_word' id='word_1_82' title='bbox 316 1188 472 1236; x_wconf 88' lang='lat' dir='ltr'>altare</span> <span class='ocrx_word' id='word_1_83' title='bbox 497 1188 611 1252; x_wconf 91' lang='lat' dir='ltr'>quia</span> <span class='ocrx_word' id='word_1_84' title='bbox 630 1203 729 1236; x_wconf 92' lang='lat' dir='ltr'>non</span> <span class='ocrx_word' id='word_1_85' title='bbox 754 1191 860 1235; x_wconf 81' lang='lat' dir='ltr'>erat</span> <span class='ocrx_word' id='word_1_86' title='bbox 885 1188 1084 1250; x_wconf 88' lang='lat' dir='ltr'>paratus</span> <span class='ocrx_word' id='word_1_87' title='bbox 1106 1185 1231 1249; x_wconf 88' lang='lat' dir='ltr'>ignis</span> <span class='ocrx_word' id='word_1_88' title='bbox 1252 1200 1399 1248; x_wconf 90' lang='lat' dir='ltr'>quem</span> <span class='ocrx_word' id='word_1_89' title='bbox 1421 1184 1777 1248; x_wconf 87' lang='lat' dir='ltr'>aliquantulum</span> <span class='ocrx_word' id='word_1_90' title='bbox 1799 1199 1971 1247; x_wconf 86' lang='lat' dir='ltr'>expec-</span> 
     </span>
     <span class='ocr_line' id='line_1_11' title="bbox 187 1267 1971 1328; baseline -0.003 -8"><span class='ocrx_word' id='word_1_91' title='bbox 187 1272 410 1320; x_wconf 88' lang='lat' dir='ltr'>tavimus.</span> <span class='ocrx_word' id='word_1_92' title='bbox 440 1272 578 1321; x_wconf 85' lang='lat' dir='ltr'>Dicta</span> <span class='ocrx_word' id='word_1_93' title='bbox 601 1272 688 1320; x_wconf 86' lang='lat' dir='ltr'>fuit</span> <span class='ocrx_word' id='word_1_94' title='bbox 717 1274 905 1320; x_wconf 85' lang='lat' dir='ltr'>tantum</span> <span class='ocrx_word' id='word_1_95' title='bbox 934 1286 1030 1319; x_wconf 88' lang='lat' dir='ltr'>una</span> <span class='ocrx_word' id='word_1_96' title='bbox 1053 1269 1243 1328; x_wconf 89' lang='lat' dir='ltr'>oratio;</span> <span class='ocrx_word' id='word_1_97' title='bbox 1269 1272 1317 1317; x_wconf 91' lang='lat' dir='ltr'>et</span> <span class='ocrx_word' id='word_1_98' title='bbox 1342 1268 1437 1316; x_wconf 87' lang='lat' dir='ltr'>alia</span> <span class='ocrx_word' id='word_1_99' title='bbox 1475 1284 1613 1316; x_wconf 90' lang='lat' dir='ltr'>more</span> <span class='ocrx_word' id='word_1_100' title='bbox 1655 1267 1816 1317; x_wconf 89' lang='lat' dir='ltr'>solito.</span> <span class='ocrx_word' id='word_1_101' title='bbox 1852 1269 1971 1316; x_wconf 88' lang='lat' dir='ltr'>Can-</span> 
     </span>
     <span class='ocr_line' id='line_1_12' title="bbox 186 1351 1970 1420; baseline -0.003 -16"><span class='ocrx_word' id='word_1_102' title='bbox 186 1359 320 1404; x_wconf 88' lang='lat' dir='ltr'>tores</span> <span class='ocrx_word' id='word_1_103' title='bbox 347 1359 474 1420; x_wconf 89' lang='lat' dir='ltr'>Pape</span> <span class='ocrx_word' id='word_1_104' title='bbox 504 1359 764 1404; x_wconf 85' lang='lat' dir='ltr'>cantarunt</span> <span class='ocrx_word' id='word_1_105' title='bbox 796 1354 1010 1414; x_wconf 88' lang='lat' dir='ltr'>missam,</span> <span class='ocrx_word' id='word_1_106' title='bbox 1048 1354 1129 1418; x_wconf 92' lang='lat' dir='ltr'>qui</span> <span class='ocrx_word' id='word_1_107' title='bbox 1167 1353 1388 1401; x_wconf 86' lang='lat' dir='ltr'>fecerunt</span> <span class='ocrx_word' id='word_1_108' title='bbox 1421 1352 1596 1401; x_wconf 91' lang='lat' dir='ltr'>deinde</span> <span class='ocrx_word' id='word_1_109' title='bbox 1630 1351 1888 1416; x_wconf 86' lang='lat' dir='ltr'>prandium</span> <span class='ocrx_word' id='word_1_110' title='bbox 1922 1352 1970 1400; x_wconf 90' lang='lat' dir='ltr'>in</span> 
     </span>
     <span class='ocr_line' id='line_1_13' title="bbox 186 1436 1966 1504; baseline -0.002 -18"><span class='ocrx_word' id='word_1_111' title='bbox 186 1439 412 1503; x_wconf 85' lang='lat' dir='ltr'>hospitali</span> <span class='ocrx_word' id='word_1_112' title='bbox 438 1440 675 1504; x_wconf 78' lang='lat' dir='ltr'>predicte,</span> <span class='ocrx_word' id='word_1_113' title='bbox 704 1443 753 1488; x_wconf 89' lang='lat' dir='ltr'>et</span> <span class='ocrx_word' id='word_1_114' title='bbox 776 1454 865 1488; x_wconf 91' lang='lat' dir='ltr'>nos</span> <span class='ocrx_word' id='word_1_115' title='bbox 889 1438 1116 1498; x_wconf 89' lang='lat' dir='ltr'>ministri,</span> <span class='ocrx_word' id='word_1_116' title='bbox 1144 1453 1253 1486; x_wconf 86' lang='lat' dir='ltr'>cum</span> <span class='ocrx_word' id='word_1_117' title='bbox 1279 1437 1579 1496; x_wconf 80' lang='lat' dir='ltr'>celebrante,</span> <span class='ocrx_word' id='word_1_118' title='bbox 1614 1437 1661 1484; x_wconf 86' lang='lat' dir='ltr'>in</span> <span class='ocrx_word' id='word_1_119' title='bbox 1688 1436 1834 1484; x_wconf 90' lang='lat' dir='ltr'>domo</span> <span class='ocrx_word' id='word_1_120' title='bbox 1861 1452 1966 1484; x_wconf 84' lang='lat' dir='ltr'>sua.</span> 
     </span>
    </p>

    <p class='ocr_par' dir='ltr' id='par_1_3' title="bbox 189 1520 1969 1670">
     <span class='ocr_line' id='line_1_14' title="bbox 253 1520 1969 1583; baseline -0.002 -11"><span class='ocrx_word' id='word_1_121' title='bbox 253 1523 395 1572; x_wconf 88' lang='lat' dir='ltr'>Feria</span> <span class='ocrx_word' id='word_1_122' title='bbox 435 1529 586 1583; x_wconf 84' lang='lat' dir='ltr'>sexta,</span> <span class='ocrx_word' id='word_1_123' title='bbox 624 1527 684 1573; x_wconf 87' lang='lat'>30</span> <span class='ocrx_word' id='word_1_124' title='bbox 724 1523 840 1572; x_wconf 88' lang='lat' dir='ltr'>dicti</span> <span class='ocrx_word' id='word_1_125' title='bbox 871 1523 1053 1572; x_wconf 83' lang='lat' dir='ltr'>mensis</span> <span class='ocrx_word' id='word_1_126' title='bbox 1083 1521 1377 1579; x_wconf 82' lang='lat' dir='ltr'>decembris,</span> <span class='ocrx_word' id='word_1_127' title='bbox 1419 1521 1509 1569; x_wconf 89' lang='lat' dir='ltr'>fuit</span> <span class='ocrx_word' id='word_1_128' title='bbox 1545 1521 1650 1569; x_wconf 90' lang='lat' dir='ltr'>dies</span> <span class='ocrx_word' id='word_1_129' title='bbox 1690 1520 1821 1569; x_wconf 87' lang='lat' dir='ltr'>clara</span> <span class='ocrx_word' id='word_1_130' title='bbox 1857 1536 1969 1569; x_wconf 92' lang='lat' dir='ltr'>cum</span> 
     </span>
     <span class='ocr_line' id='line_1_15' title="bbox 189 1608 590 1670; baseline 0 -15"><span class='ocrx_word' id='word_1_131' title='bbox 189 1611 332 1656; x_wconf 87' lang='lat' dir='ltr'>nocte</span> <span class='ocrx_word' id='word_1_132' title='bbox 353 1608 590 1670; x_wconf 83' lang='lat' dir='ltr'>sequenti.</span> 
     </span>
    </p>

    <p class='ocr_par' dir='ltr' id='par_1_4' title="bbox 187 1690 1971 1921">
     <span class='ocr_line' id='line_1_16' title="bbox 255 1690 1971 1753; baseline -0.001 -14"><span class='ocrx_word' id='word_1_133' title='bbox 255 1691 486 1749; x_wconf 86' lang='lat' dir='ltr'>Sabbato,</span> <span class='ocrx_word' id='word_1_134' title='bbox 529 1695 582 1740; x_wconf 91' lang='lat'>31</span> <span class='ocrx_word' id='word_1_135' title='bbox 623 1691 916 1750; x_wconf 89' lang='lat' dir='ltr'>decembris,</span> <span class='ocrx_word' id='word_1_136' title='bbox 954 1691 1042 1739; x_wconf 85' lang='lat' dir='ltr'>suit</span> <span class='ocrx_word' id='word_1_137' title='bbox 1079 1690 1183 1738; x_wconf 89' lang='lat' dir='ltr'>dies</span> <span class='ocrx_word' id='word_1_138' title='bbox 1221 1690 1391 1738; x_wconf 86' lang='lat' dir='ltr'>clara:</span> <span class='ocrx_word' id='word_1_139' title='bbox 1421 1691 1618 1738; x_wconf 88' lang='lat' dir='ltr'>fuerunt</span> <span class='ocrx_word' id='word_1_140' title='bbox 1649 1705 1847 1753; x_wconf 87' lang='lat' dir='ltr'>vespere</span> <span class='ocrx_word' id='word_1_141' title='bbox 1890 1705 1971 1753; x_wconf 87' lang='lat' dir='ltr'>pa-</span> 
     </span>
     <span class='ocr_line' id='line_1_17' title="bbox 188 1773 1969 1839; baseline 0 -18"><span class='ocrx_word' id='word_1_142' title='bbox 188 1773 324 1836; x_wconf 88' lang='lat' dir='ltr'>pales</span> <span class='ocrx_word' id='word_1_143' title='bbox 347 1773 397 1821; x_wconf 93' lang='lat' dir='ltr'>in</span> <span class='ocrx_word' id='word_1_144' title='bbox 422 1774 607 1838; x_wconf 87' lang='lat' dir='ltr'>capella</span> <span class='ocrx_word' id='word_1_145' title='bbox 638 1774 825 1838; x_wconf 89' lang='lat' dir='ltr'>majore</span> <span class='ocrx_word' id='word_1_146' title='bbox 859 1773 1042 1838; x_wconf 85' lang='lat' dir='ltr'>palatii,</span> <span class='ocrx_word' id='word_1_147' title='bbox 1080 1777 1214 1838; x_wconf 89' lang='lat' dir='ltr'>Papa</span> <span class='ocrx_word' id='word_1_148' title='bbox 1239 1778 1481 1839; x_wconf 87' lang='lat' dir='ltr'>presente.</span> <span class='ocrx_word' id='word_1_149' title='bbox 1524 1775 1574 1821; x_wconf 91' lang='lat' dir='ltr'>ln</span> <span class='ocrx_word' id='word_1_150' title='bbox 1601 1788 1713 1821; x_wconf 89' lang='lat' dir='ltr'>sero</span> <span class='ocrx_word' id='word_1_151' title='bbox 1753 1776 1802 1822; x_wconf 84' lang='lat' dir='ltr'>et</span> <span class='ocrx_word' id='word_1_152' title='bbox 1824 1776 1969 1822; x_wconf 90' lang='lat' dir='ltr'>nocte</span> 
     </span>
     <span class='ocr_line' id='line_1_18' title="bbox 187 1857 1224 1921; baseline 0.003 -18"><span class='ocrx_word' id='word_1_153' title='bbox 187 1860 440 1920; x_wconf 87' lang='lat' dir='ltr'>sequente,</span> <span class='ocrx_word' id='word_1_154' title='bbox 467 1857 557 1906; x_wconf 88' lang='lat' dir='ltr'>fuit</span> <span class='ocrx_word' id='word_1_155' title='bbox 581 1862 770 1921; x_wconf 83' lang='lat' dir='ltr'>tempus</span> <span class='ocrx_word' id='word_1_156' title='bbox 794 1857 1224 1921; x_wconf 87' lang='lat' dir='ltr'>pluviosissimum.</span> 
     </span>
    </p>

    <p class='ocr_par' dir='ltr' id='par_1_5' title="bbox 185 1940 1971 2509">
     <span class='ocr_line' id='line_1_19' title="bbox 253 1940 1971 2004; baseline 0.001 -17"><span class='ocrx_word' id='word_1_157' title='bbox 253 1940 524 2001; x_wconf 90' lang='lat' dir='ltr'>Dominica,</span> <span class='ocrx_word' id='word_1_158' title='bbox 561 1944 579 1988; x_wconf 91' lang='lat'><strong>1</strong></span> <span class='ocrx_word' id='word_1_159' title='bbox 613 1941 794 1989; x_wconf 91' lang='lat' dir='ltr'>mensis</span> <span class='ocrx_word' id='word_1_160' title='bbox 817 1940 1045 2004; x_wconf 88' lang='lat' dir='ltr'>januarii,</span> <span class='ocrx_word' id='word_1_161' title='bbox 1074 1941 1197 1989; x_wconf 88' lang='lat' dir='ltr'>festo</span> <span class='ocrx_word' id='word_1_162' title='bbox 1225 1941 1612 1990; x_wconf 86' lang='lat' dir='ltr'>circumcisionis</span> <span class='ocrx_word' id='word_1_163' title='bbox 1638 1940 1834 1989; x_wconf 89' lang='lat' dir='ltr'>Domini</span> <span class='ocrx_word' id='word_1_164' title='bbox 1855 1956 1971 1989; x_wconf 91' lang='lat' dir='ltr'>nos-</span> 
     </span>
     <span class='ocr_line' id='line_1_20' title="bbox 189 2023 1968 2089; baseline -0.001 -16"><span class='ocrx_word' id='word_1_165' title='bbox 189 2023 253 2073; x_wconf 87' lang='lat' dir='ltr'>tri</span> <span class='ocrx_word' id='word_1_166' title='bbox 279 2027 393 2072; x_wconf 87' lang='lat' dir='ltr'>Jesu</span> <span class='ocrx_word' id='word_1_167' title='bbox 429 2023 619 2083; x_wconf 84' lang='lat' dir='ltr'>Christi,</span> <span class='ocrx_word' id='word_1_168' title='bbox 654 2027 786 2088; x_wconf 89' lang='lat' dir='ltr'>Papa</span> <span class='ocrx_word' id='word_1_169' title='bbox 816 2023 948 2071; x_wconf 89' lang='lat' dir='ltr'>venit</span> <span class='ocrx_word' id='word_1_170' title='bbox 984 2024 1044 2072; x_wconf 92' lang='lat' dir='ltr'>ad</span> <span class='ocrx_word' id='word_1_171' title='bbox 1077 2024 1315 2089; x_wconf 90' lang='lat' dir='ltr'>capellam</span> <span class='ocrx_word' id='word_1_172' title='bbox 1352 2025 1642 2089; x_wconf 85' lang='lat' dir='ltr'>predictam,</span> <span class='ocrx_word' id='word_1_173' title='bbox 1677 2025 1738 2072; x_wconf 90' lang='lat' dir='ltr'>ad</span> <span class='ocrx_word' id='word_1_174' title='bbox 1769 2023 1968 2072; x_wconf 88' lang='lat' dir='ltr'>missam</span> 
     </span>
     <span class='ocr_line' id='line_1_21' title="bbox 190 2107 1969 2172; baseline 0 -17"><span class='ocrx_word' id='word_1_175' title='bbox 190 2107 480 2167; x_wconf 89' lang='lat' dir='ltr'>solemnem,</span> <span class='ocrx_word' id='word_1_176' title='bbox 513 2123 659 2172; x_wconf 91' lang='lat' dir='ltr'>quam</span> <span class='ocrx_word' id='word_1_177' title='bbox 694 2107 954 2156; x_wconf 87' lang='lat' dir='ltr'>celebravit</span> <span class='ocrx_word' id='word_1_178' title='bbox 988 2110 1155 2156; x_wconf 82' lang='lat' dir='ltr'>Rmus.</span> <span class='ocrx_word' id='word_1_179' title='bbox 1194 2111 1250 2157; x_wconf 90' lang='lat' dir='ltr'>D.</span> <span class='ocrx_word' id='word_1_180' title='bbox 1279 2109 1538 2157; x_wconf 88' lang='lat' dir='ltr'>cardinalis</span> <span class='ocrx_word' id='word_1_181' title='bbox 1579 2109 1800 2158; x_wconf 90' lang='lat' dir='ltr'>Ursinus.</span> <span class='ocrx_word' id='word_1_182' title='bbox 1840 2107 1969 2156; x_wconf 88' lang='lat' dir='ltr'>Infra</span> 
     </span>
     <span class='ocr_line' id='line_1_22' title="bbox 189 2191 1971 2258; baseline 0 -19"><span class='ocrx_word' id='word_1_183' title='bbox 189 2191 407 2251; x_wconf 87' lang='lat' dir='ltr'>missam,</span> <span class='ocrx_word' id='word_1_184' title='bbox 436 2192 593 2240; x_wconf 86' lang='lat' dir='ltr'>sactus</span> <span class='ocrx_word' id='word_1_185' title='bbox 619 2191 707 2240; x_wconf 84' lang='lat' dir='ltr'>suit</span> <span class='ocrx_word' id='word_1_186' title='bbox 729 2191 959 2240; x_wconf 84' lang='lat' dir='ltr'>assistens</span> <span class='ocrx_word' id='word_1_187' title='bbox 981 2194 1036 2240; x_wconf 91' lang='lat' dir='ltr'>R.</span> <span class='ocrx_word' id='word_1_188' title='bbox 1075 2194 1132 2240; x_wconf 90' lang='lat' dir='ltr'>D.</span> <span class='ocrx_word' id='word_1_189' title='bbox 1168 2193 1472 2251; x_wconf 83' lang='lat' dir='ltr'>FranciscuS,</span> <span class='ocrx_word' id='word_1_190' title='bbox 1515 2193 1775 2258; x_wconf 89' lang='lat' dir='ltr'>episcopus</span> <span class='ocrx_word' id='word_1_191' title='bbox 1801 2191 1971 2255; x_wconf 85' lang='lat' dir='ltr'>Legio-</span> 
     </span>
     <span class='ocr_line' id='line_1_23' title="bbox 189 2275 1971 2340; baseline 0.001 -17"><span class='ocrx_word' id='word_1_192' title='bbox 189 2275 372 2335; x_wconf 90' lang='lat' dir='ltr'>nensis,</span> <span class='ocrx_word' id='word_1_193' title='bbox 401 2280 449 2324; x_wconf 91' lang='lat' dir='ltr'>et</span> <span class='ocrx_word' id='word_1_194' title='bbox 475 2278 532 2323; x_wconf 94' lang='lat' dir='ltr'>D.</span> <span class='ocrx_word' id='word_1_195' title='bbox 566 2275 959 2335; x_wconf 75' lang='lat' dir='ltr'>Bartholom‘eUS,</span> <span class='ocrx_word' id='word_1_196' title='bbox 994 2276 1251 2340; x_wconf 89' lang='lat' dir='ltr'>episcopus</span> <span class='ocrx_word' id='word_1_197' title='bbox 1282 2276 1606 2336; x_wconf 87' lang='lat' dir='ltr'>Bellunensis,</span> <span class='ocrx_word' id='word_1_198' title='bbox 1640 2276 1797 2326; x_wconf 86' lang='lat' dir='ltr'>sactus</span> <span class='ocrx_word' id='word_1_199' title='bbox 1830 2278 1971 2326; x_wconf 89' lang='lat' dir='ltr'>assis-</span> 
     </span>
     <span class='ocr_line' id='line_1_24' title="bbox 188 2359 1969 2424; baseline 0.001 -16"><span class='ocrx_word' id='word_1_200' title='bbox 188 2366 295 2408; x_wconf 85' lang='lat' dir='ltr'>tens</span> <span class='ocrx_word' id='word_1_201' title='bbox 337 2361 398 2409; x_wconf 91' lang='lat' dir='ltr'>de</span> <span class='ocrx_word' id='word_1_202' title='bbox 445 2375 612 2408; x_wconf 88' lang='lat' dir='ltr'>mense</span> <span class='ocrx_word' id='word_1_203' title='bbox 655 2359 847 2424; x_wconf 85' lang='lat' dir='ltr'>augusti</span> <span class='ocrx_word' id='word_1_204' title='bbox 887 2359 1118 2423; x_wconf 80' lang='lat' dir='ltr'>preterito</span> <span class='ocrx_word' id='word_1_205' title='bbox 1153 2377 1163 2408; x_wconf 90' lang='lat'>:</span> <span class='ocrx_word' id='word_1_206' title='bbox 1200 2361 1396 2409; x_wconf 91' lang='lat' dir='ltr'>donavit</span> <span class='ocrx_word' id='word_1_207' title='bbox 1432 2361 1571 2408; x_wconf 90' lang='lat' dir='ltr'>nobis</span> <span class='ocrx_word' id='word_1_208' title='bbox 1607 2361 1729 2409; x_wconf 88' lang='lat' dir='ltr'>duos</span> <span class='ocrx_word' id='word_1_209' title='bbox 1766 2362 1969 2410; x_wconf 85' lang='lat' dir='ltr'>ducatos</span> 
     </span>
     <span class='ocr_line' id='line_1_25' title="bbox 185 2443 1780 2509; baseline 0.001 -18"><span class='ocrx_word' id='word_1_210' title='bbox 185 2444 403 2508; x_wconf 91' lang='lat' dir='ltr'>duplices</span> <span class='ocrx_word' id='word_1_211' title='bbox 419 2459 508 2507; x_wconf 89' lang='lat' dir='ltr'>pro</span> <span class='ocrx_word' id='word_1_212' title='bbox 535 2443 730 2491; x_wconf 85' lang='lat' dir='ltr'>strenis.</span> <span class='ocrx_word' id='word_1_213' title='bbox 755 2446 875 2491; x_wconf 89' lang='lat' dir='ltr'>Tota</span> <span class='ocrx_word' id='word_1_214' title='bbox 898 2443 975 2490; x_wconf 92' lang='lat' dir='ltr'>die</span> <span class='ocrx_word' id='word_1_215' title='bbox 1001 2448 1048 2492; x_wconf 91' lang='lat' dir='ltr'>et</span> <span class='ocrx_word' id='word_1_216' title='bbox 1068 2447 1212 2492; x_wconf 88' lang='lat' dir='ltr'>nocte</span> <span class='ocrx_word' id='word_1_217' title='bbox 1235 2448 1466 2508; x_wconf 90' lang='lat' dir='ltr'>sequente</span> <span class='ocrx_word' id='word_1_218' title='bbox 1489 2444 1580 2492; x_wconf 84' lang='lat' dir='ltr'>fuit</span> <span class='ocrx_word' id='word_1_219' title='bbox 1604 2445 1780 2509; x_wconf 91' lang='lat' dir='ltr'>pluvia.</span> 
     </span>
    </p>

    <p class='ocr_par' dir='ltr' id='par_1_6' title="bbox 188 2521 1970 2843">
     <span class='ocr_line' id='line_1_26' title="bbox 253 2521 1969 2592; baseline 0.001 -17"><span class='ocrx_word' id='word_1_220' title='bbox 253 2521 454 2576; x_wconf 83' lang='lat' dir='ltr'>Factum</span> <span class='ocrx_word' id='word_1_221' title='bbox 477 2526 749 2590; x_wconf 88' lang='lat' dir='ltr'>Senogallie</span> <span class='ocrx_word' id='word_1_222' title='bbox 765 2527 834 2574; x_wconf 88' lang='lat' dir='ltr'>sic</span> <span class='ocrx_word' id='word_1_223' title='bbox 849 2542 899 2573; x_wconf 90' lang='lat' dir='ltr'>se</span> <span class='ocrx_word' id='word_1_224' title='bbox 922 2526 1110 2575; x_wconf 90' lang='lat' dir='ltr'>habuit.</span> <span class='ocrx_word' id='word_1_225' title='bbox 1138 2527 1429 2576; x_wconf 86' lang='lat' dir='ltr'>Prefectissa</span> <span class='ocrx_word' id='word_1_226' title='bbox 1447 2528 1615 2576; x_wconf 91' lang='lat' dir='ltr'>videns</span> <span class='ocrx_word' id='word_1_227' title='bbox 1637 2544 1688 2577; x_wconf 92' lang='lat' dir='ltr'>se</span> <span class='ocrx_word' id='word_1_228' title='bbox 1709 2545 1805 2576; x_wconf 91' lang='lat' dir='ltr'>non</span> <span class='ocrx_word' id='word_1_229' title='bbox 1827 2544 1969 2592; x_wconf 89' lang='lat' dir='ltr'>posse</span> 
     </span>
     <span class='ocr_line' id='line_1_27' title="bbox 190 2609 1970 2675; baseline 0.001 -17"><span class='ocrx_word' id='word_1_230' title='bbox 190 2611 421 2675; x_wconf 84' lang='lat' dir='ltr'>aufugere</span> <span class='ocrx_word' id='word_1_231' title='bbox 442 2613 733 2674; x_wconf 84' lang='lat' dir='ltr'>potestatem</span> <span class='ocrx_word' id='word_1_232' title='bbox 754 2609 890 2657; x_wconf 88' lang='lat' dir='ltr'>ducis</span> <span class='ocrx_word' id='word_1_233' title='bbox 904 2609 1264 2659; x_wconf 81' lang='lat' dir='ltr'>Valentinensis</span> <span class='ocrx_word' id='word_1_234' title='bbox 1282 2610 1364 2675; x_wconf 86' lang='lat'>(1),</span> <span class='ocrx_word' id='word_1_235' title='bbox 1384 2612 1604 2660; x_wconf 87' lang='lat' dir='ltr'>oneravit</span> <span class='ocrx_word' id='word_1_236' title='bbox 1622 2613 1742 2660; x_wconf 87' lang='lat' dir='ltr'>duas</span> <span class='ocrx_word' id='word_1_237' title='bbox 1764 2613 1970 2661; x_wconf 86' lang='lat' dir='ltr'>barchas</span> 
     </span>
     <span class='ocr_line' id='line_1_28' title="bbox 188 2693 1965 2758; baseline 0.001 -16"><span class='ocrx_word' id='word_1_238' title='bbox 188 2694 337 2742; x_wconf 91' lang='lat' dir='ltr'>rebus</span> <span class='ocrx_word' id='word_1_239' title='bbox 358 2697 406 2742; x_wconf 89' lang='lat' dir='ltr'>et</span> <span class='ocrx_word' id='word_1_240' title='bbox 426 2693 564 2742; x_wconf 91' lang='lat' dir='ltr'>bonis</span> <span class='ocrx_word' id='word_1_241' title='bbox 586 2693 683 2741; x_wconf 89' lang='lat' dir='ltr'>suis</span> <span class='ocrx_word' id='word_1_242' title='bbox 699 2708 807 2742; x_wconf 92' lang='lat' dir='ltr'>cum</span> <span class='ocrx_word' id='word_1_243' title='bbox 829 2693 1004 2757; x_wconf 91' lang='lat' dir='ltr'>quibus</span> <span class='ocrx_word' id='word_1_244' title='bbox 1026 2697 1072 2741; x_wconf 87' lang='lat' dir='ltr'>et</span> <span class='ocrx_word' id='word_1_245' title='bbox 1092 2693 1196 2757; x_wconf 87' lang='lat' dir='ltr'>ipsa</span> <span class='ocrx_word' id='word_1_246' title='bbox 1210 2710 1298 2757; x_wconf 91' lang='lat' dir='ltr'>per</span> <span class='ocrx_word' id='word_1_247' title='bbox 1319 2709 1456 2743; x_wconf 90' lang='lat' dir='ltr'>mare</span> <span class='ocrx_word' id='word_1_248' title='bbox 1477 2695 1699 2758; x_wconf 87' lang='lat' dir='ltr'>pervenit</span> <span class='ocrx_word' id='word_1_249' title='bbox 1718 2696 1965 2754; x_wconf 87' lang='lat' dir='ltr'>Venetias,</span> 
     </span>
     <span class='ocr_line' id='line_1_29' title="bbox 189 2776 1841 2843; baseline 0 -17"><span class='ocrx_word' id='word_1_250' title='bbox 189 2778 307 2826; x_wconf 87' lang='lat' dir='ltr'>etin</span> <span class='ocrx_word' id='word_1_251' title='bbox 326 2793 527 2827; x_wconf 88' lang='lat' dir='ltr'>recessu</span> <span class='ocrx_word' id='word_1_252' title='bbox 547 2792 634 2825; x_wconf 92' lang='lat' dir='ltr'>suo</span> <span class='ocrx_word' id='word_1_253' title='bbox 653 2776 783 2825; x_wconf 90' lang='lat' dir='ltr'>misit</span> <span class='ocrx_word' id='word_1_254' title='bbox 806 2776 962 2825; x_wconf 88' lang='lat' dir='ltr'>claves</span> <span class='ocrx_word' id='word_1_255' title='bbox 988 2776 1264 2840; x_wconf 88' lang='lat' dir='ltr'>Senogallie</span> <span class='ocrx_word' id='word_1_256' title='bbox 1280 2776 1329 2824; x_wconf 92' lang='lat' dir='ltr'>in</span> <span class='ocrx_word' id='word_1_257' title='bbox 1350 2777 1476 2840; x_wconf 92' lang='lat' dir='ltr'>pelvi</span> <span class='ocrx_word' id='word_1_258' title='bbox 1501 2781 1734 2842; x_wconf 88' lang='lat' dir='ltr'>argenteo</span> <span class='ocrx_word' id='word_1_259' title='bbox 1763 2778 1841 2843; x_wconf 75' lang='lat'><strong>(2).</strong></span> 
     </span>
    </p>

    <p class='ocr_par' dir='ltr' id='par_1_7' title="bbox 186 2857 1970 3009">
     <span class='ocr_line' id='line_1_30' title="bbox 253 2857 1970 2926; baseline -0.001 -17"><span class='ocrx_word' id='word_1_260' title='bbox 253 2857 393 2910; x_wconf 87' lang='lat' dir='ltr'>Feria</span> <span class='ocrx_word' id='word_1_261' title='bbox 428 2862 656 2919; x_wconf 89' lang='lat' dir='ltr'>secunda,</span> <span class='ocrx_word' id='word_1_262' title='bbox 698 2864 724 2908; x_wconf 80' lang='lat'>2</span> <span class='ocrx_word' id='word_1_263' title='bbox 759 2860 940 2908; x_wconf 90' lang='lat' dir='ltr'>mensis</span> <span class='ocrx_word' id='word_1_264' title='bbox 969 2860 1197 2924; x_wconf 87' lang='lat' dir='ltr'>januarii,</span> <span class='ocrx_word' id='word_1_265' title='bbox 1227 2863 1330 2908; x_wconf 83' lang='lat' dir='ltr'>tota</span> <span class='ocrx_word' id='word_1_266' title='bbox 1355 2860 1433 2908; x_wconf 87' lang='lat' dir='ltr'>die</span> <span class='ocrx_word' id='word_1_267' title='bbox 1468 2866 1515 2909; x_wconf 88' lang='lat' dir='ltr'>et</span> <span class='ocrx_word' id='word_1_268' title='bbox 1548 2877 1700 2925; x_wconf 89' lang='lat' dir='ltr'>usque</span> <span class='ocrx_word' id='word_1_269' title='bbox 1725 2862 1785 2910; x_wconf 88' lang='lat' dir='ltr'>ad</span> <span class='ocrx_word' id='word_1_270' title='bbox 1804 2861 1970 2926; x_wconf 89' lang='lat' dir='ltr'>plures</span> 
     </span>
     <span class='ocr_line' id='line_1_31' title="bbox 186 2943 1121 3009; baseline -0.002 -16"><span class='ocrx_word' id='word_1_271' title='bbox 186 2945 331 2993; x_wconf 90' lang='lat' dir='ltr'>horas</span> <span class='ocrx_word' id='word_1_272' title='bbox 355 2945 512 2993; x_wconf 81' lang='lat' dir='ltr'>noctis</span> <span class='ocrx_word' id='word_1_273' title='bbox 536 2945 677 3009; x_wconf 88' lang='lat' dir='ltr'>pluit,</span> <span class='ocrx_word' id='word_1_274' title='bbox 705 2948 750 2991; x_wconf 88' lang='lat' dir='ltr'>et</span> <span class='ocrx_word' id='word_1_275' title='bbox 771 2959 884 3007; x_wconf 92' lang='lat' dir='ltr'>sepe</span> <span class='ocrx_word' id='word_1_276' title='bbox 911 2943 1121 2992; x_wconf 80' lang='lat' dir='ltr'>fortiter.</span> 
     </span>
    </p>
   </div>
   <div class='ocr_carea' id='block_1_3' title="bbox 188 3125 1972 3590">
    <p class='ocr_par' dir='ltr' id='par_1_8' title="bbox 188 3125 1972 3236">
     <span class='ocr_line' id='line_1_32' title="bbox 235 3125 1972 3176; baseline 0 -11"><span class='ocrx_word' id='word_1_277' title='bbox 235 3130 268 3166; x_wconf 93' lang='lat'>1.</span> <span class='ocrx_word' id='word_1_278' title='bbox 290 3128 384 3176; x_wconf 82' lang='lat' dir='ltr'>Voy.</span> <span class='ocrx_word' id='word_1_279' title='bbox 412 3127 447 3164; x_wconf 85' lang='lat' dir='ltr'>la</span> <span class='ocrx_word' id='word_1_280' title='bbox 471 3126 633 3176; x_wconf 77' lang='lat' dir='ltr'>leg-atlon</span> <span class='ocrx_word' id='word_1_281' title='bbox 655 3128 700 3164; x_wconf 86' lang='lat' dir='ltr'>de</span> <span class='ocrx_word' id='word_1_282' title='bbox 720 3127 948 3165; x_wconf 86' lang='lat' dir='ltr'>Machiavelli</span> <span class='ocrx_word' id='word_1_283' title='bbox 970 3130 1103 3176; x_wconf 79' lang='lat' dir='ltr'>aupres</span> <span class='ocrx_word' id='word_1_284' title='bbox 1125 3128 1175 3164; x_wconf 92' lang='lat' dir='ltr'>du</span> <span class='ocrx_word' id='word_1_285' title='bbox 1195 3128 1266 3164; x_wconf 88' lang='lat' dir='ltr'>duc</span> <span class='ocrx_word' id='word_1_286' title='bbox 1292 3128 1336 3164; x_wconf 88' lang='lat' dir='ltr'>de</span> <span class='ocrx_word' id='word_1_287' title='bbox 1370 3126 1598 3164; x_wconf 86' lang='lat' dir='ltr'>Valentinois</span> <span class='ocrx_word' id='word_1_288' title='bbox 1621 3125 1705 3164; x_wconf 73' lang='lat' dir='ltr'>ella</span> <span class='ocrx_word' id='word_1_289' title='bbox 1725 3126 1866 3164; x_wconf 77' lang='lat' dir='ltr'>celebre</span> <span class='ocrx_word' id='word_1_290' title='bbox 1887 3128 1972 3165; x_wconf 88' lang='lat' dir='ltr'>des-</span> 
     </span>
     <span class='ocr_line' id='line_1_33' title="bbox 188 3187 915 3236; baseline 0.001 -13"><span class='ocrx_word' id='word_1_291' title='bbox 188 3187 341 3236; x_wconf 85' lang='lat' dir='ltr'>cription</span> <span class='ocrx_word' id='word_1_292' title='bbox 355 3188 406 3224; x_wconf 91' lang='lat' dir='ltr'>du</span> <span class='ocrx_word' id='word_1_293' title='bbox 423 3198 608 3224; x_wconf 80' lang='lat' dir='ltr'>massacre</span> <span class='ocrx_word' id='word_1_294' title='bbox 627 3188 672 3224; x_wconf 89' lang='lat' dir='ltr'>de</span> <span class='ocrx_word' id='word_1_295' title='bbox 691 3187 915 3236; x_wconf 80' lang='lat' dir='ltr'>Sinigaglia.</span> 
     </span>
    </p>

    <p class='ocr_par' dir='ltr' id='par_1_9' title="bbox 188 3245 1972 3590">
     <span class='ocr_line' id='line_1_34' title="bbox 235 3245 1972 3290; baseline 0.002 -8"><span class='ocrx_word' id='word_1_296' title='bbox 235 3247 272 3282; x_wconf 85' lang='lat'>2.</span> <span class='ocrx_word' id='word_1_297' title='bbox 292 3245 420 3284; x_wconf 80' lang='lat' dir='ltr'>C‘etait</span> <span class='ocrx_word' id='word_1_298' title='bbox 436 3247 575 3284; x_wconf 74' lang='lat' dir='ltr'>Jeanne</span> <span class='ocrx_word' id='word_1_299' title='bbox 595 3247 640 3283; x_wconf 87' lang='lat' dir='ltr'>de</span> <span class='ocrx_word' id='word_1_300' title='bbox 659 3247 903 3290; x_wconf 80' lang='lat' dir='ltr'>Monteseltre,</span> <span class='ocrx_word' id='word_1_301' title='bbox 919 3259 1033 3284; x_wconf 87' lang='lat' dir='ltr'>veuve</span> <span class='ocrx_word' id='word_1_302' title='bbox 1054 3248 1098 3284; x_wconf 87' lang='lat' dir='ltr'>de</span> <span class='ocrx_word' id='word_1_303' title='bbox 1121 3249 1210 3285; x_wconf 83' lang='lat' dir='ltr'>Jean</span> <span class='ocrx_word' id='word_1_304' title='bbox 1230 3248 1275 3284; x_wconf 89' lang='lat' dir='ltr'>de</span> <span class='ocrx_word' id='word_1_305' title='bbox 1295 3248 1332 3284; x_wconf 87' lang='lat' dir='ltr'>la</span> <span class='ocrx_word' id='word_1_306' title='bbox 1346 3247 1487 3284; x_wconf 76' lang='lat' dir='ltr'>Rovere</span> <span class='ocrx_word' id='word_1_307' title='bbox 1503 3252 1538 3284; x_wconf 90' lang='lat' dir='ltr'>et</span> <span class='ocrx_word' id='word_1_308' title='bbox 1558 3258 1657 3283; x_wconf 81' lang='lat' dir='ltr'>soeur</span> <span class='ocrx_word' id='word_1_309' title='bbox 1677 3247 1722 3283; x_wconf 90' lang='lat' dir='ltr'>de</span> <span class='ocrx_word' id='word_1_310' title='bbox 1745 3247 1972 3285; x_wconf 85' lang='lat' dir='ltr'>Guidobaldo</span> 
     </span>
     <span class='ocr_line' id='line_1_35' title="bbox 189 3304 1972 3356; baseline 0.001 -15"><span class='ocrx_word' id='word_1_311' title='bbox 189 3304 357 3342; x_wconf 87' lang='lat' dir='ltr'>d&#39;Urbin.</span> <span class='ocrx_word' id='word_1_312' title='bbox 393 3306 509 3354; x_wconf 76' lang='lat' dir='ltr'>Apres</span> <span class='ocrx_word' id='word_1_313' title='bbox 539 3306 688 3344; x_wconf 72' lang='lat' dir='ltr'>l’entree</span> <span class='ocrx_word' id='word_1_314' title='bbox 708 3306 943 3344; x_wconf 85' lang='lat' dir='ltr'>d&#39;Oliveretto</span> <span class='ocrx_word' id='word_1_315' title='bbox 966 3308 1011 3344; x_wconf 87' lang='lat' dir='ltr'>de</span> <span class='ocrx_word' id='word_1_316' title='bbox 1032 3308 1161 3344; x_wconf 85' lang='lat' dir='ltr'>Fermo</span> <span class='ocrx_word' id='word_1_317' title='bbox 1179 3310 1200 3344; x_wconf 76' lang='lat' dir='ltr'>a</span> <span class='ocrx_word' id='word_1_318' title='bbox 1222 3305 1441 3356; x_wconf 83' lang='lat' dir='ltr'>Sinigaglia,</span> <span class='ocrx_word' id='word_1_319' title='bbox 1465 3306 1532 3343; x_wconf 90' lang='lat' dir='ltr'>elle</span> <span class='ocrx_word' id='word_1_320' title='bbox 1563 3306 1683 3343; x_wconf 81' lang='lat' dir='ltr'>s’etait</span> <span class='ocrx_word' id='word_1_321' title='bbox 1703 3306 1861 3354; x_wconf 73' lang='lat' dir='ltr'>refugiee</span> <span class='ocrx_word' id='word_1_322' title='bbox 1881 3307 1972 3343; x_wconf 86' lang='lat' dir='ltr'>dans</span> 
     </span>
     <span class='ocr_line' id='line_1_36' title="bbox 188 3363 1969 3415; baseline 0.001 -15"><span class='ocrx_word' id='word_1_323' title='bbox 188 3365 223 3400; x_wconf 81' lang='lat' dir='ltr'>la</span> <span class='ocrx_word' id='word_1_324' title='bbox 242 3363 423 3408; x_wconf 82' lang='lat' dir='ltr'>citadelle,</span> <span class='ocrx_word' id='word_1_325' title='bbox 445 3376 532 3402; x_wconf 85' lang='lat' dir='ltr'>avec</span> <span class='ocrx_word' id='word_1_326' title='bbox 551 3378 618 3403; x_wconf 85' lang='lat' dir='ltr'>son</span> <span class='ocrx_word' id='word_1_327' title='bbox 633 3367 745 3415; x_wconf 82' lang='lat' dir='ltr'>jeune</span> <span class='ocrx_word' id='word_1_328' title='bbox 772 3365 830 3402; x_wconf 88' lang='lat' dir='ltr'>fils</span> <span class='ocrx_word' id='word_1_329' title='bbox 854 3370 891 3403; x_wconf 85' lang='lat' dir='ltr'>et</span> <span class='ocrx_word' id='word_1_330' title='bbox 910 3365 942 3403; x_wconf 91' lang='lat' dir='ltr'>le</span> <span class='ocrx_word' id='word_1_331' title='bbox 962 3366 1103 3403; x_wconf 77' lang='lat' dir='ltr'>celebre</span> <span class='ocrx_word' id='word_1_332' title='bbox 1134 3367 1257 3404; x_wconf 79' lang='lat' dir='ltr'>Andre</span> <span class='ocrx_word' id='word_1_333' title='bbox 1287 3367 1410 3410; x_wconf 59' lang='lat' dir='ltr'>Dorio„</span> <span class='ocrx_word' id='word_1_334' title='bbox 1440 3377 1489 3402; x_wconf 90' lang='lat' dir='ltr'>un</span> <span class='ocrx_word' id='word_1_335' title='bbox 1510 3365 1577 3401; x_wconf 90' lang='lat' dir='ltr'>des</span> <span class='ocrx_word' id='word_1_336' title='bbox 1600 3369 1739 3402; x_wconf 81' lang='lat' dir='ltr'>tuteurs</span> <span class='ocrx_word' id='word_1_337' title='bbox 1769 3365 1813 3402; x_wconf 88' lang='lat' dir='ltr'>de</span> <span class='ocrx_word' id='word_1_338' title='bbox 1827 3377 1869 3402; x_wconf 89' lang='lat' dir='ltr'>ce</span> <span class='ocrx_word' id='word_1_339' title='bbox 1889 3366 1969 3403; x_wconf 86' lang='lat' dir='ltr'>der·</span> 
     </span>
     <span class='ocr_line' id='line_1_37' title="bbox 189 3423 1972 3472; baseline 0.002 -13"><span class='ocrx_word' id='word_1_340' title='bbox 189 3423 280 3460; x_wconf 86' lang='lat' dir='ltr'>nier.</span> <span class='ocrx_word' id='word_1_341' title='bbox 303 3423 465 3471; x_wconf 64' lang='lat' dir='ltr'>„lugeant</span> <span class='ocrx_word' id='word_1_342' title='bbox 482 3428 583 3460; x_wconf 76' lang='lat' dir='ltr'>toute</span> <span class='ocrx_word' id='word_1_343' title='bbox 610 3425 810 3462; x_wconf 79' lang='lat' dir='ltr'>resistance</span> <span class='ocrx_word' id='word_1_344' title='bbox 845 3425 1072 3472; x_wconf 87' lang='lat' dir='ltr'>impossible.</span> <span class='ocrx_word' id='word_1_345' title='bbox 1108 3425 1218 3462; x_wconf 84' lang='lat' dir='ltr'>Doria</span> <span class='ocrx_word' id='word_1_346' title='bbox 1235 3425 1318 3462; x_wconf 86' lang='lat' dir='ltr'>aida</span> <span class='ocrx_word' id='word_1_347' title='bbox 1337 3428 1359 3461; x_wconf 77' lang='lat' dir='ltr'>a</span> <span class='ocrx_word' id='word_1_348' title='bbox 1389 3425 1421 3461; x_wconf 87' lang='lat' dir='ltr'>la</span> <span class='ocrx_word' id='word_1_349' title='bbox 1440 3424 1529 3460; x_wconf 78' lang='lat' dir='ltr'>suite</span> <span class='ocrx_word' id='word_1_350' title='bbox 1561 3424 1606 3459; x_wconf 85' lang='lat' dir='ltr'>de</span> <span class='ocrx_word' id='word_1_351' title='bbox 1626 3423 1763 3460; x_wconf 82' lang='lat' dir='ltr'>Jeanne</span> <span class='ocrx_word' id='word_1_352' title='bbox 1783 3428 1818 3461; x_wconf 84' lang='lat' dir='ltr'>et</span> <span class='ocrx_word' id='word_1_353' title='bbox 1838 3425 1883 3462; x_wconf 87' lang='lat' dir='ltr'>de</span> <span class='ocrx_word' id='word_1_354' title='bbox 1904 3437 1972 3462; x_wconf 86' lang='lat' dir='ltr'>son</span> 
     </span>
     <span class='ocr_line' id='line_1_38' title="bbox 190 3481 1972 3532; baseline 0.001 -13"><span class='ocrx_word' id='word_1_355' title='bbox 190 3482 263 3527; x_wconf 85' lang='lat' dir='ltr'>fils,</span> <span class='ocrx_word' id='word_1_356' title='bbox 279 3481 340 3531; x_wconf 92' lang='lat' dir='ltr'>qui</span> <span class='ocrx_word' id='word_1_357' title='bbox 362 3494 401 3519; x_wconf 86' lang='lat' dir='ltr'>se</span> <span class='ocrx_word' id='word_1_358' title='bbox 421 3482 607 3520; x_wconf 84' lang='lat' dir='ltr'>rendirent</span> <span class='ocrx_word' id='word_1_359' title='bbox 623 3495 689 3531; x_wconf 87' lang='lat' dir='ltr'>par</span> <span class='ocrx_word' id='word_1_360' title='bbox 709 3495 798 3530; x_wconf 87' lang='lat' dir='ltr'>mer,</span> <span class='ocrx_word' id='word_1_361' title='bbox 820 3487 841 3520; x_wconf 76' lang='lat' dir='ltr'>a</span> <span class='ocrx_word' id='word_1_362' title='bbox 862 3483 1010 3520; x_wconf 86' lang='lat' dir='ltr'>Venise.</span> <span class='ocrx_word' id='word_1_363' title='bbox 1032 3484 1125 3532; x_wconf 81' lang='lat' dir='ltr'>Voy.</span> <span class='ocrx_word' id='word_1_364' title='bbox 1152 3483 1311 3532; x_wconf 84' lang='lat' dir='ltr'>Ugolini,</span> <span class='ocrx_word' id='word_1_365' title='bbox 1339 3485 1460 3520; x_wconf 77' lang='lat' dir='ltr'>Storia</span> <span class='ocrx_word' id='word_1_366' title='bbox 1483 3483 1543 3519; x_wconf 83' lang='lat' dir='ltr'>dez·</span> <span class='ocrx_word' id='word_1_367' title='bbox 1563 3484 1661 3519; x_wconf 81' lang='lat' dir='ltr'>conti</span> <span class='ocrx_word' id='word_1_368' title='bbox 1686 3494 1704 3519; x_wconf 85' lang='lat' dir='ltr'>e</span> <span class='ocrx_word' id='word_1_369' title='bbox 1731 3484 1840 3521; x_wconf 82' lang='lat' dir='ltr'>duchi</span> <span class='ocrx_word' id='word_1_370' title='bbox 1861 3485 1972 3522; x_wconf 81' lang='lat' dir='ltr'>d&#39;Ur·</span> 
     </span>
     <span class='ocr_line' id='line_1_39' title="bbox 191 3538 605 3590; baseline 0.002 -13"><span class='ocrx_word' id='word_1_371' title='bbox 191 3542 289 3587; x_wconf 81' lang='lat' dir='ltr'>bino,</span> <span class='ocrx_word' id='word_1_372' title='bbox 306 3546 332 3579; x_wconf 83' lang='lat' dir='ltr'>t.</span> <span class='ocrx_word' id='word_1_373' title='bbox 355 3541 403 3584; x_wconf 90' lang='lat'>11,</span> <span class='ocrx_word' id='word_1_374' title='bbox 423 3553 460 3590; x_wconf 90' lang='lat' dir='ltr'>p.</span> <span class='ocrx_word' id='word_1_375' title='bbox 483 3538 605 3578; x_wconf 80' lang='lat'><strong>11&#39;3-5.</strong></span> 
     </span>
    </p>
   </div>
  </div>
 </body>
</html>
