2228 3938
310 403 380 439 102
921 403 1154 441 .lOHANNIS
1187 404 1482 449 BURCHARDL
1813 406 1966 447 [Μηνίου
1987 408 2080 448 1501]

313 508 545 556 mittendo
584 508 901 571 porrexerint,
936 523 991 555 ac
1014 522 1183 555 omnes
1217 512 1263 555 et
1288 507 1500 570 singulos
1533 507 1815 555 eorumdem
1851 513 2077 570 parentes

314 591 584 649 defunctos,
629 596 674 638 et
709 607 875 639 eorum
895 590 1249 650 benefactores,
1275 591 1352 654 qui
1382 606 1492 638 cum
1526 590 1724 638 caritate
1763 590 2075 650 decesserint,

316 674 359 722 in
384 674 606 721 omnibus
624 674 866 737 precibus,
893 674 1150 736 suffragiis,
1173 674 1512 737 eleemosyniS,
1530 673 1743 737 jejuniis,
1765 673 2079 732 orationibus,

314 756 488 815 missis,
520 756 652 803 horis
689 756 953 816 canonicis,
998 756 1276 820 disciplinis,
1310 756 1780 819 peregrinationibus
1817 760 1864 805 et
1903 755 2077 804 ceteris

315 839 536 886 omnibus
575 840 900 903 spiritualibus
939 840 1094 899 bonis,
1132 857 1221 904 que
1256 841 1373 888 fient
1405 843 1484 887 aut
1505 839 1609 886 fieri
1640 843 1866 902 poterunt
1900 838 1948 888 in
1982 843 2082 887 toto

317 923 571 971 universali
614 940 752 972 sacro
788 929 955 972 sancta
988 925 1194 973 ecclesia
1232 925 1465 972 militante
1505 926 1552 971 et
1597 922 1820 970 omnibus
1853 921 2082 971 membris

315 1007 530 1070 ejusdem
552 1007 814 1070 participes
839 1008 883 1054 in
905 1013 1192 1072 perpetuum
1214 1009 1346 1056 fient.
1370 1009 1612 1060 Ceterum,
1633 1021 1693 1054 ne
1712 1010 1904 1070 propter
1933 1005 2087 1055 multi-

314 1090 530 1139 tudinem
556 1090 966 1153 indulgentiarum
987 1095 1084 1138 tam
1106 1107 1133 1138 a
1155 1090 1291 1138 nobis
1313 1105 1457 1153 quam
1479 1106 1507 1137 a
1527 1088 1953 1153 predecessoribus
1974 1103 2085 1137 nos·

317 1173 397 1219 tris
411 1188 772 1232 concessarum,
789 1173 962 1222 Christi
986 1174 1152 1222 fideles
1174 1174 1222 1220 in
1241 1173 1335 1220 hoc
1358 1176 1524 1221 sancto
1545 1188 1691 1236 opere
1707 1172 1942 1220 tardiores
1959 1171 2085 1220 exis-

314 1259 431 1314 tant,
468 1271 636 1304 omnes
677 1256 999 1319 indulgentias
1029 1274 1057 1304 a
1096 1257 1233 1303 nobis
1270 1259 1317 1304 et
1359 1255 1532 1304 eadem
1572 1255 1702 1315 sede,
1743 1255 1817 1304 vel
1859 1253 2079 1319 ejusdem

314 1339 598 1387 auctoritate
639 1340 1020 1403 quibuscumque
1043 1340 1260 1388 ecclesiis
1296 1339 1371 1387 vel
1405 1338 1710 1386 monasteriis
1744 1336 2083 1401 hospitalibus,

314 1421 457 1469 etiam
475 1426 639 1469 nostro
662 1438 700 1470 s.
727 1422 903 1485 Spiritu
924 1423 972 1469 in
992 1423 1132 1470 Saxia
1153 1422 1212 1470 de
1226 1422 1353 1469 dicta
1371 1421 1497 1470 Urbe
1520 1421 1700 1469 ordinis
1718 1437 1757 1468 s.
1771 1419 2022 1484 Augustini
2039 1424 2086 1468 et

314 1505 403 1567 piis
425 1504 562 1563 locis,
594 1506 1003 1564 universitatibus,
1034 1505 1527 1565 confraternitatibus,
1565 1504 1709 1553 etiam
1739 1504 2085 1567 cujuscumque

314 1587 556 1650 qualitatis
578 1590 625 1634 et
643 1587 703 1634 ad
725 1603 1078 1650 quemcumque
1100 1603 1258 1646 usum,
1283 1588 1427 1635 etiam
1447 1587 1683 1635 laicorum
1703 1586 1778 1635 vel
1801 1586 2086 1634 clericorum

315 1670 559 1718 institutis,
591 1675 638 1718 et
660 1670 979 1734 singularibus
1002 1670 1221 1734 personis
1240 1670 1383 1719 etiam
1398 1670 1636 1734 plenarias
1659 1669 1816 1717 invita
1837 1669 2090 1717 velmortis

315 1754 516 1802 articulo
537 1758 848 1817 preterquam
872 1754 1058 1802 ratione
1072 1754 1388 1817 expeditionis
1405 1757 1452 1802 et
1472 1752 1770 1817 indulgentie
1787 1751 1898 1800 anni
1917 1751 2087 1816 jubilei

317 1837 594 1900 hujusmodi
619 1838 666 1884 in
690 1837 816 1884 dicta
839 1838 982 1896 Urbe,
1025 1842 1072 1886 et
1098 1840 1232 1885 extra
1272 1853 1379 1885 eam
1408 1837 1627 1885 videlicet
1655 1850 1912 1884 concessas
1933 1849 2089 1898 usque

318 1921 375 1966 ad
400 1921 581 1968 dictum
605 1921 779 1968 festum
803 1923 1113 1969 Pentecostes
1135 1921 1354 1984 proxime
1380 1921 1610 1979 futurum,
1643 1918 1908 1984 apostolica
1929 1922 2092 1967 aucto-

318 2003 458 2050 ritate
481 2003 715 2066 predicta,
741 2003 799 2051 de
825 2003 965 2051 simili
988 2003 1250 2067 apostolice
1273 2003 1523 2067 potestatis
1547 2002 1864 2066 plenitudine,
1893 2016 2092 2065 suspen-

318 2085 494 2143 dimus,
533 2086 732 2148 illasque
767 2086 960 2135 interim
994 2086 1212 2134 volumus
1234 2086 1282 2133 in
1303 2086 1399 2134 vita
1418 2085 1490 2134 vel
1521 2086 1570 2132 in
1602 2090 1757 2133 morte
1786 2085 2089 2148 aliquatenus

317 2168 585 2230 suffragari,
618 2184 673 2216 ac
707 2168 812 2216 illas
847 2169 1152 2231 questoribus
1188 2170 1607 2234 eleemosynarum
1637 2168 1815 2232 aliquid
1846 2168 2090 2232 postulare

314 2251 583 2299 nullatenus
606 2267 775 2315 posse3
802 2256 848 2300 et
870 2252 1083 2314 insuper,
1108 2257 1159 2301 ut
1180 2253 1416 2316 premissa
1437 2253 1609 2302 melius
1632 2257 1680 2301 et
1697 2252 1903 2310 faciliuS,
1930 2267 2090 2300 semo-

316 2335 372 2382 tis
408 2335 700 2397 quibuslibet
751 2334 1125 2398 impedimentis,
1162 2336 1378 2384 debitum
1425 2340 1784 2400 consequantur
1838 2335 2084 2393 effectum,

316 2418 538 2465 omnibus
559 2423 605 2466 et
629 2418 826 2480 singulis
844 2418 1063 2466 locorum
1089 2419 1296 2482 cujusvis
1325 2419 1505 2467 ordinis
1537 2419 1611 2467 vel
1637 2418 1927 2468 conditionis
1961 2418 2088 2466 exis-

315 2505 433 2560 tant,
466 2501 712 2564 utruisque
748 2517 890 2548 sexus
921 2502 1140 2565 personis
1160 2503 1207 2549 in
1234 2502 1407 2551 virtute
1440 2518 1574 2551 sacre
1597 2502 1889 2560 obedientie,
1916 2504 1964 2551 et
1998 2501 2085 2551 sub

317 2583 830 2631 excommunicationis
851 2584 946 2632 late
969 2585 1206 2633 sententie
1229 2601 1283 2633 ac
1305 2585 1655 2634 maledictionis
1668 2589 1982 2648 eterueaqua
1995 2599 2091 2632 non

317 2667 407 2715 nisi
434 2684 461 2715 a
482 2667 621 2714 nobis
643 2671 690 2715 et
719 2668 1050 2715 sucessoribus
1072 2669 1249 2716 nostris
1276 2669 1589 2717 Pontificibus
1612 2669 1842 2717 canonice
1870 2667 2092 2717 intranti-

316 2751 423 2808 bus,
448 2754 760 2813 preterquam
782 2750 829 2797 in
848 2752 1017 2799 mortis
1036 2751 1238 2799 articulo
1252 2752 1497 2800 constituti
1519 2756 1567 2799 et
1588 2752 1750 2800 debita
1764 2751 2088 2815 satisfactione

314 2834 551 2895 premissa
583 2833 763 2880 absolvi
788 2833 992 2896 possint,
1031 2849 1085 2882 ac
1123 2833 1381 2896 peculiaris
1412 2834 1565 2881 nuntii
1606 2837 1654 2882 et
1686 2833 2003 2890 commissarii
2035 2849 2090 2882 ac

317 2916 703 2979 deputandorum
726 2918 773 2962 et
795 2915 1266 2978 subdelegandorum
1284 2916 1608 2978 predictorum
1622 2916 1836 2976 arbitrio,
1860 2917 2092 2980 qualitate

319 3000 431 3048 sac-ti
457 3003 503 3048 et
525 3014 732 3063 persone
755 3000 939 3046 attenta
960 2997 1276 3057 moderando,
1295 2998 1416 3046 etde
1435 2998 1561 3047 sacto
1584 3016 1612 3047 a
1633 3000 2090 3050 contrafacientibus

318 3081 556 3143 exigenda
574 3096 700 3145 pena
722 3081 986 3139 districtus,
1012 3080 1284 3130 inhibemus
1310 3098 1371 3131 ne
1393 3082 1613 3132 videlicet
1635 3084 1864 3133 ordinarii
1890 3084 2089 3134 abbates

320 3168 365 3212 et
395 3165 487 3212 alie
528 3165 855 3212 ecclesiastice
885 3179 1091 3228 persone
1127 3166 1386 3226 seculareS,
1424 3170 1472 3215 et
1502 3167 1725 3231 religiose
1765 3182 2084 3233 quecumque,

318 3248 613 3312 presentium
636 3248 1012 3311 publicationem
1043 3249 1091 3295 in
1112 3265 1279 3297 eorum
1301 3250 1535 3310 ecclesiis,
1562 3251 1836 3301 civitatibus
1859 3255 1907 3301 et
1927 3252 2089 3300 diece—

320 3332 468 3391 sibus,
495 3334 543 3379 et
561 3331 659 3390 ubi,
684 3334 732 3379 et
760 3331 950 3394 quoties
979 3347 1097 3395 opus
1118 3332 1276 3392 fuerit,
1302 3333 1519 3382 facienda
1550 3335 1802 3398 impedire,
1828 3339 1876 3384 et
1909 3335 2088 3399 aliquid

321 3418 543 3478 pretextu
566 3414 691 3462 dicte
719 3413 1054 3478 publicationis
1078 3418 1262 3478 petere,
1288 3420 1335 3464 et
1359 3416 1502 3464 etiam
1526 3434 1554 3465 a
1575 3421 1745 3482 sponte
1773 3418 2087 3467 offerentibus

322 3498 515 3560 exigere
539 3501 580 3543 el
612 3497 850 3561 recipcre:
882 3513 936 3545 ac
960 3497 1046 3562 ipsi
1069 3501 1113 3545 et
1138 3498 1424 3563 quicumque
1450 3499 1525 3547 alii
1548 3500 1594 3547 in
1613 3501 1859 3566 premissis
1881 3506 1926 3551 et
1956 3502 2084 3549 circa
