2228 3938
336 364 403 399 190
937 360 1168 398 JOHANNIS
1202 360 1498 405 BURCHARDI,
1832 363 1990 402 [Fevrier
2011 365 2104 407 1502]

334 463 475 522 tinus,
516 463 722 525 legatUS,
761 462 842 525 qui
892 463 1137 511 dominam
1175 464 1449 512 Lucretiam
1489 479 1639 527 usque
1675 463 1735 511 ad
1772 466 1911 511 extra
1944 467 2104 514 terras

334 547 500 593 sancte
525 561 733 593 romane
755 545 971 595 Ecclesie
996 547 1336 595 associaverat.

397 629 539 677 Feria
574 628 732 688 tertia,
776 632 835 677 25
874 629 1091 694 ejusdem
1128 630 1306 678 mensis
1337 629 1567 694 januarii,
1614 629 1738 678 festo
1776 631 2104 680 conversionis

331 730 369 761 s.
399 712 533 762 Pauli
559 712 783 776 apostoli,
818 715 900 761 SS.
934 715 990 761 D.
1031 716 1214 774 noster,
1251 714 1377 762 bono
1412 730 1570 772 mane,
1606 714 1835 777 equitavit
1864 731 1952 779 per
1975 716 2102 763 viam

333 799 492 859 Pape,
534 796 689 843 iturus
727 796 786 843 ad
826 796 1102 855 Tusculum,
1144 800 1192 845 et
1234 813 1343 845 cum
1388 812 1444 844 eo
1486 796 1650 844 RRmi.
1690 799 1789 845 DD.
1831 797 2102 846 cardinales

332 878 638 938 Cusentinus,
667 879 882 927 Estensis
920 882 967 927 et
1004 879 1181 944 Borgia
1214 896 1324 928 cum
1353 879 1544 928 modica
1576 870 1719 943 gente
1746 883 1794 928 et
1830 880 2026 940 familia,
2054 884 2102 929 et

331 963 510 1012 ibidem
530 962 644 1012 fecit
677 963 785 1027 capi
813 966 1021 1027 quatuor
1055 963 1238 1012 incolas
1265 967 1312 1012 et
1342 964 1401 1011 ad
1425 967 1666 1012 torturam
1695 964 1807 1028 poni
1829 964 1903 1012 vel
1925 964 2101 1012 minari

331 1032 442 1094 cum
467 1046 553 1106 eis,
575 1049 629 1094 ut
651 1046 945 1111 intelligeret
968 1046 1048 1095 ubi
1074 1047 1341 1095 bombarde
1365 1050 1413 1094 et.
1433 1047 1686 1095 artilliaria
1709 1047 2101 1096 Columnensium

330 1132 492 1177 essent
509 1128 814 1188 abscondita,
833 1129 930 1192 qui,
957 1132 1090 1177 metu
1111 1133 1318 1188 torture,
1338 1129 1656 1177 ostenderunt
1679 1132 1808 1194 Pape
1833 1130 1913 1178 ubi
1933 1130 2102 1194 hujus-

327 1212 459 1260 modi
485 1212 687 1260 fuerunt
724 1211 1024 1271 subterrata3
1053 1228 1146 1275 que
1183 1215 1314 1276 Papa
1337 1212 1450 1260 fecit
1482 1212 1625 1260 effodi
1652 1215 1699 1261 et
1731 1216 1935 1261 Romam
1966 1213 2095 1271 duci,

327 1310 422 1358 quo
445 1297 577 1359 Papa
601 1295 763 1343 rediit.

390 1378 644 1426 Dominica
670 1378 832 1438 tertia,
864 1382 923 1427 30
949 1379 1065 1427 dicti
1089 1379 1270 1426 mensis
1291 1379 1520 1442 januarii,
1549 1379 1598 1427 in
1624 1382 1767 1428 nocte
1795 1379 1991 1428 interim
2019 1395 2100 1427 ve-

325 1462 457 1510 neris
480 1467 539 1510 27
572 1461 781 1526 januarii
811 1462 1034 1526 predicti,
1064 1466 1235 1526 captus
1262 1463 1352 1510 fuit
1376 1463 1525 1511 trater
1551 1479 1810 1527 germanus
1837 1466 1892 1511 D.
1925 1463 2102 1511 Johan-

328 1544 401 1592 nis
427 1545 678 1593 Laurentii
702 1546 761 1592 de
784 1545 1017 1603 Venetiis„
1048 1546 1127 1607 qui
1160 1546 1412 1594 dicebatur
1435 1563 1523 1609 per
1549 1547 1822 1610 predictum
1845 1549 1902 1595 D.
1924 1547 2101 1595 Johan-

324 1643 437 1676 nem
463 1633 636 1676 contra
660 1630 842 1691 Papam
859 1632 906 1676 et
930 1627 1104 1675 ducem
1128 1628 1522 1677 Valentinensem
1542 1629 1702 1692 grecis
1726 1629 1900 1677 litteris
1916 1630 2101 1694 scripta

326 1712 373 1759 in
388 1711 591 1760 latinum
603 1711 906 1760 transtulisse
933 1714 980 1759 et
1003 1711 1232 1760 Venetias
1257 1711 1445 1760 misisse
1462 1728 1472 1771 ;
1492 1715 1540 1760 et
1556 1713 1727 1761 eadem
1743 1714 1887 1761 nocte
1903 1712 2103 1762 fuerunt

326 1797 584 1861 exportata
608 1795 771 1843 omnia
803 1795 931 1843 bona
968 1793 1187 1858 ejusdem
1226 1794 1372 1843 etiam
1407 1811 1494 1858 per
1521 1795 1798 1859 predictum
1827 1795 2102 1843 Johannem

323 1877 512 1937 relicta,
542 1877 651 1926 libri
676 1882 720 1926 et
746 1893 1048 1941 quecumque
1074 1877 1184 1937 alia,
1210 1877 1330 1925 nihil
1351 1878 1400 1924 in
1426 1878 1530 1941 ejus
1556 1878 1701 1925 domo
1728 1877 1944 1936 dimisso,
1973 1877 2103 1941 quod

325 1960 415 2009 fuit
454 1960 666 2009 dominio
699 1962 1002 2011 Venetorum
1044 1960 1145 2008 sine
1188 1976 1328 2008 mora
1374 1960 1698 2023 significatum
1741 1963 1789 2009 et
1832 1961 2102 2010 dominium

331 2043 579 2108 rescripsit
605 2048 652 2091 et
681 2043 923 2092 commisit
955 2043 1138 2092 oratori
1175 2060 1344 2091 eorum
1380 2044 1506 2107 quod
1537 2036 1882 2093 instantissime
1919 2043 2103 2108 suppli-

331 2131 467 2176 caret
512 2130 595 2176 SS.
637 2130 694 2175 D.
730 2132 951 2176 nostrum
989 2143 1079 2191 pro
1110 2128 1211 2192 ejus
1248 2127 1555 2176 liberatione.
1586 2129 1771 2176 'Orator
1807 2128 2103 2193 presentavit

332 2208 520 2259 litteras
568 2211 726 2258 eidem
763 2212 847 2259 SS.
894 2211 1119 2269 Domino,
1163 2210 1276 2259 lune
1313 2211 1483 2259 ultima
1517 2211 1744 2274 januarii,
1781 2211 2101 2276 supplicando

331 2308 417 2357 pro
451 2294 582 2342 dicta
611 2293 899 2342 liberatione
938 2294 1078 2352 illius,
1115 2298 1260 2357 prout
1291 2293 1333 2342 ei
1364 2293 1525 2341 fuerat
1555 2310 1852 2343 commssum
1882 2310 1890 2341 :
1921 2296 2004 2343 SS.
2039 2297 2096 2342 D.

332 2381 499 2425 noster
535 2376 711 2425 dicitur
747 2377 1059 2441 respondisse
1097 2392 1194 2425 non
1234 2377 1535 2425 existimasse
1575 2393 1677 2425 rem
1712 2377 1839 2426 hanc
1885 2377 2099 2426 suturam

331 2457 470 2507 cordi
516 2460 749 2520 dominio,
799 2462 1059 2524 propterea
1091 2459 1256 2508 dolere
1294 2476 1391 2508 non
1429 2476 1570 2524 posse
1607 2476 1777 2509 eorum
1813 2460 2101 2525 petitionem

332 2543 581 2602 exaudire,
621 2558 730 2592 cum
758 2544 837 2592 ille
870 2547 997 2591 esset
1029 2543 1278 2607 expeditus
1310 2560 1397 2607 pro
1430 2560 1525 2607 quo
1558 2544 1914 2608 supplicarent:
1942 2545 2101 2593 fuerat

329 2624 457 2674 enim
480 2625 530 2674 in
558 2629 701 2676 nocte
727 2628 959 2676 hesterna
982 2644 1076 2691 qua
1101 2628 1342 2677 Sanctitas
1368 2643 1455 2675 sua
1479 2626 1539 2676 ad
1570 2628 1748 2676 Urbem
1772 2628 1918 2677 rediit
1939 2633 2098 2676 stran-

328 2710 520 2773 gulatus
551 2709 680 2759 idem
705 2711 857 2759 frater
887 2713 943 2758 D.
979 2710 1211 2759 Johannis
1240 2714 1287 2758 et
1314 2711 1361 2758 in
1395 2711 1622 2775 Tyberim
1653 2712 1920 2776 projectuS,
1951 2712 2098 2775 prout

327 2789 406 2841 alii
429 2793 671 2842 dicebant.

393 2876 532 2925 Feria
563 2880 755 2941 quarta,
789 2881 816 2925 2
846 2877 1089 2936 februarii,
1122 2877 1244 2926 festo
1276 2877 1630 2942 purificationis
1656 2868 1796 2925 beate
1827 2875 1980 2925 Marie
2007 2875 2098 2923 vir-

326 2958 464 3022 ginis,
507 2962 590 3008 SS.
628 2962 686 3008 D.
720 2962 889 3008 noster
926 2960 1173 3008 benedixit
1211 2965 1256 3009 et
1288 2960 1531 3008 distribuit
1565 2959 1789 3008 candelas
1825 2959 1874 3006 in
1908 2958 2096 3023 capella

325 3042 538 3106 majore:
579 3042 765 3106 recepit
797 3058 823 3089 a
857 3042 1102 3090 cardinale
1135 3043 1451 3107 Neapolitano
1483 3043 1708 3091 caudelas
1733 3059 1861 3100 suaS,
1891 3058 2093 3106 quarum

326 3123 444 3172 duas
460 3125 671 3189 majores
687 3128 947 3174 tenuerunt
962 3129 1158 3174 senator
1173 3143 1201 3174 a
1214 3126 1411 3185 dextris,
1433 3130 1479 3174 et
1494 3129 1549 3174 D.
1571 3126 1850 3174 Laurentius
1860 3125 2091 3185 AlteriuS,
2156 3161 2158 3163 >

326 3207 509 3271 primus
543 3213 962 3268 conservatorum,
998 3225 1026 3257 a
1067 3209 1305 3269 sinistris3
1343 3225 1516 3273 aquam
1559 3213 1668 3273 post
1703 3209 2095 3258 distributionem

326 3291 546 3340 manibus
582 3295 709 3357 Pape
741 3292 872 3340 dedit
910 3295 967 3339 D.
1011 3293 1309 3352 Franciscus,
1351 3293 1489 3341 miles
1527 3293 1710 3340 ordinis
1750 3311 1789 3341 5.
1831 3293 1996 3342 Jacobi
2035 3292 2094 3340 de

326 3375 474 3438 Spata
495 3375 576 3439 qui
594 3376 798 3424 dederat
815 3374 1021 3439 primam
1043 3391 1214 3439 aquam
1235 3376 1417 3425 eisdem
1438 3375 1658 3425 manibus
1676 3377 1725 3424 in
1740 3377 1816 3425 die
1835 3375 2094 3425 nativitatis

325 3456 502 3507 Christi
534 3460 750 3524 proxime
781 3458 1030 3524 preterita,
1062 3476 1147 3523 per
1173 3459 1570 3509 inadvertantiam
1600 3476 1778 3522 meam,
1815 3475 1962 3524 quem
1997 3473 2093 3507 non
