2202 3918
172 411 255 453 [Mai
277 412 373 452 1504]
617 406 786 447 RERUM
819 406 1122 446 URBANARUM
1155 406 1506 445 COMMENTARII.
1885 405 1956 444 355

173 518 282 577 post
299 513 519 571 missam;
543 514 594 561 et
617 511 720 560 sine
738 510 1028 559 baldachino
1048 510 1178 558 venit
1204 511 1265 558 ad
1281 511 1538 559 ecclesiam
1557 513 1603 557 et
1625 509 1729 558 sine
1752 523 1810 562 eo
1829 507 1957 556 venit

132 642 134 644 ,
174 598 235 646 ad
256 597 416 644 locum
440 594 711 660 predictum
746 593 1098 642 benedictionis
1136 610 1146 641 :
1187 594 1459 643 cardinales
1499 599 1547 642 et
1579 593 1750 658 prelati
1786 607 1956 641 omnes

175 680 371 729 fuerunt
394 680 442 727 in
464 679 646 743 cappis,
671 693 807 726 more
826 677 965 726 solito
992 693 1001 736 ;
1028 677 1299 726 orationem
1315 678 1639 741 fecitquidam
1660 677 1869 726 Jacobus
1895 675 1956 724 de

177 763 425 822 Leonissa,
451 761 760 810 laudabiliter
781 765 828 809 et
843 760 983 809 bene.
1753 810 1765 817 ⁶

241 847 329 895 Die
353 845 560 905 veneris,
589 849 644 893 17
668 844 783 892 maii
806 844 1031 908 predicti,
1053 845 1227 894 inloco
1255 844 1546 904 consistorii,
1581 844 1745 909 [Papa]
1778 843 1964 907 rogavit

175 946 253 978 me
276 934 328 978 ut
341 928 612 992 acciperem
627 927 675 975 in
697 928 885 975 socium
905 930 960 974 D.
982 928 1203 976 Paridem
1226 928 1456 976 inlocum
1475 927 1788 987 Bernardini;
1814 942 1962 991 quem

177 1029 288 1062 cum
310 1011 666 1062 conditionibus
685 1012 874 1060 admisi.

243 1096 468 1155 Sabbato,
495 1096 571 1144 die
598 1098 654 1143 18
676 1095 809 1157 maii,
834 1095 922 1144 fuit
954 1095 1144 1160 signata
1175 1096 1462 1161 supplicatio
1486 1096 1633 1145 etiam
1667 1111 1755 1161 pro
1790 1111 1886 1153 mc,
1913 1096 1962 1141 et

178 1180 458 1229 mandatum
497 1179 627 1243 quod
666 1179 798 1227 Paris
842 1195 940 1228 non
983 1180 1260 1229 mitteretur
1309 1180 1370 1229 ad
1405 1185 1560 1229 rotam
1592 1180 1685 1228 nisi
1714 1177 1970 1229 renuncia-

178 1267 317 1313 retur
339 1266 467 1312 actu.

245 1351 396 1408 Lune,
423 1350 484 1395 20
505 1345 635 1405 maii,
661 1346 749 1394 fuit
765 1346 1010 1411 publicum
1037 1347 1383 1395 consistorium
1407 1346 1458 1395 in
1483 1347 1627 1395 tertia
1648 1347 1777 1407 aula,
1801 1347 1851 1395 in
1873 1362 1968 1411 quo

177 1431 389 1496 quinque
411 1435 629 1479 oratores
642 1430 776 1494 regis
793 1431 965 1494 Anglie
983 1430 1225 1479 dederunt
1244 1431 1573 1479 obedientiam
1590 1434 1718 1495 Pape
1739 1448 1748 1478 :
1774 1422 1970 1480 fuerunt

179 1514 429 1582 proposite
453 1519 550 1563 tres
581 1514 976 1573 commissiones3
1029 1514 1238 1579 primam
1262 1516 1519 1579 proposuit
1573 1518 1630 1563 D.
1669 1515 1887 1562 Justinus
1909 1515 1969 1562 de

182 1599 421 1664 Ungaria:
445 1614 540 1662 qua
561 1598 714 1658 finita,
740 1598 943 1646 missum
971 1598 1091 1663 [fuit]
1116 1615 1204 1662 pro
1226 1599 1500 1646 oratoribus
1532 1599 1615 1662 qui
1646 1598 1971 1663 expectabant

182 1683 231 1732 in
251 1698 447 1731 camera
467 1685 525 1730 D.
547 1681 745 1730 Adriani
778 1682 1053 1730 cardinalis.
1081 1685 1333 1731 Duxerunt
1368 1683 1649 1747 patriarcha
1684 1683 1972 1731 Alexandri-

182 1782 289 1826 nus,
318 1764 710 1830 archiepiscopus
729 1766 1032 1825 Tarentinus,
1061 1767 1293 1827 Nolanus,
1334 1767 1633 1826 Cenetensis,
1672 1763 1972 1816 Be'llunensis

184 1853 233 1899 et
249 1849 514 1899 Miletensis
538 1849 752 1914 episcopi
774 1850 1056 1898 assistentes
1080 1869 1088 1897 :
1118 1853 1521 1914 presentaverunt
1547 1851 1734 1899 litteras
1756 1851 1974 1899 missivas

185 1938 232 1982 et
276 1932 559 1982 mandatum
597 1933 845 1997 publicum
885 1934 1031 1998 regis,
1081 1934 1246 1981 datum
1286 1937 1340 1980 21
1384 1934 1619 1982 februarii
1649 1935 1884 1998 preteriti.
1919 1938 1973 1982 In

181 2016 360 2066 litteris
377 2016 612 2065 nominati
642 2016 837 2065 suerunt
867 2017 1026 2065 solum
1060 2017 1150 2080 ipsi
1184 2022 1283 2065 tres
1323 2018 1604 2066 venientes:
1652 2018 1703 2065 in
1742 2017 1973 2066 mandato

181 2107 360 2159 autem,
386 2101 510 2149 ultra
527 2115 629 2161 eOS,
658 2100 920 2148 cardinalis
940 2100 1200 2159 Adrianus,
1239 2104 1296 2149 D.
1336 2101 1395 2150 de
1425 2102 1614 2162 Talbot,
1651 2102 1819 2150 tertius
1847 2102 1975 2166 epis-

184 2199 333 2249 copus
356 2183 707 2248 Vigorniensis,
734 2188 935 2248 quartus
967 2184 1134 2243 abbas,
1178 2184 1373 2248 quintus
1402 2187 1459 2232 D.
1498 2171 1758 2244 Robertus,
1799 2185 1974 2233 deinde

183 2271 322 2333 pater
341 2271 397 2315 D.
426 2267 706 2316 Edoardus:
731 2268 930 2317 interim
956 2270 1012 2316 D.
1037 2267 1285 2316 Johannes
1309 2268 1678 2316 Bartholomeus
1711 2269 1771 2316 de
1808 2268 1975 2316 Dossis

182 2351 436 2415 proposuit
462 2351 726 2400 secundam
759 2352 1180 2410 commissionem3
1211 2354 1460 2416 postremo
1489 2351 1744 2415 proposuit
1778 2352 1977 2400 tertiam

185 2435 581 2483 commissionem
600 2438 657 2483 D.
675 2436 923 2485 Johannes
939 2436 1247 2495 Gozzadinus,
1269 2436 1532 2484 advocatus
1546 2452 1638 2499 que
1665 2435 1781 2484 fecit
1802 2436 1863 2483 ad
1878 2436 1979 2483 ins-

187 2518 387 2566 tantiam
413 2518 590 2566 fiscalis
615 2524 783 2567 contra
803 2520 1076 2583 magistros,
1108 2520 1234 2568 cives
1265 2525 1312 2568 et
1338 2520 1563 2568 consules
1598 2519 1890 2568 Cauricnses
1918 2519 1976 2567 dc

187 2601 571 2649 incarceratione
596 2601 812 2665 episcopi
840 2602 1130 2660 Cauriensis,
1162 2602 1335 2650 decani
1359 2607 1405 2650 et
1438 2602 1653 2651 custodis
1676 2602 1975 2661 Cauriensis,

188 2699 334 2747 super
349 2684 590 2748 personali
612 2685 978 2748 comparitione,
994 2685 1081 2733 sub
1101 2685 1256 2749 penis,
1284 2690 1378 2733 etc.
1400 2701 1410 2744 ;
1438 2683 1614 2732 deinde
1639 2685 1766 2733 lecte
1790 2684 1983 2732 fuerunt

184 2782 273 2830 per
287 2769 343 2814 D.
363 2767 743 2831 Sigismundum,
759 2768 1271 2828 secretarium,littere
1285 2767 1480 2816 missive
1498 2758 1608 2815 cum
1624 2767 1906 2832 patentibus
1931 2766 1978 2814 in
2024 2808 2031 2810 .

187 2850 360 2913 quibus
379 2852 683 2916 supradictus
702 2868 787 2901 rex
814 2852 1056 2901 scribebat
1077 2869 1128 2902 se
1151 2869 1161 2901 ε
1190 2851 1452 2911 Hem-icus,
1480 2851 1576 2899 Dei
1597 2852 1773 2915 qratia,
1800 2850 1983 2914 Anylie

187 2926 236 2981 ef
261 2934 466 2983 Francie
486 2944 530 2984 et
550 2935 650 2984 dux
662 2935 723 2984 H
716 2936 910 3000 ybernie
923 2955 944 2996 ,·
966 2939 1014 2986 et
1030 2937 1202 3000 quibus
1222 2935 1378 2994 lectis,
1399 2937 1453 2983 D.
1475 2935 1730 2993 Robertus,
1747 2934 1978 2992 decanus,

188 3018 270 3081 qui
294 3019 426 3067 stetit
448 3019 645 3068 ultimus
677 3024 787 3084 post
824 3021 943 3069 alios
978 3026 1208 3085 quatuor,
1239 3020 1355 3068 fecit
1389 3019 1663 3067 orationem
1701 3019 1902 3066 brevem
1931 3022 1979 3065 et

190 3098 386 3150 bonam.
413 3106 517 3160 Qua
540 3104 683 3164 facta,
709 3105 985 3153 surrexitin
1022 3105 1252 3169 gradibus
1285 3103 1391 3152 solii
1433 3102 1606 3150 sedens
1639 3105 1695 3150 D.
1720 3102 1975 3165 episcopus

191 3185 507 3248 RedonensiS,
533 3191 696 3241 orator
730 3188 858 3252 regis
889 3189 1111 3249 Francie,
1151 3193 1199 3238 et
1234 3187 1532 3253 genuflexus,
1567 3185 1705 3250 petiit
1733 3184 1977 3233 licentiam

194 3282 222 3317 a
246 3269 379 3334 Papa
402 3269 592 3321 dicendi
624 3272 783 3335 aliqua
824 3289 911 3337 pro
953 3273 1232 3321 defensione
1267 3271 1388 3336 juris
1433 3269 1559 3334 regis
1604 3269 1693 3327 sui,
1740 3268 1815 3316 cui
1852 3270 1982 3331 Papa

195 3353 390 3402 annuit:
415 3355 555 3404 vertit
577 3371 628 3404 se
641 3361 756 3403 tunc
774 3355 823 3402 in
846 3356 1138 3405 eodemloco
1161 3356 1223 3404 ad
1240 3370 1409 3402 omnes
1435 3357 1583 3411 stans,
1611 3352 1946 3415 discoopertus
1966 3367 1976 3409 ;

197 3436 314 3484 dixit
352 3438 619 3487 orationem
654 3438 962 3504 preclaram:
1002 3459 1024 3484 «
1068 3437 1503 3488 Christianissimus
1540 3451 1622 3482 rex
1661 3437 1977 3494 Francorum,

198 3518 398 3570 devotus
419 3521 546 3571 filius
566 3522 712 3587 hujus
735 3525 900 3572 sancte
928 3523 1073 3583 sedis,
1102 3524 1341 3572 hactenus
1377 3520 1623 3570 consuevit
1656 3517 1981 3568 obedientiam
