2228 3938
152 308 372 377 tAout1503}
606 335 775 372 RERUM
809 333 1110 371 URBANARUM
1143 333 1495 371 COMMENTARII.
1863 337 1933 374 243

152 456 314 504 supra,
343 439 470 488 inter
495 418 736 487 cancellos
761 437 926 485 altaris
947 436 1161 500 maj0riS,
1187 439 1235 484 et
1252 436 1392 501 juxta
1415 453 1526 485 eum
1551 441 1756 500 quatuor
1778 437 1931 486 intor-

154 523 264 571 ticia
283 528 525 581 arserunt,
551 525 599 571 et
623 521 852 571 continuo
878 520 1029 568 crevit
1052 520 1297 584 turpitudo
1322 523 1370 568 et
1387 520 1588 584 nigredo
1614 521 1784 580 faciei;
1810 521 1931 570 adeo

151 607 281 669 quod
305 607 428 655 hora
451 606 680 669 vigesima
702 605 860 661 tertia,
889 620 984 667 qua
1012 619 1124 652 eum
1155 604 1271 662 vidi,
1305 604 1460 652 factus
1493 608 1565 652 est
1590 605 1714 653 sicut
1745 621 1932 669 pannus

150 690 226 737 vel
268 705 434 738 morus
478 688 785 753 nigerrimuS‚
835 686 997 734 livoris
1041 690 1170 734 totus
1214 687 1403 750 plenus,
1453 703 1598 735 nasus
1639 688 1830 752 plenus,
1878 704 1932 736 os

150 773 520 836 amplissimum,
552 771 716 835 lingua
745 770 922 833 duplex
953 770 1002 817 in
1040 786 1142 828 ore,
1185 786 1278 834 que
1307 770 1435 819 labia
1465 773 1566 819 tota
1597 770 1845 835 implebat,
1879 788 1933 819 os

150 860 374 919 apertum
411 860 458 904 et
495 856 617 903 adeo
652 853 884 901 horribile
922 853 1054 916 quod
1087 869 1233 901 nemo
1264 854 1437 901 viderit
1470 870 1683 917 unquam
1716 855 1792 903 vel
1825 871 1932 902 esse

152 939 242 986 tale
277 939 452 987 dixerit
481 938 649 1003 (1).1n
683 953 808 994 sero,
843 940 954 1000 post
978 936 1142 1000 viginti
1178 942 1388 1000 quatuor
1416 938 1583 995 horas,
1614 941 1835 1000 portatus
1861 942 1933 986 est

149 1022 208 1069 de
234 1021 364 1070 dicto
389 1022 497 1069 loco
522 1022 582 1069 ad
607 1020 839 1084 capellam
866 1019 925 1068 de
952 1019 1188 1068 Febribus
1211 1022 1259 1067 et
1283 1020 1558 1084 depositum
1576 1020 1714 1084 juxta
1737 1036 1933 1068 murum

149 1105 194 1152 in
238 1105 415 1169 angulo
463 1105 523 1153 ad
563 1104 804 1152 sinistram
841 1103 1003 1152 altaris
1050 1120 1138 1167 per
1173 1120 1257 1153 sex
1304 1104 1511 1152 bifulcos
1553 1121 1639 1152 seu
1686 1104 1934 1153 faccllinos

146 1188 370 1238 ludentes
396 1191 444 1237 et
479 1190 746 1237 annuentes
775 1187 908 1236 circa
933 1190 1132 1251 Papam,
1173 1191 1217 1235 et
1253 1189 1376 1236 duos
1410 1188 1668 1252 magistros
1703 1188 1933 1252 lignarios

146 1272 227 1335 qui
252 1288 447 1336 capsam
472 1272 694 1321 fecerunt
715 1271 857 1319 nimis
883 1271 1099 1319 strictam
1123 1277 1170 1319 et
1191 1272 1334 1319 nimis
1353 1275 1562 1320 curtam.
1588 1274 1934 1321 Assetaverunt

147 1356 236 1403 sibi
268 1356 326 1404 de
358 1360 496 1419 parte
526 1360 751 1420 mytram,
786 1359 832 1403 et
862 1360 1218 1419 cooperuerunt
1255 1372 1367 1404 eum
1393 1372 1505 1404 cum
1544 1356 1740 1419 antiquo
1771 1359 1933 1420 tapete

145 1443 193 1487 et
228 1455 340 1487 cum
371 1440 545 1503 pugnis
580 1439 880 1502 pistaverunt
912 1456 1024 1487 eum
1064 1444 1113 1488 ut
1145 1456 1340 1504 capsam
1377 1440 1604 1499 intraret,
1647 1440 1751 1487 sine
1786 1439 1936 1488 intor-

149 1522 273 1570 ticiis
307 1522 382 1570 vel
414 1522 597 1570 lumine
621 1523 780 1586 aliquo
805 1523 1088 1587 presbytero
1114 1524 1189 1571 vel
1218 1540 1430 1587 persona
1460 1539 1556 1571 una
1579 1539 1672 1586 que
1695 1524 1801 1587 ejus
1823 1538 1933 1571 cor-

150 1621 238 1668 pus
261 1621 428 1654 curam
452 1606 677 1654 haberet.
708 1608 810 1654 Hoc
835 1609 892 1653 D.
921 1606 1240 1670 Chrispolitus
1265 1623 1303 1654 s.
1335 1607 1463 1654 Petri
1489 1606 1610 1653 mihi
1634 1607 1817 1655 retulit.

215 1688 388 1736 Silvius
415 1688 627 1737 Savellus
662 1689 807 1736 hodie
840 1689 1028 1752 accepit
1062 1690 1422 1752 possessionem
1446 1690 1620 1737 domus
1646 1705 1731 1738 sue
1755 1693 1803 1737 et
1825 1706 1932 1738 car-

149 1771 278 1820 ceris
306 1772 515 1831 Sabelle,
555 1777 602 1820 et
649 1772 809 1820 emisit
852 1787 1021 1820 omnes
1060 1774 1285 1823 detentos
1325 1773 1476 1821 libere
1520 1773 1666 1822 exire.
1709 1774 1931 1837 Quinque

149 1854 302 1902 millia
323 1855 469 1903 rubra
491 1855 628 1919 grani
651 1855 710 1903 de
737 1871 775 1902 5.
806 1855 940 1903 Sixto
962 1856 1127 1904 eduxit
1151 1856 1316 1903 dicens
1339 1855 1398 1903 de
1421 1856 1519 1903 suis
1542 1856 1931 1919 possessionibus

149 1954 255 1985 esse
295 1941 502 2001 portata,
548 1942 594 1986 et
632 1938 690 1986 de
732 1937 934 1986 Sabellis
976 1943 1023 1986 et
1059 1938 1118 1986 de
1153 1956 1192 1985 s.
1230 1939 1355 1987 Petri
1399 1939 1459 1986 ad
1494 1938 1698 1987 Vincula
1735 1939 1932 1988 fuerunt

146 2024 338 2069 extacta
367 2024 415 2069 et
445 2021 704 2069 distributa
737 2037 824 2084 pro
852 2022 1081 2069 Romanis
1103 2026 1246 2085 atque
1280 2022 1503 2082 ducibuS‚
1539 2026 1587 2070 et
1619 2022 1769 2071 rubra
1791 2023 1928 2087 grani

144 2104 204 2152 de
225 2103 420 2163 Tibure⁷
447 2105 577 2168 quod
600 2105 688 2153 fuit
713 2121 750 2154 s.
779 2105 951 2173 Angeli
980 2105 1059 2170 (2).

373 2219 566 2279 See-itia,
593 2220 775 2279 insidie,
800 2221 968 2277 rabies,
995 2222 1157 2286 furor,
1182 2221 1271 2280 ira,
1298 2221 1456 2281 libido,

472 2305 737 2368 Sanqccinis
759 2313 900 2369 atque
919 2306 1028 2352 auri
1047 2305 1245 2369 sponyz'a
1267 2305 1369 2353 dira
1393 2306 1512 2364 sitis,

372 2387 548 2437 Sextus
571 2388 867 2448 Aleoecmder‚
888 2388 1026 2451 jaceo
1048 2389 1124 2435 laic
1139 2406 1155 2435 :
1176 2388 1282 2451 jam
1306 2388 1452 2436 libera
1476 2387 1650 2452 quade,

472 2472 645 2532 Roma,
671 2471 753 2519 tibi
772 2472 996 2536 quoniam
1017 2488 1141 2520 mors
1162 2488 1266 2519 mea
1288 2472 1382 2520 vita
1403 2472 1522 2538 fecit.

370 2555 544 2603 δεκίης
564 2554 841 2601 Alexander·
867 2554 1065 2601 vastavit
1081 2555 1267 2602 cedibus
1293 2555 1465 2612 orbem,
1503 2597 1508 2600 .

430 2668 433 2670 -
473 2637 657 2686 Tertius
678 2645 730 2685 at
745 2645 938 2700 reparat
953 2638 1142 2685 nomine
1161 2650 1302 2701 reque
1325 2638 1462 2687 Pius.
1494 2656 1501 2660 ·

194 2791 227 2826 1.
252 2803 270 2823 «
351 2800 373 2826 a
392 2799 621 2825 mezzozorno
637 2787 728 2834 (eioe
747 2787 805 2835 29)
825 2787 868 2823 fu*
882 2790 1025 2835 portato
1040 2787 1085 2823 de
1104 2798 1203 2823 more
1219 2786 1258 2835 (il
1277 2786 1462 2835 pontifice)
1477 2787 1512 2823 iu
1529 2787 1653 2825 chiesa
1668 2788 1704 2824 di
1721 2801 1788 2825 san
1806 2788 1927 2826 Pietro

143 2861 162 2885 e
184 2848 386 2886 monstrato
407 2848 441 2885 al
464 2847 616 2896 popolo;
639 2852 773 2892 tamen,
792 2858 858 2895 per
886 2858 988 2882 esser
1005 2847 1036 2882 el
1057 2846 1119 2894 piu
1139 2846 1276 2892 brutio,
1298 2852 1531 2885 monstruoso
1562 2851 1598 2885 et
1621 2849 1800 2885 horrendo
1818 2860 1927 2896 corpo

143 2907 180 2944 di
199 2913 315 2945 morto
346 2908 412 2945 che
432 2907 463 2944 si
495 2906 650 2944 vedesse
676 2906 761 2951 mai,
795 2917 903 2944 senza
922 2905 1029 2942 alcun
1060 2906 1174 2943 forma
1203 2909 1248 2942 ne
1280 2906 1400 2954 figura
1419 2907 1464 2944 de
1493 2919 1590 2950 omo,
1611 2909 1658 2944 da
1686 2919 1874 2957 vergogna
1892 2907 1926 2944 10

142 2970 297 3005 tennero
316 2981 365 3004 un
385 2980 493 3017 pezzo
519 2971 680 3015 coperto,
702 2979 721 3003 e
739 2965 798 3015 poi
819 2965 942 3003 avanti
973 2965 1006 3002 el
1028 2965 1081 3002 sol
1101 2978 1122 3003 a
1141 2970 1263 3002 monte
1292 2965 1326 3003 lo
1348 2966 1511 3014 sepelite,
1532 2969 1767 3004 adstantibus
1788 2968 1926 3004 duobus

143 3028 394 3064 cardinalibus
415 3026 452 3063 di
483 3026 563 3063 suoi
583 3026 620 3062 di
655 3025 822 3063 Palazzo.
858 3040 877 3059 »
901 3024 1137 3071 Giustiniani‚
1168 3030 1196 3062 t.
1218 3026 1265 3071 11,
1288 3038 1324 3074 p.
1349 3027 1470 3063 124-5.
1501 3027 1546 3064 Et
1565 3027 1754 3072 Costabili‚
1777 3039 1821 3064 en
1841 3027 1925 3063 date

142 3086 191 3122 du
212 3089 328 3123 meme
343 3087 428 3135 jour
453 3087 527 3133 (19)
551 3097 559 3122 :
583 3101 602 3119 «
622 3086 663 3122 El
685 3097 793 3134 corpo
811 3084 870 3121 del
895 3085 996 3134 Papa
1014 3085 1062 3121 ha
1082 3088 1176 3122 stato
1196 3090 1276 3123 tuto
1296 3085 1357 3134 ogi
1378 3085 1415 3121 in
1436 3086 1573 3122 Sancto
1594 3087 1718 3130 Petro,
1742 3090 1924 3134 scoperto,

144 3156 251 3182 cossa
269 3145 495 3183 bruttissima
515 3145 561 3182 da
579 3146 722 3190 vedere,
746 3156 860 3193 negro
880 3149 917 3182 et
933 3144 1110 3192 gonfiato,
1132 3148 1169 3181 et
1188 3157 1252 3193 per
1269 3145 1370 3182 molti
1390 3157 1430 3182 se
1451 3145 1581 3182 dubita
1599 3157 1673 3182 non
1695 3145 1719 3181 li
1740 3145 1795 3182 sia
1815 3145 1925 3183 intra-

142 3208 277 3241 venuto
296 3216 453 3242 veneno.
477 3219 496 3238 »
517 3205 642 3253 (Arch.
665 3205 708 3241 de
728 3204 908 3252 Medd-ne),
930 3205 1000 3250 id„
1016 3216 1062 3242 en
1082 3208 1180 3250 note,
1203 3209 1238 3242 et
1257 3205 1349 3241 dans
1365 3204 1662 3242 Petrucellidella
1680 3204 1843 3250 Gattina,
1860 3204 1923 3252 qui

142 3274 164 3299 a
182 3262 305 3311 publie
326 3262 360 3299 la
373 3263 577 3300 traduction
598 3264 663 3300 des
680 3264 862 3311 depeches
882 3264 926 3300 de
943 3261 1231 3301 l'ambassadeur
1250 3264 1300 3300 du
1320 3264 1391 3300 duc
1411 3265 1455 3301 de
1473 3264 1632 3301 Ferrare.
1653 3266 1747 3301 Hisc.
1768 3265 1920 3310 diplom.

0 3319 7 3355 '²
145 3323 206 3359 des
226 3323 431 3367 conclaves,
446 3326 474 3360 t.
492 3323 520 3368 I,
543 3335 579 3372 p.
600 3324 671 3360 435
690 3327 726 3360 et
747 3322 847 3360 suiv.

0 3377 13 3431 ξ
189 3383 225 3418 2.
254 3381 303 3417 Le
323 3385 435 3425 texte,
456 3380 651 3430 incomplet
682 3383 774 3420 dans
795 3387 878 3420 tous
900 3382 951 3420 les
974 3395 1080 3429 mss,
1102 3387 1160 3421 est
1179 3383 1243 3420 des
1261 3384 1344 3432 plus
1366 3384 1536 3421 obscurs.
1563 3383 1613 3420 Le
1638 3387 1733 3420 texte
1762 3383 1808 3420 du
1832 3395 1920 3421 mss.

10 3442 13 3444 ’
145 3440 266 3489 Chigi,
288 3439 352 3478 fol.
378 3441 413 3486 7,
436 3451 458 3476 a
475 3443 531 3477 ete
552 3441 647 3478 suivi
671 3441 730 3478 ici.
