2228 3938
283 395 353 432 186
888 396 1121 434 JOHANNIS
1154 396 1449 442 BURCHARDI,
1737 384 1940 440 [Decembre
1961 401 2055 432 1502v

284 501 491 549 collocet
513 516 521 547 :
551 499 827 563 hujusmodi
852 499 1040 548 scelera
1066 516 1164 548 non
1187 500 1332 548 modo
1354 515 1451 547 non
1475 499 1684 548 vindicat
1712 503 1792 548 aut
1813 500 2052 563 prohibet,

288 584 372 631 sed
390 584 570 647 apertis
599 582 1075 631 subordinationibus
1104 584 1229 632 fovet
1255 589 1398 647 atque
1424 583 1601 643 irritat,
1634 599 1727 646 quo
1758 582 1940 632 scilicet
1971 600 2058 649 op-

284 666 466 731 pressis
482 666 698 714 exulibus
718 668 766 713 et
783 666 1067 714 adversariis
1089 667 1169 730 qui
1191 666 1381 714 Cesaris
1403 670 1450 714 et
1467 666 1656 714 romani
1675 666 1869 730 Imperii
1891 671 2058 730 partes

287 753 557 814 sequuntur
589 764 798 812 quorum
832 749 959 796 bona
988 735 1047 796 ab
1077 764 1134 798 eo
1169 749 1440 813 proscripta
1473 754 1519 797 et
1549 748 1791 812 publicata
1819 764 1908 813 per
1931 749 2059 814 inju-

290 833 411 882 riam
447 832 643 891 fuerint,
679 831 968 880 incestuosis
1007 831 1116 879 filiis
1151 836 1200 880 et
1236 832 1493 896 nepotibus
1530 832 1589 879 de
1626 831 1820 879 illorum
1856 831 2059 880 fortunis

292 915 470 965 tradita
511 915 726 963 dominia
762 915 1034 963 confirmet.
1075 917 1255 963 Tacent
1293 915 1580 973 cardinales,
1629 914 1666 961 si
1708 914 1788 977 qui
1826 918 1938 963 sunt
1982 915 2061 978 qui

290 999 499 1047 sentiant
524 999 724 1057 melius;
761 1014 872 1046 nam
906 998 1260 1062 potentioribus
1286 999 1463 1062 partim
1485 997 1634 1061 pulsis
1660 997 1841 1060 partim
1866 1012 2063 1061 oppres-

287 1082 373 1141 sis,
403 1096 547 1129 nemo
566 1083 667 1146 jam
693 1085 766 1130 est
797 1098 853 1128 ex
883 1081 1080 1145 reliquis
1109 1082 1189 1145 qui
1216 1081 1409 1129 hiscere
1444 1081 1645 1139 audeat;
1680 1080 1758 1127 alii
1789 1096 1876 1144 per
1904 1080 2062 1129 scelus

291 1182 346 1213 ac
369 1165 683 1229 ignominiam
712 1166 881 1224 creati,
908 1181 1024 1213 auro
1050 1169 1096 1212 et
1121 1165 1419 1213 facinoribus
1446 1164 1584 1212 malis
1610 1168 1823 1228 emptam
1853 1163 2063 1228 dignita-

292 1254 408 1308 tem,
436 1249 789 1297 adulationibus
813 1252 1029 1308 tuentur,
1060 1248 1219 1296 favent
1246 1247 1461 1312 pontifici
1488 1252 1534 1296 et
1563 1248 1893 1306 blandiuntur,
1925 1246 2061 1294 illum

294 1332 572 1380 collaudant
608 1336 749 1396 atque
787 1332 1118 1380 admirantur:
1160 1332 1331 1379 timent
1373 1339 1533 1379 tamen
1566 1346 1734 1378 omne-s
1770 1333 1818 1378 et
1853 1329 2062 1378 maxime

295 1415 556 1464 formidant
578 1416 682 1479 ejus
705 1415 857 1463 filium
879 1414 1198 1473 fratricidam,
1221 1431 1279 1461 ex
1300 1413 1544 1462 cardinale
1568 1413 1795 1461 sicarium
1818 1413 2060 1460 effectum.

291 1498 441 1562 Hujus
465 1503 598 1546 motu
623 1501 670 1546 et
694 1498 937 1546 voluntate
969 1497 1133 1546 omnia
1160 1498 1220 1545 ad
1248 1497 1498 1545 libidinem
1530 1497 1890 1560 gubernantum
1929 1495 2063 1543 illum

293 1581 418 1628 inter
443 1596 620 1644 greges
643 1581 978 1639 meretricum,
1006 1583 1277 1628 Turcarum
1299 1595 1455 1638 more,
1480 1580 1753 1627 latitantem
1780 1578 1954 1627 armati
1975 1578 2066 1626 mi-

293 1664 405 1711 lites
446 1664 725 1711 custodiunt
751 1680 760 1723 ;
803 1663 928 1711 illius
970 1664 1107 1727 jussu
1157 1667 1204 1711 et
1243 1664 1444 1712 decreto
1490 1662 1827 1711 interficuntur
1870 1677 2064 1720 omnes,

294 1747 629 1804 vulnerantur,
658 1747 706 1793 in
737 1746 961 1810 Tyberim
993 1746 1298 1810 dejiciuntur,
1334 1761 1519 1794 veneno
1550 1745 1909 1808 extinguuntur,
1939 1744 2068 1792 bona

294 1830 458 1877 omnia
481 1846 573 1893 que
599 1830 740 1888 intra,
775 1845 866 1892 que
902 1833 1037 1877 extra
1065 1833 1192 1885 sunt,
1228 1829 1533 1893 diripiuntur.
1565 1828 1762 1876 Illorum
1790 1828 1960 1886 fames,
1990 1843 2067 1875 ra-

295 1912 422 1975 pina,
447 1913 549 1960 sitis
571 1913 785 1960 humano
802 1912 1035 1976 sanguine
1057 1913 1305 1960 satiantur.
1330 1915 1542 1968 Quarum
1564 1911 1917 1959 immanitatum
1935 1915 2067 1958 metu

294 1996 470 2043 cedere
489 1997 591 2059 jam
613 1996 671 2043 ab
701 1997 827 2043 Urbe
858 1996 1181 2044 nobilissimas
1209 1996 1428 2054 familiaS,
1457 1995 1648 2044 latitare
1684 1994 1893 2058 optimos
1917 1994 2063 2053 cives,

296 2083 341 2126 et
366 2079 457 2125 nisi
482 2082 551 2126 tot
579 2078 718 2126 malis
751 2079 1111 2142 quamprimum
1140 2083 1447 2126 succurratur
1470 2094 1498 2126 a
1521 2081 1715 2136 cesare,
1748 2092 2069 2141 unumquem-

296 2178 389 2225 que
415 2162 474 2209 de
497 2162 769 2210 deserenda
794 2163 922 2210 Urbe
948 2166 995 2210 et
1019 2162 1076 2210 de
1103 2162 1216 2225 fuga
1238 2162 1455 2225 cogitare
1478 2161 1735 2225 oportebit.

363 2266 383 2288 «
424 2247 459 2292 Ο
492 2245 829 2293 detestandam
864 2261 1032 2293 rerum
1064 2250 1110 2293 et
1140 2248 1415 2308 temporum
1449 2244 1798 2292 conditionem!
1834 2247 2068 2308 quantum

299 2329 358 2376 ab
398 2329 597 2391 antiqua
633 2344 935 2375 summorum
974 2328 1258 2391 pontificum
1292 2328 1545 2377 sanctitate
1581 2328 1933 2391 degeneratum
1968 2328 2063 2375 est!

300 2416 532 2474 quantum
557 2428 584 2460 a
592 2411 781 2476 justitia
799 2412 1067 2460 deviatum!
1094 2412 1185 2462 Vix
1201 2428 1414 2475 unquam
1427 2411 1593 2459 credet
1609 2411 1867 2475 posteritas
1880 2413 2067 2459 tantum

298 2496 461 2558 ignem
484 2496 543 2543 ab
566 2496 659 2543 hac
676 2496 779 2543 face
802 2496 996 2559 generis
1016 2495 1218 2543 humani
1237 2496 1286 2542 in
1307 2496 1512 2559 populos
1539 2511 1810 2554 emanasse,
1833 2499 1880 2543 et
1906 2499 2070 2542 tamen

297 2579 489 2628 interim
519 2578 770 2627 christiani
792 2595 1024 2643 proceres
1048 2580 1107 2627 de
1132 2579 1407 2642 ampliando
1429 2579 1681 2644 religionis
1708 2583 1833 2627 statu
1856 2577 2071 2642 cogitare

299 2663 536 2711 videntur.
568 2664 669 2718 Quo
691 2662 835 2711 modo
859 2663 907 2710 in
925 2666 1106 2711 Turcas
1132 2665 1214 2710 aut
1234 2663 1420 2711 Arabes
1442 2666 1695 2726 gereretur
1722 2662 1920 2721 bellum,
1951 2662 1986 2709 si
2006 2661 2071 2708 is-

299 2747 383 2794 tud
404 2746 727 2794 domesticum
750 2747 1030 2794 incendium
1054 2746 1189 2810 prius
1215 2763 1311 2794 non
1330 2747 1658 2810 extinguatur,
1684 2762 1712 2793 a
1733 2761 1828 2809 quo
1850 2744 2070 2792 infideles

300 2830 460 2878 Caroli
486 2832 786 2877 Francorum
811 2830 938 2893 regis
960 2833 1198 2892 tempore,
1226 2832 1277 2876 ut
1296 2829 1345 2876 in
1370 2829 1592 2892 Apuliam
1618 2844 1728 2876 cum
1755 2844 1837 2875 sex
1862 2827 2071 2874 millibus

301 2913 515 2976 equitum
538 2913 893 2960 descenderent
914 2911 1071 2961 vocati
1095 2915 1269 2959 etcum
1284 2913 1343 2959 de
1365 2911 1615 2974 Alphonso
1631 2926 1745 2974 rege
1770 2910 2066 2967 diffiderent,

301 2996 520 3060 pluribus
559 2996 661 3060 ejus
694 2994 1125 3058 pollicitationibus
1168 2995 1328 3042 allecti
1366 2995 1578 3042 fuerunt.
1619 2993 1732 3042 Ideo
1763 2994 1925 3039 votum
1958 3007 2071 3040 cum

302 3078 464 3142 operis
501 3081 548 3125 et
578 3077 818 3125 bellorum
854 3077 1031 3125 inclitis
1070 3077 1187 3125 olim
1227 3077 1529 3141 principibus
1574 3091 1663 3139 pro
1704 3075 1899 3140 tuenda
1927 3080 2070 3138 atque

303 3162 527 3226 augenda
556 3160 733 3208 Christi
764 3160 1000 3224 religione
1032 3163 1079 3208 et
1108 3160 1390 3224 recipienda
1423 3159 1758 3223 Hierosolyma
1793 3161 2071 3222 susceptum

302 3247 389 3304 est,
418 3247 606 3293 tantum
633 3243 823 3292 cruoris
853 3244 912 3291 ab
943 3243 1122 3292 inclitis
1148 3243 1446 3307 martyribus
1479 3242 1700 3300 effusum,
1730 3244 1921 3289 tantum
1943 3240 2075 3289 labo-

302 3329 370 3375 ris
396 3330 443 3376 et
466 3327 739 3391 vigiliarum
765 3342 792 3374 a
818 3326 1135 3374 sanctissimis
1160 3327 1306 3390 hujus
1331 3325 1599 3389 reipublice
1626 3324 1909 3372 ductoribus
1936 3339 2074 3372 exsu-

304 3412 489 3468 datum,
524 3413 575 3458 ut
613 3410 796 3458 scilicet
826 3410 1093 3458 Rodericus
1128 3410 1303 3473 Borgia
1334 3409 1551 3457 omnium
1578 3410 1777 3467 etatum,
1807 3408 2073 3457 detestabi-

304 3493 486 3540 lissima
510 3493 735 3541 vitiorum
762 3509 939 3557 vorago
971 3496 1019 3540 et
1051 3508 1225 3556 gurges
1263 3492 1543 3550 altissimuS,
1585 3494 1749 3557 empto
1791 3507 1878 3555 per
1913 3490 2070 3540 scelus
