2228 3938
323 366 365 400 tu
932 366 1166 403 JOHANNIS
1199 363 1495 408 BURCHARD1‚
1828 368 1982 408 [10111001-
2004 370 2098 408 1501]

332 468 877 530 1·00οΡ11151’1.101·0101ολ
899 486 948 515 50
971 467 1073 531 ipso
1096 468 1176 516 ivit
1198 468 1257 516 ad
1273 467 1435 516 locum
1464 482 1603 514 suum
1638 466 1764 514 inter
1798 467 1917 516 alios
1952 469 2098 517 assis-

327 554 502 598 1011105.
529 552 703 598 Forma
731 550 859 614 petie
878 568 1022 600 auree
1045 552 1093 600 in
1111 551 1319 600 liminari
1340 554 1477 615 porte
1507 566 1652 599 auree
1686 554 1870 600 murate
1891 550 2098 602 habetur

327 633 449 681 infra
468 632 581 682 solio
604 635 738 692 CCL3
761 639 991 698 argentea
1012 640 1173 684 autem
1193 635 1286 683 hec
1308 639 1381 682 est
1403 633 1483 698 (1).

385 716 522 765 Idem
546 719 629 766 SS.
656 720 713 766 D.
748 723 930 778 noster,
956 719 1201 768 concessit
1233 734 1320 783 per
1358 718 1545 766 Italiam
1571 717 1903 782 plenissimam
1943 718 2096 769 indul-

317 801 533 865 gentiam
559 801 671 850 anni
690 802 858 867 jubilei
876 819 1027 867 usque
1046 803 1107 851 ad
1131 803 1304 852 festum
1324 805 1636 851 Pentecostes
1657 818 1808 867 prope
1822 807 2093 864 venturum,

317 885 454 950 cujus
490 885 848 935 commissarios
885 887 999 936 fecit
1029 887 1200 936 fratres
1223 886 1406 935 ordinis
1440 886 1679 935 Minorum
1703 885 1762 934 de
1796 887 2098 939 observantia

319 984 406 1033 per
424 970 610 1019 litteras
631 970 918 1035 apostolicas
941 986 1142 1039 quarum
1168 975 1308 1019 tenor
1331 975 1403 1018 est
1423 970 1724 1034 hujusmodi.

388 1053 721 1114 «Alexander,
759 1055 1030 1119 episcopus,
1069 1071 1231 1103 servus
1264 1070 1510 1103 servorum
1548 1055 1653 1114 Dei,
1690 1055 1750 1103 ad
1779 1056 1990 1105 futuram
2025 1056 2092 1106 rei

320 1136 624 1186 memoriam.
663 1139 874 1187 Pastoris
911 1139 1062 1187 eterni
1098 1139 1178 1202 qui
1218 1154 1305 1203 pro
1343 1138 1494 1187 salute
1532 1138 1692 1204 gregis
1729 1139 1922 1188 Domini
1961 1156 2012 1188 se
2049 1139 2097 1187 in

318 1220 525 1287 pretium
548 1221 799 1270 immolare
820 1237 918 1271 11011
939 1222 1121 1281 abnuit,
1147 1222 1291 1283 vices,
1317 1222 1531 1286 quamvis
1547 1222 1792 1283 immeriti,
1815 1223 2095 1287 gerentesin

322 1304 475 1366 terris,
516 1310 563 1355 et
603 1321 801 1370 gregem
835 1306 997 1369 >ipsum
1036 1305 1174 1354 nobis
1217 1306 1373 1354 divina
1413 1306 1727 1370 dispositione
1763 1306 2093 1366 commissum,

319 1394 516 1454 paterne
549 1389 837 1438 conditionis
866 1389 1041 1437 intuitu
1074 1389 1448 1453 conspicientes,
1490 1390 1548 1437 de
1582 1390 1851 1439 animarum
1884 1389 2098 1454 singulo-

324 1488 427 1522 rum
450 1473 664 1522 fidelium
690 1472 990 1521 credentium
1018 1473 1307 1537 populorum
1331 1470 1483 1522 salute
1508 1473 1708 1522 sollicite
1735 1474 2023 1537 cogitamus,
2052 1479 2098 1522 01

325 1556 514 1604 illarum
547 1555 771 1619 periculis
803 1556 1101 1604 accurrimus
1135 1560 1183 1605 et
1220 1561 1459 1616 tenemur,
1501 1572 1679 1621 eosque
1713 1572 1833 1620 quos
1866 1561 1917 1604 ut
1950 1572 2097 1621 pecu-

324 1638 468 1687 liares
490 1637 614 1686 filios
642 1637 813 1686 merito
842 1638 891 1686 in
920 1638 1182 1687 visceribus
1211 1639 1422 1703 gerimus
1450 1639 1714 1699 charitatiS,
1746 1639 1804 1687 de
1835 1639 2098 1703 apostolice

321 1722 570 1788 potestatis
594 1721 910 1786 plenitudine,
936 1738 1078 1785 quam
1100 1738 1197 1770 non
1219 1722 1278 1770 ab
1300 1721 1499 1770 homine
1522 1721 1796 1770 obtinemus
1821 1722 1906 1771 sed
1927 1738 1955 1770 a
1973 1724 2091 1775 Deo,

322 1804 723 1869 indulgentiarum
757 1804 997 1853 favoribus
1023 1805 1380 1870 prosequimur,
1409 1808 1456 1854 et
1483 1804 1848 1854 remissionibus
1876 1808 2099 1869 peccato-

327 1903 431 1938 rum
455 1889 787 1937 confovemus.
820 1889 983 1952 Nuper
1006 1888 1239 1951 siquidem
1263 1905 1464 1953 presens
1486 1904 1638 1937 annus
1660 1888 1830 1952 jubilei
1853 1887 2098 1937 remissio-

323 1972 396 2019 nis
420 1975 465 2020 et
484 1970 641 2035 gaudii
663 1987 718 2019 ac
737 1971 1142 2019 reconciliationis
1163 1971 1364 2020 humani
1385 1971 1577 2036 generis
1599 1971 1910 2036 Redemptori
1931 1975 2097 2020 nostro

323 2055 542 2118 piissimo
565 2054 645 2118 qui
666 2055 880 2118 quolibet
898 2070 1023 2103 anno
1047 2055 1314 2103 centesimo
1337 2055 1395 2102 ab
1416 2055 1543 2103 illius
1563 2056 1778 2119 primeva
1798 2055 2095 2104 ordinatione

321 2153 408 2201 per
436 2138 590 2186 felicis
625 2137 972 2186 recordationis
1001 2137 1299 2186 Bonifacium
1326 2141 1429 2188 VIII
1452 2138 1694 2187 institutus
1722 2142 1769 2187 et
1797 2137 1969 2186 deinde
1992 2138 2098 2187 Cle-

322 2226 538 2270 mentem
567 2224 630 2272 vl
660 2222 720 2270 ad
752 2221 1226 2285 quinquagesimum,
1259 2225 1306 2271 et
1333 2222 1601 2271 successive
1636 2222 1919 2287 Gregorium
1947 2223 2010 2271 XI
2038 2222 2094 2270 ad

324 2304 626 2369 trigesimum
650 2305 863 2364 tertium,
889 2307 937 2354 et
962 2310 1133 2369 postea
1159 2306 1221 2354 ad
1240 2305 1523 2354 vicesimum
1550 2306 1769 2370 quintum
1790 2322 1878 2370 per
1899 2306 1976 2370 pie
1994 2321 2093 2353 me-

323 2389 474 2438 morie
499 2390 699 2438 Paulum
722 2391 779 2449 ll,
808 2391 1050 2439 Romanos
1075 2390 1331 2438 Pontifices
1353 2390 1722 2454 predecessores
1751 2394 1941 2438 nostros
1958 2402 2098 2453 prop—

324 2479 393 2521 ter
413 2473 623 2521 humane
648 2473 740 2522 vite
762 2472 1045 2522 brevitatem
1068 2473 1295 2523 reductus
1317 2474 1421 2533 fuit,
1447 2474 1625 2523 instare
1645 2477 1930 2523 nosceretur
1949 2476 2098 2521 esset·-

319 2571 411 2619 que
447 2556 526 2605 ille
568 2554 861 2606 centesimus
899 2574 1050 2606 annus
1084 2558 1164 2621 qui
1197 2558 1255 2606 ab
1287 2558 1390 2622 ipsa
1424 2556 1638 2623 primeva
1674 2555 1973 2606 ordinatione
2010 2554 2097 2603 fuit

320 2637 565 2689 institutus
588 2645 633 2689 01
657 2641 706 2689 111
727 2657 820 2704 quo
842 2641 1048 2689 universi
1070 2641 1319 2690 christiani
1344 2641 1511 2690 fideles
1530 2632 1922 2706 'quibuscumque
1949 2639 2096 2688 etiam

321 2723 615 2787 gravissimis
643 2724 831 2773 delictis
867 2725 1062 2774 obnoxii
1090 2741 1200 2774 vere
1228 2725 1501 2790 penitentes
1533 2730 1580 2774 01
1607 2725 1834 2785 confessi,
1857 2720 2094 2773 visitando
2128 2775 2133 2778 ,

318 2806 541 2856 basilicas
564 2811 610 2856 et
631 2808 862 2856 ecclesias
881 2808 1006 2857 alme
1028 2808 1168 2857 Urbis
1191 2812 1238 2858 et
1258 2813 1392 2856 extra
1409 2824 1516 2856 eam
1537 2808 1789 2872 deputatas
1807 2807 2092 2869 illarumque

322 2889 505 2956 majora
522 2889 690 2939 altaria
709 2889 1040 2955 plenissimam
1060 2890 1274 2939 omnium
1295 2895 1605 2955 peccatorum
1628 2906 1825 2939 suorum
1843 2888 2094 2953 indulgen—

323 2973 435 3021 110111
459 2978 834 3038 consequantur,
861 2979 908 3023 et
925 2978 1184 3039 propterea
1205 2973 1263 3022 ab
1292 2973 1517 3022 omnibus
1539 2973 1711 3023 Christi
1740 2973 1962 3022 fidelibus
1983 2987 2092 3020 cum

322 3057 506 3121 majore
555 3057 825 3122 frequentia
864 3061 910 3106 01
949 3051 1201 3106 devotione
1242 3073 1339 3107 non
1378 3057 1623 3108 immerito
1670 3056 2004 3116 celebrandus,
2047 3058 2093 3103 et

320 3154 611 3204 cuperemus
652 3141 833 3189 dictum
873 3154 1051 3189 annum
1087 3140 1258 3205 jubilei
1294 3142 1353 3189 ab
1393 3142 1509 3206 ipsis
1544 3141 1767 3190 fidelibus
1806 3154 1916 3189 cum
1961 3137 2089 3187 omni

320 3221 485 3271 dehita
505 3221 760 3272 devotione
784 3222 1036 3282 celebrari,
1060 3239 1115 3272 ac
1129 3223 1296 3272 fideles
1312 3224 1442 3288 ipsos
1460 3224 1709 3273 addictam
1728 3223 1906 3271 Urbem
1919 3237 2007 3286 pro
2020 3236 2093 3269 re-

321 3299 540 3356 verentia
561 3307 815 3355 beatorum
842 3307 967 3356 Petri
996 3311 1042 3355 et
1062 3307 1190 3355 Pauli
1214 3308 1540 3371 apostolorum
1561 3306 1849 3372 principum,
1879 3305 1959 3369 qui
1984 3319 2088 3354 eam

372 3491 408 3528 1.
438 3490 488 3527 La
509 3491 606 3538 piece
627 3492 792 3540 (largent
813 3496 868 3528 est
885 3494 1113 3539 representee
1135 3503 1195 3529 sur
1213 3490 1244 3529 10
1266 3503 1352 3530 mss·
1375 3491 1483 3539 origi
