2228 3938
210 376 291 421 [Mai
313 375 405 417 1500]
639 374 809 413 RERUM
842 373 1146 413 URBANARUM
1175 372 1530 411 COMMENTARII.
1947 377 1995 413 55

210 479 429 529 tulerunt
449 477 499 528 in
517 476 935 528 hac‘sanctissima
964 479 1011 524 et
1038 474 1409 538 pernecessaria
1433 475 1738 540 expeditione
1759 476 1994 527 accedere

209 567 255 612 et
281 562 529 627 proprium
555 561 856 626 sanguinem,
881 559 920 607 'si
959 575 1079 623 opus
1110 558 1273 619 fuerit,
1307 559 1577 621 effundere,
1603 563 1650 608 et
1676 561 1905 624 quoniam
1934 559 1994 611 ad

212 651 394 696 tantam
411 646 482 696 rei
503 646 683 696 molem
697 642 1046 710 perficiendam
1060 647 1226 692 nostre
1248 646 1303 692 et'
1317 644 1540 709 ejusdem
1553 647 1770 693 Romane
1787 645 1994 695 ecclesie

213 747 311 780 non
337 733 600 796 suppetunt
625 729 895 788 facultateS,
923 728 1140 777 volentes
1168 727 1523 792 provisionibus
1553 727 1665 777 huic
1689 729 1994 778 sanctissimo

214 814 371 881 operi,
408 829 470 863 ne
510 813 604 862 alia
660 811 897 871 dominia,
934 827 1106 875 regna,
1156 810 1432 875 provincias
1471 815 1520 861 et
1554 812 1665 860 loca
1704 812 1996 861 christiano-

212 915 319 948 rum
357 895 666 963 perfidissimi
714 899 866 945 Turce
910 894 1152 959 diripiant,
1189 910 1246 943 ac
1297 896 1385 943 sub
1431 911 1518 944 sua
1544 895 1798 961 tyrannide
1846 897 1998 949 dedu-

210 986 321 1032 cant
361 986 412 1031 et
449 980 687 1030 continuis
722 979 963 1029 bellorum
1002 978 1273 1028 turbinibus
1322 979 1538 1043 affligant
1582 983 1816 1043 quantum
1855 978 1997 1028 nobis

211 1082 271 1116 ex
315 1066 424 1114 Alto
462 1064 758 1130 permittitur
794 1063 947 1113 votive
979 1063 1251 1123 intendere,
1288 1067 1479 1112 matura
1511 1062 1721 1128 desuper
1760 1063 1999 1112 delibera-

212 1150 343 1199 tione
369 1149 640 1214 prehabita,
684 1148 743 1197 de
785 1147 1070 1197 eorumdem
1107 1151 1272 1197 sancte
1294 1150 1512 1196 Romane
1552 1146 1759 1197 ecclesie
1781 1147 2000 1196 cardina-

209 1235 331 1283 lium
359 1233 562 1283 consilio
602 1232 784 1298 pariter
806 1236 855 1282 et
893 1223 1116 1293 assensu,
1143 1232 1203 1281 ab
1240 1231 1477 1281 universis
1517 1236 1564 1280 et
1596 1230 1796 1296 singulis
1836 1231 2000 1280 ⁷Iudeis

210 1318 260 1367 in
300 1317 526 1366 universo
574 1316 960 1367 Christianorum
989 1317 1105 1366 orbe
1152 1316 1356 1366 ubilibet
1381 1315 1675 1375 constitutiS,
1713 1315 2000 1379 vigesimam

211 1406 402 1467 partem
435 1400 656 1451 omnium
685 1401 927 1450 bonorum
954 1417 1170 1462 suorum,
1195 1401 1442 1451 fructuum
1478 1415 1688 1466 quoque,
1723 1400 2001 1449 reddituum

211 1491 259 1534 et
311 1488 649 1551 proventuum,
703 1501 762 1534 ac
801 1485 1119 1550 pecuniarum
1171 1500 1609 1549 quarumcumque,
1661 1484 2000 1548 undecumque

214 1573 262 1618 et
282 1569 743 1634 quomodocumque
763 1569 910 1618 etiam
931 1586 1021 1633 per
1038 1569 1287 1618 usuariam
1310 1568 1603 1633 pravitatem
1624 1568 1687 1616 ad
1707 1583 1875 1616 eorum
1896 1583 2000 1615 ma-

210 1669 300 1701 nus
322 1653 713 1718 pervenientium
733 1668 822 1718 per
841 1652 973 1716 ipsos
990 1652 1168 1701 Judeos
1184 1651 1554 1717 persolvendam
1576 1655 1623 1700 et
1649 1651 1709 1699 ab
1732 1650 1802 1700 eis
1824 1651 2001 1700 tollen-

214 1736 345 1797 dam,
391 1736 650 1785 levandam
696 1740 745 1785 et
777 1736 1068 1800 exigendam
1098 1736 1224 1785 infra
1252 1735 1532 1795 terminum,
1567 1751 1655 1799 per
1687 1735 1876 1799 legatos
1904 1734 2000 1783 sive

210 1820 402 1870 nuntios
421 1824 468 1870 et
491 1819 781 1886 collectores
802 1835 891 1884 per
910 1835 1000 1869 nos
1036 1821 1246 1884 desuper
1284 1819 1608 1884 deputandos,
1636 1819 1820 1868 eisdem
1852 1818 2000 1883 prefi-

210 1900 423 1970 gendum
444 1903 495 1953 in
514 1903 809 1969 premissum
836 1903 952 1953 fidei
974 1909 1074 1952 tam
1096 1919 1374 1964 commune,
1410 1908 1510 1952 tam
1544 1908 1768 1952 sanctum
1803 1907 2000 1967 tamque

209 1987 631 2055 pernecessarium
654 2004 774 2053 opus
790 1987 1016 2036 videlicet
1045 1993 1092 2036 et
1113 2004 1211 2036 non
1238 1987 1289 2036 in
1326 1987 1447 2036 alios
1471 2004 1587 2036 usus
1601 1987 1995 2046 convertendam,

210 2072 500 2122 auctoritate
528 2072 798 2137 apostolica
818 2072 876 2122 'et
897 2087 957 2122 ex
977 2076 1113 2122 certa
1131 2072 1352 2131 scientia,
1386 2076 1555 2120 tenore
1580 2072 1879 2137 presentium
1913 2086 2002 2135 per

211 2155 491 2216 triennium,
512 2156 667 2204 adata
679 2157 980 2221 presentium
999 2156 1398 2221 computandum,
1417 2155 1713 2220 imponimus
1731 2172 1740 2215 ;
1762 2161 1809 2205 et
1827 2161 1878 2205 ut
1897 2172 2002 2221 pre-

210 2240 293 2290 fati
320 2239 460 2289 Judei
496 2239 777 2304 impositam
805 2240 876 2289 eis
897 2233 1183 2305 vigesimam
1205 2240 1493 2305 predictam,
1520 2239 1624 2288 sine
1648 2240 1812 2303 aliqua
1832 2240 1999 2289 fraude

211 2325 260 2375 in
285 2324 492 2373 termino
523 2324 783 2373 statuendo
818 2324 1008 2389 integre
1038 2325 1333 2389 persolvant,
1360 2324 1616 2389 siquando
1638 2340 1725 2388 per
1755 2339 1838 2373 eos
1868 2325 2000 2373 frau-

213 2408 326 2456 dem
350 2407 588 2456 committi
618 2407 878 2473 contigerit
903 2412 986 2457 aut
1008 2409 1145 2473 lapso
1172 2408 1383 2458 termino
1409 2408 1696 2473 vigesimam
1723 2408 2000 2472 hujusmodi

212 2491 444 2541 exhibere
476 2491 798 2555 neglexerint,
824 2496 940 2541 tunc
969 2508 1028 2541 ex
1049 2508 1107 2541 eo
1124 2509 1242 2541 casu
1258 2493 1503 2563 decimam
1519 2492 1760 2557 integram
1783 2492 2001 2548 omnium

212 2576 454 2623 bonorum
476 2591 676 2623 suorum
700 2576 804 2624 sine
833 2576 996 2639 aliqua
1019 2575 1308 2625 remissione
1338 2577 1631 2641 persolvant,
1658 2580 1706 2624 et
1736 2576 1884 2625 etiam
1912 2592 2006 2647 pro·

214 2659 431 2725 quolibet
452 2659 738 2708 centenario
760 2659 1057 2708 florenorum
1079 2664 1290 2723 quatuor
1310 2660 1522 2708 florenos
1545 2659 1729 2708 solvant
1752 2660 1996 2708 inventori

203 2730 264 2791 ‘et
285 2758 454 2793 eorum
476 2742 700 2792 fraudem
725 2742 975 2802 relevanti,
999 2758 1098 2791 non
1131 2743 1436 2792 obstantibus
1454 2743 1732 2807 privilegiiS,
1759 2743 1931 2807 gratiis·
1953 2746 2002 2791 et

219 2826 417 2876 indultis
436 2826 716 2891 apostolicis
747 2826 932 2876 eisdem
952 2827 1117 2875 ⁷Iudeis
1140 2817 1226 2876 sub
1243 2843 1552 2891 quacumque
1571 2827 1826 2876 verborum
1847 2827 2003 2875 forma

220 2915 266 2959 et
289 2910 456 2974 quavis
475 2910 762 2961 auctoritate
778 2910 1019 2975 ingerere,
1040 2911 1116 2960 vel
1137 2911 1185 2959 in
1208 2911 1373 2976 specie
1401 2917 1449 2959 et
1473 2927 1583 2968 cum
1612 2911 1999 2974 quibuscumque

220 2992 449 3042 clausulis
471 2993 619 3042 etiam
638 2994 1059 3059 derogatoriarum
1079 2995 1421 3059 derogatoriiS,
1454 2995 1735 3043 fortioribus
1762 2999 1808 3043 et
1835 2994 2002 3043 effica-

225 3076 441 3125 cioribus
462 3093 519 3126 ac
537 3077 744 3126 insolitis
766 3078 1028 3139 concessiS,
1056 3079 1246 3127 statutis
1277 3094 1470 3142 quoque
1498 3082 1546 3126 et
1573 3077 2002 3127 consuetudinibus

229 3160 605 3224 provinciarum,
632 3161 872 3211 civitatum
896 3166 942 3211 et
961 3163 1186 3212 locorum
1206 3163 1255 3210 in
1277 3162 1452 3226 quibus
1473 3162 1679 3226 predicti
1699 3165 1723 3210 J
1729 3161 1839 3210 udei
1860 3160 2003 3209 habi-

231 3247 353 3304 tant,
372 3245 517 3294 etiam
526 3247 825 3310 juramentO,
837 3247 1211 3296 confirmatione
1233 3247 1497 3311 apostolica
1508 3248 1581 3295 vel
1593 3246 1756 3311 quavis
1771 3246 2002 3294 firmitate

236 3326 330 3374 alia
355 3328 612 3390 roboratiS,
648 3345 738 3394 per
767 3347 861 3394 que
897 3331 1083 3379 nullum
1105 3331 1220 3395 ipsis
1248 3331 1535 3394 suffragium
1558 3331 1734 3379 afferre
1755 3344 1896 3393 posse
1920 3327 2005 3375 de-

240 3410 480 3460 cernimus
526 3418 573 3462 et
611 3413 944 3475 declaramus;
987 3415 1262 3478 ceterisque
1303 3413 1559 3462 contrariis
1599 3413 2000 3476 quibuscumque.

240 3494 423 3542 Verum
445 3509 555 3543 cum
578 3496 772 3545 difficile
790 3497 917 3546 soret
936 3503 1187 3562 presentes
1203 3498 1390 3546 litteras
1409 3496 1470 3544 ad
1491 3495 1678 3558 singula
1692 3508 1881 3557 queque
1898 3491 2007 3540 loca
