2254 3944
350 395 394 431 10
960 394 1193 432 JOHANNIS
1226 395 1518 443 BURCHARDI,
1855 401 2013 441 [Janvier
2033 404 2130 443 1500]

416 496 555 544 Feria
598 498 829 557 secunda,
881 499 1100 562 sequenti
1148 499 1268 548 festo
1306 500 1560 565 epiphanie
1602 502 1810 562 Domini,
1854 502 1940 550 fuit
1983 504 2130 552 missa

350 582 579 630 solemnis
609 583 658 630 in
697 581 894 630 basilica
932 598 970 630 S.
1011 583 1157 642 Petri,
1197 600 1341 647 quam
1380 585 1636 634 celebravit
1677 588 1842 634 Rmus.
1885 588 1940 634 D.
1978 587 2131 634 cardi-

351 666 473 716 nalis
498 666 861 726 Recanatensis,
891 669 1016 730 Papa
1043 671 1286 732 presente,
1317 669 1396 732 qui
1428 669 1557 717 venit
1582 670 1642 717 ad
1677 669 1855 718 dictam
1880 670 2129 719 basilicam

348 748 397 796 in
424 749 574 808 tiara3
605 754 651 798 et
682 766 779 797 non
813 749 899 798 fuit
934 765 1094 799 sermo
1128 751 1238 814 quia
1264 754 1389 816 Pape
1414 753 1567 800 visum
1601 757 1671 800 cst
1703 753 1832 816 quod
1859 753 1979 801 hora
2004 758 2132 804 esset

352 831 494 880 nimis
521 834 676 882 tarda.
707 835 940 882 Ostensus
965 837 1035 882 est
1059 834 1233 884 Vultus
1259 836 1468 896 Domini,
1498 851 1633 884 more
1661 836 1818 884 solito.

416 915 684 975 Dominica,
719 919 774 964 12
808 917 920 965 dicti
957 917 1135 965 mensis
1161 918 1387 981 januarii,
1417 919 1547 968 circa
1569 919 1741 967 horam
1766 921 2126 980 duodecimam,

354 999 567 1064 vesperis
607 999 754 1048 finitis
791 999 839 1047 in
874 999 1073 1048 basilica
1108 1001 1340 1065 principis
1378 1002 1723 1065 apostolorum,
1766 1003 1938 1066 quibus
1985 1003 2134 1051 inter-

352 1082 544 1130 fuerunt
590 1083 756 1131 RRmi.
815 1085 916 1131 DD.
968 1083 1224 1131 cardinalis
1278 1086 1646 1133 Beneventanus
1695 1090 1742 1133 et
1789 1102 1827 1134 s.
1880 1087 2132 1145 Praxedis,

351 1170 405 1215 R.
442 1169 494 1214 P.
539 1169 596 1214 D.
637 1168 856 1215 Andreas
895 1167 954 1214 de
992 1168 1147 1226 Valle,
1189 1168 1445 1231 episcopus
1484 1169 1830 1229 Cotroniensis,
1873 1171 2134 1219 canonicus

351 1250 476 1299 dicte
522 1250 742 1310 basilice,
794 1254 989 1314 paratus
1036 1250 1226 1314 pluviali
1264 1255 1310 1298 et
1350 1251 1510 1310 mitra,
1562 1253 1938 1316 precedentibus
1974 1253 2134 1318 ipsum

351 1334 481 1384 clero
520 1335 739 1398 ejusdem
775 1334 990 1394 basilice,
1025 1334 1249 1382 videlicet
1280 1334 1470 1383 clericis
1504 1335 1825 1395 beneficiatis,
1860 1336 2135 1385 cantoribus

349 1423 398 1467 ct
445 1418 714 1477 canonicis,
764 1418 1188 1481 processionaliter
1238 1419 1442 1468 accessit
1488 1420 1549 1467 de
1596 1420 1746 1467 choro
1795 1421 1855 1468 ad
1900 1420 2133 1484 capellam

350 1501 587 1551 Veronice
615 1517 760 1565 quam
785 1502 1019 1565 ascenpit,
1049 1506 1099 1549 et
1125 1503 1184 1550 de
1212 1503 1316 1566 ejus
1343 1503 1526 1551 ciborio
1548 1503 1736 1567 accepit
1761 1503 1942 1551 serrum
1964 1504 2134 1552 lancee

350 1600 445 1647 quo
474 1584 598 1632 latus
639 1584 895 1632 Salvatoris
925 1585 1077 1632 nostri
1111 1585 1285 1633 dicitur
1321 1586 1468 1633 fuisse
1508 1585 1833 1649 perforatum3
1870 1588 1999 1650 quod
2034 1587 2129 1634 fer-

351 1683 477 1726 rum,
499 1671 716 1731 tempore
742 1668 897 1716 felicis
916 1668 1151 1716 memorie
1177 1669 1442 1716 Innocentii
1471 1685 1594 1732 pape
1614 1671 1737 1729 VIII,
1758 1670 1847 1718 fuit
1873 1671 1932 1717 ad
1954 1670 2131 1718 Urbem

351 1755 588 1816 portatum
615 1752 676 1816 (1)
705 1757 750 1801 et
777 1753 821 1800 in
848 1751 1029 1800 ciborio
1056 1752 1276 1815 predicto
1313 1756 1666 1812 conservatum,
1709 1757 1755 1801 et
1787 1753 1903 1801 illud
1929 1753 2133 1817 portavit

348 1837 774 1900 processionaliter
810 1837 869 1884 ad
907 1837 1160 1893 ciborium,
1198 1853 1345 1901 supra
1380 1838 1528 1886 altare
1576 1838 1714 1886 beate
1747 1839 1897 1887 Marie
1934 1837 2131 1901 virginis

347 1920 592 1983 sepulture
624 1920 827 1983 predicti
862 1921 1128 1968 Innocentii
1159 1922 1219 1969 ad
1251 1920 1344 1969 hoc
1377 1921 1669 1969 ordinatum.
1713 1923 1868 1985 Super
1897 1921 2132 1969 ambobus

349 2003 544 2051 ciboriis
567 2004 724 2067 posita
741 2008 786 2051 et
809 2020 1014 2052 accensa
1034 2004 1225 2052 fuerunt
1247 2004 1408 2052 omnia
1429 2004 1662 2052 intortitia
1684 2021 1774 2067 que
1798 2021 1855 2052 ex
1874 2004 2043 2052 ordine
2068 2003 2132 2052 ibi

348 2087 460 2150 poni
489 2091 709 2150 possunt.
738 2089 968 2135 Cantores
1000 2086 1127 2135 dicte
1152 2087 1348 2135 basilice
1374 2088 1699 2150 precedebant
1727 2089 1905 2136 dictam
1932 2103 2131 2152 proces-

349 2170 550 2229 sionem,
581 2175 834 2219 cantantes
859 2188 868 2219 :
894 2172 1082 2235 Panye,
1108 2172 1292 2234 linqua,
1317 2172 1568 2234 ylorz'osi...
1593 2172 1926 2220 Precedebant
1952 2173 2125 2220 imme-

350 2254 475 2303 diate
501 2255 659 2318 ipsum
689 2257 972 2319 episcopum
998 2256 1257 2304 duodecim
1288 2255 1566 2304 beneficiati
1593 2259 1846 2319 portantes
1871 2255 2129 2304 duodecim

354 2338 599 2386 intorticia
633 2339 884 2398 ardentia;
926 2341 1086 2403 ipsum
1123 2340 1453 2402 sequebantur
1485 2339 1601 2386 dicti
1634 2340 1730 2386 duo
1768 2338 2059 2396 cardinales,
2085 2341 2132 2386 et

351 2437 433 2469 eos
451 2422 626 2485 prelati
647 2426 693 2471 et
715 2439 887 2471 eorum
904 2423 1107 2471 familIa.
1128 2422 1250 2472 Cum
1271 2424 1528 2487 episcopus
1547 2422 1847 2471 ascendisset
1863 2422 2048 2470 dictum
2069 2422 2134 2468 ci-

351 2506 562 2565 borium,
587 2508 722 2556 dedit
746 2507 1141 2556 benedictionem
1163 2507 1569 2556 interessentibus
1594 2522 1704 2554 cum
1730 2505 1863 2553 ferro
1884 2505 2127 2569 predicto,

351 2589 549 2638 reclusit
572 2591 691 2639 illud
719 2593 767 2639 in
792 2592 1109 2641 tabernaculo
1135 2594 1398 2655 preparato
1423 2594 1470 2638 et
1493 2593 1807 2638 recesserunt
1828 2604 2015 2637 omnes.

416 2675 468 2722 ln
490 2677 634 2722 nocte
665 2676 903 2738 sequenti,
934 2675 1012 2722 die
1044 2675 1231 2733 martis,
1273 2678 1329 2722 14
1360 2674 1478 2722 dicti
1517 2673 1714 2731 mensis,
1749 2672 2025 2720 nuntiatum
2057 2675 2131 2719 est

353 2773 439 2822 per
471 2759 652 2806 Urbem
683 2775 848 2806 arcem
883 2759 1263 2807 Foroliviensem
1293 2758 1629 2806 fraudulenter
1661 2759 1708 2803 et
1737 2755 1974 2803 violenter
2006 2758 2053 2802 et
2081 2755 2129 2801 in

353 2858 409 2889 ea
453 2842 761 2906 Magnificam
791 2846 848 2891 D.
886 2843 1202 2901 comitissam,
1246 2842 1472 2889 relictam
1506 2840 1752 2902 quondam
1784 2838 1977 2886 comitis
2015 2838 2130 2885 Hie-

351 2926 543 2989 ronymi
582 2926 751 2984 Riarii,
804 2927 864 2973 ab
913 2926 1248 2973 Illustrissimo
1292 2926 1414 2972 duce
1460 2923 1719 2974 Valentino
1758 2937 1863 2969 esse
1912 2924 2124 2985 captam,

354 3009 531 3055 ceteris
570 3010 796 3058 omnibus
838 3009 1108 3057 interfectis
1146 3007 1506 3073 (2).P1=eterea
1545 3007 1691 3055 etiam
1734 3005 2020 3054 nunciatum
2057 3007 2129 3053 est

406 3169 436 3203 ¹.
459 3167 552 3215 Voy.
576 3171 605 3204 t.
630 3169 660 3214 Ι,
682 3181 718 3217 p.
742 3171 811 3206 484
830 3170 874 3207 de
896 3174 989 3208 cette
1009 3170 1157 3208 edition.

400 3227 436 3263 2.
467 3241 485 3260 «
507 3227 604 3263 Tous
626 3226 677 3263 les
694 3227 919 3275 Allemands,
948 3230 1246 3277 Bourguignons,
1268 3234 1304 3266 et
1321 3233 1440 3266 autres
1462 3227 1600 3264 soldats
1621 3227 1665 3263 de
1685 3226 1718 3262 la
1739 3224 1854 3274 place,
1876 3223 1995 3260 surent
2021 3222 2130 3260 aban-

354 3285 493 3322 donnez
525 3297 571 3322 au
600 3287 796 3323 tranchant
822 3288 871 3323 du
898 3288 1028 3335 glaive.
1053 3288 1122 3333 Qui
1152 3293 1232 3325 taut
1252 3288 1350 3325 cruel
1375 3288 1452 3324 leur
1477 3287 1565 3331 seut,
1594 3298 1663 3335 que
1690 3297 1739 3322 un
1764 3287 1844 3321 tout
1870 3284 1948 3320 seul
1974 3283 2129 3320 d'iceulx

355 3345 475 3382 n’eust
501 3344 612 3392 respit
642 3345 688 3381 de
716 3351 823 3390 mort,
846 3347 876 3382 si
909 3347 1001 3384 n'est
1031 3351 1159 3383 autaut
1188 3359 1258 3395 que
1291 3347 1380 3384 suite
1406 3348 1540 3383 devant
1565 3346 1661 3382 leurs
1686 3343 1846 3380 ennemis
1867 3343 1944 3379 leur
1971 3355 2015 3380 en
2043 3347 2130 3391 peut.

355 3404 507 3441 donner.
530 3404 574 3440 Et
598 3404 673 3441 seut
699 3404 731 3441 le
759 3404 924 3454 chapplis
953 3405 984 3442 si
1009 3406 1194 3454 sangfflnt,
1214 3418 1284 3454 que
1307 3406 1390 3454 plus
1417 3407 1461 3442 de
1485 3409 1565 3453 sept
1584 3408 1667 3440 cent
1693 3404 1856 3440 hommes
1883 3402 2024 3439 feurent
2049 3402 2128 3439 illec

356 3469 425 3505 mis
446 3471 467 3505 a
486 3468 630 3517 l'espee.
656 3484 675 3504 »
697 3470 787 3506 Jean
813 3470 984 3515 d'Auton,
1007 3472 1104 3508 Hist.
1132 3471 1174 3506 de
1200 3472 1317 3517 Louys
1337 3471 1413 3515 XII,
1437 3470 1494 3508 ch.
1527 3481 1575 3512 iv,
1603 3479 1688 3517 pag.
1714 3469 1770 3504 12.
1792 3467 1887 3515 Voy.
1913 3467 1962 3504 les
1986 3467 2042 3503 ch.
2073 3478 2084 3503 1
2106 3469 2127 3502 a

358 3541 406 3573 iv,
429 3532 464 3565 et
479 3528 608 3575 Alvisi,
631 3530 756 3567 Cesare
773 3531 920 3575 Borma,
939 3530 997 3567 ch.
1021 3541 1046 3576 1,
1068 3533 1135 3567 ete.
