2228 3938
179 339 461 378 [octobre150ae
629 338 797 375 RERUM
830 336 1132 374 URBANARUM
1167 335 1521 374 COMMENTARII.
1899 337 1965 372 281

179 439 314 487 nales
339 456 377 487 s.
407 440 597 504 Georgii
624 445 671 487 et
690 439 922 487 Ascanius
954 438 1144 485 fuerunt
1176 439 1460 486 assistentes
1487 437 1679 485 diaconi
1704 437 1751 484 in
1781 437 1968 484 dalma-

182 523 313 570 ticis:
346 524 668 571 interfuerunt
698 523 745 570 in
781 521 946 585 cappis
983 521 1139 568 solitis
1173 527 1379 584 quatuor
1410 522 1491 569 alii
1525 521 1812 580 cardinales,
1842 521 1970 569 vide—

177 605 291 654 licet
318 607 624 663 Arborensis,
656 608 917 662 Casanova,
954 604 1192 652 Columna
1225 610 1271 653 et
1300 605 1358 652 de
1390 605 1638 652 Farnesio.
1668 604 1814 651 Missa
1842 604 1969 651 dicta

181 692 254 735 est
278 689 336 736 de
364 690 608 737 dominica
644 692 699 736 16
725 691 949 735 currente
978 687 1159 750 absque
1182 687 1344 750 aliqua
1372 686 1859 746 commemoratione,
1883 687 1969 734 sed

180 772 335 819 solum
358 788 468 820 cum
487 773 704 820 oratione
727 787 814 835 pro
837 771 1149 830 celebrando,
1169 786 1308 818 more.
1327 770 1468 818 solito
1489 786 1497 816 :
1528 771 1692 818 omnia
1718 771 1970 818 observata

179 858 291 902 sunt
309 858 455 918 prout
472 855 521 902 in
537 854 716 912 libello,
741 857 946 916 excepto
969 854 1098 916 quod
1116 858 1431 900 consecrator
1452 852 1543 900 fuit
1569 857 1681 899 ante
1703 852 1856 900 altare
1883 868 1968 915 per

179 938 577 986 inadvertentiam
611 954 771 985 meam
809 938 853 984 in
887 937 1001 985 sede
1036 953 1127 999 que
1154 938 1472 1000 portabatur3
1511 935 1606 983 alia
1639 935 1804 983 omnia
1832 951 1965 982 more

179 1022 335 1069 solito.
362 1022 689 1071 lnterfuerunt
717 1023 816 1068 DD.
847 1021 1107 1068 Lucentius
1139 1021 1465 1068 subdiaconus
1494 1023 1540 1067 et
1565 1019 1827 1067 Marcellus
1854 1036 1967 1067 aco-

176 1104 320 1168 lytus.
372 1105 527 1153 Finita
563 1104 711 1151 missa
749 1108 796 1151 et
831 1103 1009 1161 officio,
1050 1103 1493 1162 vicecancellarius,
1535 1107 1760 1165 presente
1806 1118 1967 1150 came—

178 1188 325 1253 rario,
351 1188 470 1235 dixit
498 1190 624 1250 Pape
658 1187 788 1250 quod
820 1203 897 1234 me
932 1187 1069 1234 vellet
1094 1186 1420 1249 pronunciare
1449 1180 1733 1249 episcopum
1770 1186 1966 1248 Nepesi—

178 1285 321 1327 num3
363 1273 493 1334 Papa
532 1270 782 1333 respondit
827 1286 877 1316 se
917 1270 1204 1332 promisisse
1237 1273 1293 1317 A.
1339 1271 1670 1327 Urbevetano;
1714 1269 1964 1332 replicavit

176 1353 602 1401 vicecancellarius
632 1356 758 1417 Pape
788 1353 877 1400 sibi
906 1354 1188 1416 promisisse
1219 1353 1268 1399 in
1299 1352 1529 1411 conclavi,
1562 1352 1812 1415 respondit
1838 1354 1968 1415 Papa

177 1451 228 1482 se
259 1436 383 1483 bene
412 1452 679 1484 memorem
707 1452 833 1494 esse,
872 1437 958 1486 sed
984 1439 1207 1499 speraret
1240 1436 1370 1498 quod
1403 1436 1506 1499 ipse
1537 1434 1966 1483 vicecancellarius

176 1517 374 1566 deberet
399 1535 505 1567 esse
534 1523 787 1568 contentus
814 1520 942 1582 quod
964 1519 1101 1566 daret
1124 1519 1420 1582 Nepesinum
1449 1521 1504 1566 D.
1533 1518 1746 1567 Antonio
1769 1521 1816 1565 et
1837 1518 1966 1579 quod

176 1600 317 1648 vellet
336 1602 451 1649 dare
475 1602 593 1649 mihi
617 1604 854 1650 Ortanum
874 1618 883 1658 3
910 1603 969 1649 de
995 1617 1091 1664 quo
1112 1604 1243 1664 Papa
1261 1617 1359 1648 non
1380 1602 1534 1664 potuit
1559 1602 1746 1649 diverti.

243 1684 328 1730 Die
351 1684 482 1742 lune,
520 1689 546 1732 2
582 1685 810 1742 octobris,
839 1684 959 1731 nihil
981 1684 1108 1731 novi.
1135 1684 1315 1731 Eadem
1341 1683 1418 1731 die
1450 1684 1499 1730 in
1530 1700 1656 1743 sero,
1686 1689 1796 1748 post
1827 1686 1959 1749 vige-

177 1765 350 1813 simam
378 1767 571 1814 tertiam
584 1768 771 1826 horam,
797 1769 925 1828 venit
948 1767 1338 1816 duxValentinus
1362 1783 1472 1814 cum
1497 1768 1742 1831 peditibus
1761 1771 1809 1815 et
1829 1768 1965 1830 equi—

178 1848 305 1896 tibus
331 1855 377 1896 et
404 1853 477 1897 est
502 1850 774 1914 hospitatus
804 1850 853 1897 in
884 1849 1029 1897 domo
1061 1866 1148 1897 sua
1181 1866 1219 1897 S.
1258 1851 1415 1907 Petri;
1445 1853 1577 1914 Papa
1610 1851 1855 1914 deputavit
1878 1866 1961 1896 sex

176 1932 474 1992 assistentes,
513 1933 865 1991 Florentinum,
900 1933 1216 1995 Ragusinum,
1251 1934 1583 1992 Tarentinum,
1625 1933 1959 1996 archiepisco-

174 2029 290 2076 pos3
316 2015 571 2074 Nolanum,
597 2018 990 2074 Cesenatensem,
1008 2012 1382 2074 'Zamorensem,
1409 2016 1680 2080 episcopos

241 2097 326 2145 Die
372 2099 559 2157 martis,
602 2101 628 2146 3
673 2099 909 2157 octobris,
957 2098 1105 2146 habui
1147 2099 1443 2147 audientiam
1485 2115 1513 2146 a
1553 2101 1681 2162 Papa
1727 2098 1807 2161 qui
1845 2097 1961 2144 mihi

174 2179 355 2228 addixit
383 2181 638 2229 ecclesiam
670 2183 920 2239 Ortanam,
951 2185 999 2228 et
1034 2197 1083 2227 se
1118 2181 1237 2228 mihi
1269 2181 1637 2229 benetacturum
1670 2196 1781 2228 cum
1811 2196 1962 2228 reser-

175 2263 363 2310 vatione
395 2263 542 2312 officii
575 2264 982 2321 ceremoniarum,
1016 2264 1085 2311 ita
1118 2268 1279 2312 tamen
1307 2265 1437 2327 quod
1462 2281 1560 2312 non
1582 2265 1844 2311 venderem
1876 2263 1961 2310 sed

175 2344 342 2393 darem
376 2363 466 2410 pro
508 2348 757 2396 beneficiis
797 2347 871 2394 vel
904 2346 998 2394 alia
1038 2347 1245 2395 honesta
1288 2363 1609 2412 recompensa
1640 2350 1687 2395 et
1721 2346 1959 2400 conclusit

176 2443 368 2475 mecum
394 2430 523 2492 quod
545 2430 742 2478 omnino
765 2430 848 2477 fiet
870 2429 1123 2477 coronatio
1149 2430 1392 2478 dominica
1412 2431 1654 2494 proxima.

243 2511 330 2558 Die
369 2512 620 2569 mercurii,
660 2516 687 2559 4
729 2511 961 2569 octobris,
1005 2511 1263 2559 cardinalis
1297 2529 1334 2559 s.
1374 2514 1603 2561 Praxedis
1637 2515 1867 2577 equitavit
1900 2485 1962 2562 ad

175 2593 374 2641 domum
400 2594 537 2642 ducis
560 2599 610 2642 ut
633 2610 742 2642 eum
762 2594 994 2642 visitaret.

245 2677 332 2725 Die
354 2678 494 2740 jovis,
528 2682 554 2726 5
587 2678 700 2725 dicti
729 2677 930 2724 mensis.
969 2679 1068 2724 DD.
1099 2678 1358 2724 Lucentius
1390 2683 1437 2725 et
1469 2679 1795 2726 Bernardinus
1822 2683 1962 2727 Gam-

175 2760 309 2819 bara,
358 2761 641 2809 subdiaconi
682 2760 953 2824 apostolici,
994 2760 1041 2806 in
1095 2761 1339 2823 presentia
1379 2760 1635 2808 camerarii
1671 2765 1719 2809 et
1760 2761 1819 2809 de
1857 2762 1962 2826 ejus

175 2829 402 2890 mandato
425 2843 728 2890 admiserunt
741 2846 796 2891 D.
811 2842 1083 2890 Johannem
1104 2843 1163 2890 de
1181 2845 1386 2908 Burgos,
1402 2843 1752 2891 subdiaconum
1769 2848 1961 2906 aposto-

174 2925 389 2972 licum-in
414 2926 576 2974 locum
603 2929 659 2974 D.
684 2926 917 2974 Johannis
941 2927 1136 2989 Ortega,
1155 2930 1381 2989 presente
1407 2925 1797 2985 D.Bernardino,
1826 2927 1960 2974 socio

176 3023 316 3055 meo:
342 3023 432 3072 ego
459 3024 572 3056 vero
594 3024 692 3056 non
717 3009 937 3068 interfui3
974 3012 1030 3057 D.
1053 3008 1275 3056 Aurelius
1302 3009 1567 3056 Matuccius
1597 3024 1695 3056 non
1721 3008 1956 3057 interfuit.

242 3090 328 3138 Die
366 3091 574 3149 veneris,
613 3095 640 3138 6
675 3092 904 3149 octobris,
949 3095 1116 3139 Rmus.
1158 3094 1215 3139 D.
1254 3091 1514 3139 cardinalis
1555 3091 1960 3155 Rothomagensis
2032 3110 2035 3112 ·

176 3172 440 3222 celebravit
460 3174 661 3222 missam
683 3174 876 3222 bassam
901 3174 950 3221 in
978 3175 1117 3222 altari
1142 3174 1342 3222 basilice
1365 3191 1404 3222 s.
1430 3174 1557 3222 Petri
1581 3175 1668 3221 sub
1693 3174 1955 3232 Veronica3

179 3260 223 3301 et
245 3260 412 3317 postea
432 3258 535 3320 ipse
557 3257 776 3306 ascendit
798 3273 907 3305 cum
926 3258 1169 3306 cardinale
1193 3274 1231 3305 s.
1258 3258 1494 3305 Severini.

246 3337 329 3384 Die
354 3339 558 3398 sabbati,
594 3345 618 3387 7
645 3340 875 3398 octobris,
905 3341 1014 3388 dedi
1038 3340 1257 3388 cedulam
1280 3340 1602 3388 intimationis
1625 3339 1783 3387 fiende
1807 3340 1961 3386 omni-

179 3418 266 3480 bus
304 3419 643 3477 cardinalibus,
675 3422 871 3484 prelatis
909 3422 1132 3469 omnibus
1169 3429 1216 3469 et
1247 3422 1534 3470 officialibus
1565 3436 1764 3468 romane
1799 3422 1952 3479 curie,
