2228 3938
271 353 342 389 228
857 348 1090 385 JOHANNIS
1123 348 1418 394 BURCHARDI,
1729 350 1932 393 [Decembre
1954 353 2032 386 1503

336 453 471 511 Heri,
500 454 556 499 D.
589 450 934 509 Bernardinus,
964 450 1122 499 socius
1152 466 1310 510 meus,
1342 450 1504 499 retulit
1531 450 1649 499 mihi
1672 454 1850 515 Papam
1886 452 2044 502 sibiet

272 536 414 585 sociis
443 535 542 582 suis
570 533 829 598 capellanis
861 549 1025 582 coram
1048 550 1105 583 eo
1136 534 1494 583 celebrantibus
1520 534 1626 583 heri
1655 535 1835 584 dixisse
1862 536 2044 585 habere

272 621 410 667 LXXI
434 634 585 666 annos
620 617 760 666 etatis
788 632 891 677 sue,
932 632 1053 681 quos
1081 622 1207 666 esset
1242 618 1599 681 complecturus
1629 618 1800 667 ultima
1832 619 1909 667 die
1938 636 2046 683 pre-

272 702 420 750 sentis
450 701 632 750 mensis
661 700 720 766 (1)
757 705 801 749 61
838 700 1036 749 cuilibet
1073 716 1245 749 eorum
1285 701 1490 749 donasse
1523 716 1610 765 pro
1655 701 1828 750 strenis
1853 701 2049 767 triginta
2120 761 2124 764 ⁴

270 786 471 833 ducatos
491 784 689 848 papales
708 783 870 847 largos
895 799 951 832 ac
977 784 1280 849 subjunxisse
1304 783 1425 831 velle
1449 783 1649 848 singulis
1672 784 1810 832 annis
1836 783 2047 848 quinque
2069 840 2078 848 ⁶

272 868 470 916 ducatos
492 883 578 931 pro
606 867 824 930 quolibet
845 882 1012 916 eorum
1040 866 1233 927 addere,
1259 871 1307 916 et
1337 866 1466 930 quod
1486 872 1716 930 rogarent
1743 869 1896 916 Deum
1918 867 2048 931 quod

270 953 331 1000 ab
352 967 409 1000 eo
428 953 622 999 centum
645 951 847 999 ducatos
870 967 965 998 una
987 951 1064 999 die
1086 950 1337 1014 recipiant,
1364 949 1493 1013 quod
1509 950 1690 999 faceret
1722 949 1800 1015 (2),
1827 950 1865 998 si
1891 950 2048 999 adhuc

270 1033 635 1094 quatuordecim
664 1034 1006 1098 supraviveret.
1035 1034 1149 1082 Dies
1180 1033 1352 1081 natalis
1383 1033 1574 1081 Domini
1601 1033 1692 1081 fuit
1717 1037 1819 1082 tota
1847 1033 1978 1082 clara
2002 1037 2050 1082 et
2076 1080 2079 1082 .

270 1131 463 1176 serena3
489 1117 538 1165 in
556 1117 795 1181 principio
820 1117 994 1177 noctis,
1020 1116 1202 1180 incepit
1223 1132 1330 1165 esse
1353 1121 1545 1180 tempus
1569 1116 1844 1165 humidum.

332 1200 470 1248 Feria
494 1201 720 1259 secunda,
749 1203 806 1248 26
832 1201 1014 1249 mensis
1041 1200 1313 1249 decembris
1334 1200 1554 1264 predicti,
1579 1200 1702 1249 festo
1726 1216 1764 1248 5.
1795 1199 2044 1264 Stephani,

271 1284 438 1331 Rmus.
476 1286 533 1331 D.
562 1284 818 1332 cardinalis
851 1301 889 1332 s.
925 1283 1154 1333 Praxedis
1190 1283 1447 1332 celebravit
1471 1283 1669 1331 missam
1701 1283 1971 1332 solemnem
1999 1283 2048 1345 in

271 1366 454 1430 capella
487 1367 669 1430 majore
704 1367 888 1430 palatii,
913 1369 1042 1430 Papa
1074 1367 1271 1415 absente
1300 1381 1309 1413 ε
1340 1369 1438 1414 non
1465 1366 1554 1415 fuit
1577 1382 1759 1426 sermo;
1792 1366 1886 1414 alia
1913 1381 2048 1414 more

270 1449 429 1497 501110.
468 1450 577 1497 Dies
608 1449 700 1498 hec
731 1450 818 1498 fuit
847 1450 1050 1498 humida
1083 1466 1193 1498 cum
1230 1449 1392 1498 subtili
1427 1449 1582 1513 pluvia
1611 1450 1855 1509 continua,
1900 1449 2044 1498 etiam

271 1535 415 1580 nocte
439 1532 730 1596 precedente
754 1536 801 1579 et
827 1536 1076 1595 sequente.

340 1615 480 1663 Feria
503 1615 661 1675 tertia,
689 1618 746 1662 27
781 1615 999 1680 ejusdem
1020 1615 1222 1674 mensis,
1257 1615 1378 1663 festo
1404 1631 1441 1662 5.
1472 1614 1704 1663 ,Iohannis
1734 1614 2044 1678 evangeliste,

272 1702 434 1746 Rmus.
482 1701 538 1746 D.
579 1697 838 1746 cardinalis
874 1715 912 1746 5.
956 1698 1121 1747 Crucis
1163 1698 1421 1747 celebravit
1456 1698 1655 1746 missam
1693 1698 1962 1747 solemnem
2001 1698 2050 1745 in

271 1782 457 1846 capella
477 1781 773 1844 supradicta,
805 1781 854 1828 in
884 1782 1044 1830 locum
1078 1781 1202 1829 Rmi.
1247 1783 1303 1829 D.
1336 1781 1590 1829 cardinalis
1625 1780 1930 1846 Agrigentini
1968 1780 2048 1844 qui

273 1865 477 1914 debebat
508 1864 753 1913 celebrare
786 1865 931 1928 quod,
958 1870 1158 1929 propter
1191 1864 1613 1929 supervenientem
1642 1869 1784 1913 110616
1817 1863 2050 1928 preterita

274 1948 566 2012 chiragram,
593 1948 750 1996 facere
775 1964 873 1996 non
901 1948 1080 2012 potuit3
1109 1953 1156 1997 et
1188 1952 1446 2012 propterea
1471 1948 1566 1996 hoc
1593 1963 1734 1996 mane
1766 1947 1815 1995 in
1841 1947 2051 1995 diluculo

273 2031 386 2079 fecit
406 2047 581 2095 rogare
602 2032 841 2095 prefatum
864 2034 1053 2079 Rmum.
1080 2034 1134 2079 D.
1158 2032 1451 2080 cardinalem
1475 2048 1513 2079 5.
1545 2031 1707 2080 Crucis
1730 2031 1858 2094 quod
1879 2046 1966 2094 pro
1992 2044 2050 2079 eo

273 2114 565 2174 celebraret3
598 2118 644 2163 et
671 2114 749 2162 1116
778 2114 1043 2178 acceptavit
1071 2119 1117 2162 et
1151 2114 1282 2162 fecit.
1322 2117 1427 2162 Non
1456 2114 1545 2162 fuit
1579 2129 1757 2172 sermo,
1793 2118 1842 2161 et
1870 2114 1954 2162 SS.
1989 2115 2047 2160 D.

275 2201 442 2246 noster
464 2198 577 2245 huic
598 2198 745 2245 misse
768 2213 865 2246 non
888 2197 1121 2246 interfuit.
1145 2198 1249 2245 Alia
1268 2213 1381 2246 vero
1404 2201 1509 2246 acta
1534 2201 1645 2245 sunt
1668 2212 1802 2246 more
1826 2196 1984 2245 solito.

341 2284 489 2330 Nocte
524 2281 758 2345 preterita
788 2281 926 2345 pluit,
961 2286 1007 2330 61
1040 2281 1135 2329 1106
1170 2278 1330 2340 mane,
1372 2297 1483 2329 cum
1511 2296 1728 2330 essemus
1764 2280 1812 2328 in
1845 2280 2050 2345 capella,

276 2364 402 2413 infra
422 2365 621 2413 missam
648 2364 736 2412 suit
766 2379 942 2429 magna
968 2368 1231 2428 tempestas
1262 2380 1373 2412 cum
1394 2364 1583 2428 magnis
1611 2363 1852 2424 tonitruiS‚
1878 2367 1926 2411 et
1952 2365 2057 2412 tota

276 2449 377 2497 dies
402 2448 488 2496 fuit
508 2448 717 2496 obscura
745 2463 754 2508 ;
780 2447 875 2495 1106
896 2447 1003 2495 dico
1025 2452 1224 2512 propter
1248 2448 1464 2512 regulam
1487 2448 1777 2496 rusticorum
1796 2446 2052 2496 duodecim

276 2531 516 2581 mensium
538 2531 667 2579 anni.

344 2615 485 2664 Feria
507 2618 695 2678 quarta,
726 2617 784 2662 28
813 2614 1101 2674 decembris,
1128 2615 1253 2664 festo
1280 2619 1561 2663 sanctorum
1583 2614 1932 2674 innocentium,
1968 2613 2058 2663 fuit

277 2704 467 2763 tempus
492 2699 754 2747 obscurum
774 2703 821 2747 et
838 2699 997 2763 pluvia
1013 2698 1218 2758 subtilis,
1240 2698 1520 2748 continuata
1535 2703 1635 2748 tota
1649 2698 1751 2757 die3
1777 2701 1826 2746 et
1847 2698 1896 2746 in
1914 2703 2056 2747 nocte

279 2785 509 2846 sequente
533 2781 705 2831 cecidit
731 2781 811 2829 nix
836 2782 896 2830 ad
917 2782 1222 2831 altitudinem
1240 2785 1445 2846 quatuor
1465 2781 1742 2845 digitorum.

345 2865 485 2914 Feria
522 2865 709 2928 quinta,
751 2869 809 2913 29
855 2865 1149 2924 decembris,
1194 2865 1317 2913 festo
1357 2881 1396 2912 5.
1443 2865 1627 2913 Τ1101116
1672 2863 2049 2922 Cantuariensis,

280 2951 333 2996 R.
381 2951 439 2996 D.
482 2948 739 3012 Sylvcster,
782 2948 1040 3012 episcopus
1074 2947 1428 3012 Vigorniensis,
1479 2950 1649 2995 orator
1692 2946 1823 3011 regis
1858 2946 2050 3010 Anglie,

279 3031 536 3079 celebravit
566 3031 764 3078 missam
803 3031 1071 3079 solemnem
1102 3031 1151 3079 in
1187 3030 1393 3079 ecclesia
1422 3029 1680 3094 hospitalis
1715 3029 2048 3092 Anglicorum,

281 3114 358 3161 cui
392 3117 556 3161 Rmus.
591 3115 647 3160 D.
684 3113 946 3160 cardinalis
979 3113 1206 3162 Senensis
1239 3112 1485 3161 interfuit:
1521 3111 1646 3160 sedit
1675 3111 1724 3159 in
1759 3116 1932 3175 parato
1963 3111 2053 3159 sibi

281 3211 478 3244 scamno
517 3194 761 3244 communi
791 3194 932 3258 juxta
960 3211 1153 3242 murum
1190 3197 1302 3242 ante
1337 3194 1492 3242 altare
1524 3193 1654 3257 quod
1691 3197 1763 3242 651
1796 3193 1844 3240 111
1875 3193 2052 3258 angulo

280 3278 407 3328 dicte
433 3277 639 3326 ecclesie
674 3280 782 3340 post
812 3292 961 3324 cornu
991 3277 1225 3339 evangelii
1257 3276 1423 3324 altaris
1457 3275 1676 3339 majoris,
1710 3279 1754 3323 61
1785 3276 1908 3324 bene
1942 3275 2050 3323 fuit.

330 3405 365 3441 1.
386 3403 481 3451 Voy.
503 3405 530 3439 t.
553 3403 585 3439 ΙΙ
606 3402 649 3439 de
669 3404 762 3438 cette
782 3400 871 3438 edit.
894 3412 978 3450 pag.
999 3401 1069 3438 425
1088 3405 1124 3438 et
1142 3399 1178 3438 la
1197 3404 1282 3438 note
1297 3402 1329 3438 1.

326 3464 365 3501 2.
384 3462 482 3499 Telle
502 3466 557 3499 651
577 3462 613 3499 la
632 3461 733 3507 lecon
754 3461 802 3497 du
823 3458 944 3509 Chigi,
961 3461 1001 3497 L.
1026 3462 1060 3507 1,
1084 3462 1139 3506 14,
1159 3460 1183 3497 t'.
1209 3461 1297 3507 184;
1317 3459 1350 3497 le
1372 3461 1434 3498 151
1458 3459 1577 3497 donne
1602 3473 1609 3497 ς
1634 3476 1652 3496 u
1669 3463 1768 3508 fieret
1787 3476 1804 3495 »
1827 3461 1851 3501 f.
1874 3461 1954 3507 159,
1969 3471 2010 3499 v.
