2248 3892
273 302 299 325 11
680 307 682 309 >
797 282 1112 328 SUPPLEMENT
1142 290 1175 326 A
1206 289 1534 327 L’APPENDICE.

268 401 372 430 nam
405 402 427 430 e
460 390 620 430 leixam
651 391 692 430 al
716 390 779 430 dit
801 392 850 430 D.
884 391 918 430 J.
949 391 1002 431 de
1030 393 1095 440 Β.,
1127 391 1323 432 Cavaller
1355 391 1491 432 nebot
1515 392 1694 440 nostre,
1719 392 1889 444 Senyor
1920 388 2051 433 (1613

267 455 361 496 Vall
383 455 437 496 de
461 456 568 495 Villa
596 455 731 508 longa
754 467 777 496 e
801 455 872 495 del
901 456 1011 496 Loch
1032 456 1085 496 de
1110 456 1235 498 Anna
1242 488 1323 497 .....
1356 457 1468 509 huyt
1500 455 1638 496 millia
1665 456 1837 506 Livres‚
1868 459 2045 497 moneta

269 521 386 562 reals
406 521 459 561 de
475 521 730 562 Valencia...
754 519 825 575 (1).
856 533 875 559 11

970 767 1020 808 27
1040 779 1202 809 JANVOER
1221 767 1343 809 1749.

327 899 378 938 Νο
397 895 475 937 940
506 894 687 936 611173.
721 893 846 934 Bulle
874 891 1001 944 (orig.
1029 903 1105 931 sur
1127 890 1397 943 parchemin)
1433 891 1486 931 de
1511 891 1628 931 Sixte
1656 891 1706 930 lV
1733 902 1788 931 en
1813 890 1970 933 faveur
1999 891 2053 932 de

265 964 363 1003 Don
385 961 623 1015 Rodrigue,
650 957 778 1001 (13166
798 958 852 998 (16
877 959 1012 998 Rome
1039 957 1090 997 27
1108 957 1283 1009 Janvier
1305 957 1425 998 1479.

316 1063 580 1105 Attestation
596 1062 650 1102 de
672 1063 782 1102 cette
798 1044 918 1101 bulle
938 1082 989 1087 —
1010 1060 1159 1104 Rome,
1174 1057 1281 1099 1483
1304 1081 1355 1086 -
1376 1069 1455 1109 par
1475 1056 1672 1108 Philippo
1695 1056 1796 1098 Neri
1818 1055 1872 1097 de
1890 1056 2045 1106 Prado,

263 1130 434 1171 notaire
456 1127 747 1180 apostolique.
765 1127 822 1167 Le
835 1135 949 1177 pape
971 1124 1164 1165 autorise
1184 1125 1282 1164 Don
1303 1124 1525 1176 Rodrigue
1547 1120 1572 1162 3
1594 1124 1731 1162 165161·
1753 1122 1964 1163 touchant
1980 1121 2047 1162 les

263 1195 390 1236 biens
410 1192 780 1243 ecclesiastiques.

949 1422 1004 1462 ‘1⁰¹'
1025 1433 1204 1462 ocrossnss
1232 1420 1350 1460 1480.

315 1544 369 1584 Νο
392 1541 485 1583 945.
518 1541 641 1582 Β11116
664 1540 716 1581 (16
751 1540 870 1580 Sixte
892 1541 944 1580 IV
969 1539 1095 1592 (orig.
1121 1550 1197 1580 sur
1225 1538 1496 1590 parchemin,
1520 1535 1720 1578 de'chiree
1745 1548 1800 1576 en
1822 1536 1936 1589 bas).
1965 1538 2046 1583 Cet

262 1610 357 1648 3616
381 1619 407 1648 3
427 1605 496 1647 616
518 1605 666 1658 publie
691 1617 745 1646 en
766 1605 905 1657 partie
926 1617 1005 1656 par
1022 1606 1075 1645 M.
1101 1604 1154 1657 de
1177 1603 1386 1655 l'Epinois
1413 1602 1566 1655 (Revue
1582 1602 1657 1642 des
1684 1602 1914 1648 Questious
1928 1602 2044 1647 hist„

263 1674 318 1714 ‘1⁰‘
335 1672 443 1713 avril
463 1671 583 1721 1881,
603 1684 645 1723 p.
669 1671 762 1721 373,
788 1673 892 1711 note
909 1669 1040 1723 3).‘Le
1064 1681 1176 1721 pape
1198 1669 1315 1709 Sixte
1340 1667 1394 1708 IV
1413 1667 1540 1718 dispe
1552 1678 1632 1707 nse
1657 1665 1789 1708 Ce'sar
1812 1666 1972 1719 Borgia
1991 1666 2047 1707 (16

263 1749 454 1789 prouver
469 1738 511 1778 13
531 1735 765 1787 legitimile
787 1736 842 1777 de
864 1748 913 1776 sa
933 1736 1181 1786 naissanoe‚
1202 1736 1244 1774 et
1264 1734 1304 1774 16
1330 1734 1395 1774 (111
1415 1733 1506 1773 6116
1537 1733 1589 1772 de
1609 1736 1803 1783 episcopo
1825 1731 2048 1773 cardinali

261 1805 435 1854 genitus
456 1806 495 1843 et
509 1804 760 1854 coujuqata.

318 1871 385 1909 Au
408 1868 504 1918 dos,
523 1880 579 1909 on
599 1869 664 1917 lit,
693 1879 747 1908 en
771 1868 925 1908 lettres
950 1867 1186 1907 anciennes
1202 1877 1306 1908 avec
1326 1866 1367 1906 le
1390 1876 1496 1909 nom
1515 1869 1558 1907 et
1577 1865 1619 1906 13
1640 1865 1866 1918 signature
1887 1863 1949 1905 du
1967 1863 2047 1905 da·-

269 1934 375 1975 taire
395 1947 403 1974 :
425 1949 441 1968 ‹
458 1933 738 1983 Dispensat-io
748 1933 924 1973 domini
941 1933 1112 1972 Cesaris
1126 1933 1178 1972 de
1192 1932 1325 1982 Borja
1338 1942 1467 1982 super
1479 1930 1648 1982 defectu
1661 1930 1897 1980 natalium,
1910 1930 1969 1970 ad
1980 1940 2047 1969 or—

269 2000 393 2039 dines
411 2002 449 2038 et
482 2010 746 2049 quecumque
775 1998 1004 2048 beneficia,
1034 2002 1072 2038 et
1099 2010 1195 2037 cum
1222 1998 1394 2038 indulto
1422 2000 1538 2049 quod
1563 2009 1653 2038 uon
1679 2001 1875 2038 teneatur
1897 1997 2046 2046 facere

270 2065 543 2113 mentionem,
567 2065 618 2103 de
646 2068 800 2113 cetero,
821 2063 873 2102 de
899 2064 1068 2113 defectu
1094 2063 1330 2103 natalium.
1352 2079 1369 2099 1·

326 2180 341 2201 ‹
366 2165 512 2205 Sixtus
534 2164 781 2216 episcopus,
806 2165 966 2204 Servus
983 2165 1216 2204 Servorum
1239 2164 1333 2213 Dei,
1353 2163 1509 2204 dilecto
1541 2161 1631 2203 filio
1651 2162 1798 2204 Cesari
1821 2161 1876 2202 de
1894 2162 2040 2215 Bonja,

271 2230 426 2271 scolari
457 2233 666 2276 Romano,
696 2230 884 2270 salutem
914 2232 956 2269 et
988 2229 1275 2279 apostolicam
1315 2229 1681 2269 benedictionem.
1712 2227 2042 2270 Comendabilia

272 2295 367 2348 (sic)
386 2300 461 2336 tue
483 2295 695 2335 infantilis
711 2294 839 2335 613115·
864 2305 950 2345 que
964 2295 1009 2334 in
1029 2296 1071 2335 te
1095 2295 1294 2346 pululare
1309 2292 1404 2346 (sic)
1418 2294 1623 2335 videntur
1638 2293 1850 2334 virtutum
1871 2292 2040 2343 inditia,

270 2372 323 2401 ex
342 2361 521 2412 quibus,
538 2363 668 2411 prout
688 2359 775 2400 fide
790 2359 1028 2412 dignorum
1042 2359 1305 2400 testimoniis
1331 2359 1595 2410 accepimus,
1621 2358 1914 2400 verisimiliter
1942 2368 2044 2409 spes

269 2426 508 2476 concipitur
525 2425 643 2477 quod
653 2428 700 2465 tu
716 2425 761 2464 in
771 2425 915 2466 virum
930 2424 1093 2465 debeas
1108 2424 1342 2475 procedere
1359 2424 1623 2472 virtuosum,
1645 2423 1800 2464 merito
1818 2434 1900 2464 nos
1921 2424 2043 2465 indu-

268 2493 429 2531 cuntut
446 2493 484 2531 te
500 2488 897 2541 apostolicifavoris
913 2490 1104 2541 presidio
1120 2501 1491 2541 prosequamur...
1503 2489 1709 2530 Volentes
1724 2490 1780 2539 te,
1799 2488 1890 2540 qui,
1904 2490 1954 2528 ut
1974 2499 2041 2528 36-

267 2557 477 2607 cepimus,
494 2556 539 2596 in
555 2558 678 2596 sexto
697 2558 770 2595 tue
791 2555 920 2595 etatis
940 2566 1056 2595 anno
1078 2555 1343 2595 constitutus
1370 2554 1538 2604 existis,
1561 2557 1604 2595 et
1631 2553 1804 2595 defectu
1827 2553 2043 2595 natalium

266 2620 444 2672 pateris,
462 2622 514 2662 de
534 2621 740 2672 episcopo
761 2620 970 2660 cardinali
988 2620 1166 2673 genitus
1183 2623 1226 2660 et
1244 2620 1496 2673 conjugata,
1517 2620 1837 2671 premissorum
1856 2618 2040 2660 indicio-

264 2699 362 2727 rum
375 2687 539 2727 intuitu
552 2686 700 2727 favore
715 2686 973 2737 prosequi...
992 2688 1041 2725 ut
1062 2686 1391 2737 quamprimum
1415 2686 1655 2736 septimum
1675 2684 1791 2725 dicte
1817 2684 1946 2726 etatis
1963 2695 2039 2725 311-

264 2764 369 2792 num
381 2753 594 2805 attigeris,
606 2751 790 2792 clericali
806 2755 1025 2791 caractere
1042 2751 1245 2803 insigniri
1266 2751 1320 2791 ed
1335 2751 1390 2791 ad
1411 2750 1604 2791 minores
1620 2763 1630 2800 ;
1649 2761 1700 2790 ac
1716 2751 1830 2790 etate
1844 2749 2040 2803 legitima

262 2818 341 2857 tibi
362 2818 646 2870 suffragante,
668 2816 723 2857 ad
739 2828 909 2866 omnes,
928 2817 1060 2857 etiam
1076 2828 1225 2857 sacros
1240 2816 1419 2856 ordines
1441 2815 1687 2867 promoveri
1694 2845 1775 2854 .....
1797 2815 1966 2855 nullam
1985 2814 2039 2854 de

261 2882 433 2923 defectu
445 2882 659 2923 natalium
679 2885 722 2922 et
743 2881 797 2922 de
813 2882 1143 2933 dispensatione
1157 2881 1416 2934 hujusmodi
1434 2881 1704 2922 mentionem
1719 2879 1862 2920 facere
1884 2882 2034 2920 tenea-

259 2948 369 2988 ris...
392 2948 470 2989 sed
491 2947 671 2999 perinde
691 2947 834 2987 valide
865 2950 908 2988 et
929 2946 1111 2987 eficaces
1134 2946 1223 2999 (sie)
1250 2946 1457 2997 existant,
1488 2949 1530 2986 et
1558 2957 1637 2997 per
1666 2944 1828 2994 omnia,
1853 2943 2037 2995 perinde

258 3025 307 3054 ac
337 3014 374 3054 si
403 3015 456 3055 de
481 3013 679 3066 legitimo
710 3012 834 3052 thoro
858 3014 991 3052 natus
1016 3022 1138 3052 esses
1145 3041 1225 3052 .....
1255 3011 1420 3062 tibique
1450 3009 1733 3052 concedimus
1755 3012 1799 3050 et
1824 3009 2032 3062 indulge-

300 3139 329 3169 1.
357 3138 384 3170 Il
411 3139 557 3178 ressort,
582 3137 722 3179 d'apres
749 3135 874 3169 l’arbre
900 3135 1153 3178 yene'aloqique
1179 3136 1242 3168 des
1267 3135 1396 3175 norgia
1423 3133 1572 3174 (11160165
1598 3133 1710 3173 arch„
1732 3142 1819 3166 mss,
1841 3133 1962 3176 purch.
1985 3133 2033 3166 du

253 3198 325 3222 xvv*
339 3190 397 3233 5.),
412 3200 481 3233 que
501 3200 542 3223 ce
558 3190 631 3223 don
645 3189 740 3222 Jofre
758 3189 845 3221 dont
864 3188 889 3220 il
909 3190 963 3221 est
977 3188 1038 3221 fait
1058 3188 1102 3221 ici
1120 3188 1279 3221 mention
1295 3187 1379 3219 etait
1397 3195 1514 3219 neveu
1528 3186 1578 3219 du
1591 3186 1748 3219 cardinal
1763 3186 1834 3219 don
1852 3186 2034 3229 Rodrigue

253 3246 287 3275 et
306 3244 360 3276 fils
381 3244 424 3277 de
446 3242 541 3277 dona
564 3245 680 3276 Juana
699 3243 735 3275 di
754 3242 868 3282 Boria,
890 3241 1044 3283 laquelle
1063 3242 1158 3273 avait
1178 3239 1310 3283 epouse
1331 3239 1403 3271 don
1422 3239 1537 3272 Pedro
1563 3239 1709 3272 Llancol
1729 3239 1782 3273 de’
1803 3240 1966 3273 Romani.
1987 3238 2033 3272 Ce

252 3297 305 3329 fut
325 3307 363 3330 66
384 3297 499 3330 meme
526 3298 598 3330 don
618 3296 712 3329 Jofre
739 3295 783 3328 de
810 3295 953 3328 Llancol
979 3295 1055 3336 qui,
1077 3304 1140 3336 par
1165 3293 1461 3326 reconnaissance
1481 3301 1574 3334 pour
1602 3302 1668 3325 son
1693 3293 1795 3326 oncle
1819 3293 1852 3326 16
1872 3292 2030 3326 cardinal

250 3349 441 3392 Rodrigue‚
463 3351 624 3393 changea
645 3359 709 3383 sou
727 3358 812 3382 nom
830 3349 874 3381 de
893 3347 1037 3381 Llancol
1058 3357 1101 3380 eu
1121 3347 1212 3380 661111
1233 3347 1276 3380 (16
1298 3345 1399 3379 Boria
1410 3356 1419 3387 ς
1439 3354 1479 3378 ce
1498 3355 1569 3388 que
1588 3345 1639 3378 les
1659 3346 1851 3380 historiens
1868 3347 2030 3380 01115011-

251 3405 332 3434 vent
356 3404 511 3436 attribue
532 3405 552 3436 3
571 3406 644 3437 tort
661 3413 707 3436 uu
728 3401 886 3436 cardinal
904 3400 1088 3434 lui-meme
1107 3400 1274 3433 vis-a-vis
1293 3400 1336 3433 de
1356 3408 1423 3432 son
1442 3397 1544 3432 oncle
1565 3399 1712 3433 Callixte
1733 3400 1792 3435 111.
2058 3405 2060 3408 ’
