2228 3938
170 394 440 434 [Janvier1501]
612 390 780 429 RERUM
813 387 1111 426 URBANARUM
1139 388 1488 426 COMMENTARH.
1897 391 1942 426 99

171 496 456 560 pedimento
475 512 559 543 seu
579 495 696 543 alias
712 491 1078 557 quomodolibet
1095 491 1316 554 impediti
1332 491 1693 539 matrimonium
1715 492 1938 549 invicem,

175 580 388 629 scienter
407 579 480 628 vel
507 579 804 643 ignoranter,
827 575 876 622 in
902 574 1066 638 quovis
1093 574 1239 623 etiam
1266 575 1421 638 primo
1452 575 1714 633 affinitatis,
1739 591 1830 638 que
1858 592 1945 639 per

174 663 397 728 copulam
425 660 732 711 fornicariam
761 662 1008 707 contracta
1034 662 1180 717 esset,
1205 658 1355 722 gradu
1383 659 1735 707 contraxissent
1760 675 1815 707 ac
1839 675 1943 708 car-

169 747 264 795 nali
286 746 460 810 copula
486 747 923 802 consummassent,
950 741 988 789 si
1016 741 1416 805 impedimentum
1443 742 1723 806 hujusmodi
1750 743 1798 790 in
1815 743 1945 807 judi-

171 830 298 878 cium
327 830 584 878 deductum
617 843 715 876 non
747 828 870 875 soret
902 825 973 873 vel
1007 825 1286 873 scandalum
1315 827 1539 889 generari
1570 843 1666 874 non
1695 831 1860 890 posset
1886 827 1945 874 ab

169 930 371 963 excessu
397 911 677 978 hujusmodi
705 915 754 959 et
780 909 1297 959 excommunicationis
1324 910 1563 958 sententia
1587 926 1728 972 quam
1751 914 1946 974 propte-

168 1013 251 1046 rea
289 996 627 1055 incurrissent,
661 994 887 1060 injunctis
927 993 1039 1042 inde
1079 993 1148 1041 eis
1187 1009 1275 1056 pro
1314 993 1460 1041 modo
1500 993 1638 1057 culpe
1679 993 1947 1057 penitentia

168 1081 362 1130 salutari
388 1096 481 1144 quo
509 1079 570 1128 ad
594 1095 714 1143 opus
740 1077 1034 1126 defensionis
1062 1076 1344 1141 hujusmodi
1376 1077 1629 1140 dirigatur,
1654 1082 1701 1126 et
1731 1077 1859 1141 quod
1886 1077 1944 1125 de

166 1168 327 1229 cetero
360 1164 473 1212 talia
507 1179 605 1211 non
638 1162 944 1211 committant
974 1176 1065 1209 nec
1101 1160 1518 1210 committentibus
1555 1165 1773 1225 prestent
1809 1162 1946 1210 auxi-

165 1247 302 1307 lium,
326 1247 579 1296 consilium
598 1246 672 1294 vel
692 1247 903 1295 favorem
926 1249 973 1294 et
994 1245 1098 1293 aliis
1120 1261 1212 1308 que
1236 1244 1294 1292 de
1313 1245 1424 1309 jure
1447 1244 1624 1293 fuerint
1647 1245 1947 1309 injungenda

168 1331 464 1391 absolvendi,
491 1336 538 1379 et
565 1335 616 1379 ut
641 1330 691 1378 in
716 1329 996 1394 hujusmodi
1018 1328 1328 1377 matrimonio
1357 1329 1425 1377 sic
1454 1333 1703 1378 contracto
1730 1329 1948 1378 similiter

168 1430 422 1464 remanere
447 1431 531 1463 seu
557 1418 741 1463 secrete
764 1414 822 1462 de
848 1429 971 1462 novo
1000 1413 1317 1472 contrahere;
1345 1418 1391 1460 et
1416 1412 1466 1460 in
1493 1413 1573 1461 illo
1603 1413 1670 1461 sic
1699 1418 1946 1462 contracto

167 1498 389 1548 similiter
419 1514 674 1548 remanere
713 1497 863 1547 libere
901 1501 948 1546 et
985 1497 1116 1545 licite
1149 1497 1356 1557 valeant,
1389 1497 1576 1560 prolem
1611 1498 1855 1561 suscipere
1886 1514 1947 1546 ex

166 1582 445 1647 hujusmodi
471 1581 800 1640 matrimonio,
826 1581 864 1629 si
893 1597 986 1644 que
1009 1581 1086 1641 sit,
1110 1585 1156 1628 et
1185 1580 1540 1644 suscipiendam
1568 1580 1834 1643 legitimam
1861 1581 1947 1630 de—

169 1666 412 1715 cernendo
449 1665 759 1729 dispensandi
797 1663 1016 1712 similiter
1049 1663 1099 1711 in
1130 1663 1303 1712 eodem
1343 1663 1446 1711 foro
1488 1664 1786 1713 conscientie
1823 1665 1947 1713 duu-

171 1753 322 1808 taxat;
348 1752 395 1798 et
417 1765 527 1797 cum
548 1748 931 1812 quibuscumque
950 1747 1031 1812 qui
1051 1747 1210 1810 aliqua
1231 1747 1356 1795 bona
1379 1733 1701 1796 ecclesiarum
1722 1765 1947 1812 quarum-

169 1832 286 1882 libet
306 1832 543 1881 haberent
563 1837 610 1881 et
623 1832 914 1897 judicialiter
931 1830 1268 1880 deficientibus
1287 1831 1652 1894 probationibus
1674 1832 1733 1880 ad
1755 1833 1945 1882 illorum

170 1916 522 1966 restitutionem
547 1915 771 1980 compelli
792 1932 891 1963 non
914 1919 1130 1979 possent,
1156 1914 1344 1962 etiamsi
1366 1930 1453 1978 per
1473 1914 1603 1978 ipsos
1625 1916 1817 1979 probari
1838 1933 1948 1980 pos-

170 2003 258 2059 set,
284 2014 376 2063 que
397 1998 526 2047 bona
546 1998 708 2047 omnia
732 1998 792 2046 ad
815 2014 935 2062 opus
956 1997 1246 2062 premissum
1268 1998 1582 2062 applicamus,
1609 2015 1754 2063 super
1776 2017 1945 2047 eorum

168 2082 467 2132 restitutione
487 2081 639 2131 libere
662 2081 956 2141 absolvendi,
982 2085 1029 2130 et
1050 2082 1179 2146 quod
1199 2082 1280 2129 illa
1305 2082 1434 2130 licite
1462 2082 1670 2131 retinere
1692 2084 1880 2147 possint
1898 2084 1946 2131 in

165 2170 430 2230 posterum,
465 2166 533 2215 eis
567 2166 712 2215 etiam
746 2165 1046 2214 concedendi
1079 2171 1125 2214 et
1159 2165 1452 2229 generaliter
1485 2166 1648 2214 omnia
1679 2172 1726 2215 et
1760 2167 1947 2231 singula

167 2248 213 2296 in
238 2249 486 2314 premissis
514 2253 561 2298 et
588 2249 719 2297 circa
745 2264 802 2297 ea
830 2247 1123 2307 necessaria,
1157 2264 1241 2297 seu
1273 2249 1638 2313 quomodolibet
1674 2255 1946 2315 opportuna

164 2332 388 2391 faciendi,
419 2332 617 2397 gerendi
648 2337 696 2381 et
727 2332 997 2396 exequendi
1029 2331 1225 2396 plenam
1257 2338 1304 2381 et
1334 2333 1537 2382 liberam
1571 2334 1700 2382 dicta
1731 2335 1945 2383 auctori-

167 2421 282 2476 tate,
313 2421 481 2466 tenore
510 2417 808 2481 presentium
838 2415 1148 2465 concedimus
1175 2421 1468 2480 potestatem
1493 2424 1539 2466 et
1563 2418 1864 2477 facultatem3
1897 2424 1944 2467 et

167 2516 227 2548 ne
252 2500 319 2550 illi
350 2500 432 2567 qui
452 2501 752 2565 peregrinari
773 2505 821 2549 et
840 2500 1052 2564 aliquam
1078 2517 1138 2548 ex
1161 2501 1380 2550 ecclesiis
1405 2502 1690 2566 deputandis
1715 2519 1803 2566 pro
1827 2519 1943 2550 con-

167 2583 412 2647 sequenda
431 2583 731 2648 indulgentia
749 2584 1029 2649 hujusmodi
1055 2585 1310 2633 commode
1334 2590 1382 2633 et
1401 2586 1607 2651 honeste
1631 2586 1824 2634 visitare
1846 2603 1941 2633 non

166 2671 391 2731 poterunt
420 2666 666 2731 utriusque
697 2683 858 2727 sexus,
887 2671 1052 2732 utpote
1081 2668 1278 2728 infirmi,
1311 2668 1559 2732 decrepiti,
1591 2669 1938 2727 valetudinarii,

165 2750 429 2815 divinisque
457 2756 540 2800 aut
565 2751 790 2800 humanis
817 2752 1020 2800 servitiis
1048 2752 1326 2816 mancipati,
1358 2752 1532 2801 effectu
1561 2756 1756 2801 careant
1784 2752 1943 2800 indul-

165 2835 326 2899 gentie
346 2839 632 2895 memorate,
649 2835 869 2883 volumus
888 2835 1075 2899 quodsi
1093 2835 1213 2884 tales
1231 2835 1510 2900 hujusmodi
1530 2839 1610 2884 aut
1628 2836 1730 2884 aliis
1749 2836 1943 2899 quibus-

164 2919 232 2966 vis
257 2918 615 2983 impedimentis
644 2919 860 2984 impediti
886 2919 1118 2968 ecclesias
1139 2920 1267 2983 ipsas
1294 2920 1504 2979 visitare,
1531 2936 1642 2969 vere
1668 2920 1941 2983 penitentes

165 3007 213 3052 et
238 3002 452 3052 vconfessi
489 3001 550 3051 ad
587 3018 755 3067 capsas
794 3003 1035 3066 predictas
1075 3018 1161 3067 per
1200 3003 1368 3052 fideles
1404 3019 1575 3052 manus
1616 3004 1942 3052 transmittant

165 3089 397 3150 quantum
435 3102 524 3151 per
559 3102 705 3134 unam
747 3086 1103 3136 hebdomadam
1142 3087 1382 3151 integram
1417 3088 1466 3135 in
1505 3087 1790 3136 victualibus
1830 3104 1939 3135 cuni

165 3185 333 3219 eorum
354 3169 534 3219 familia
558 3186 800 3234 exponere
826 3175 1197 3230 consueverunt,
1222 3175 1319 3230 tam
1341 3171 1449 3236 ipsi,
1477 3188 1620 3235 quarn
1644 3172 1702 3219 de
1725 3172 1938 3235 ipsorum

166 3251 234 3300 sic
256 3253 596 3318 impeditorum
619 3253 804 3301 familia
828 3254 1087 3303 existentes
1120 3271 1217 3302 non
1238 3254 1473 3319 impediti,
1498 3255 1720 3303 eamdem
1742 3270 1937 3318 prorsus

166 3334 514 3400 indulgentiam
539 3341 898 3400 consequantur
921 3354 976 3386 ac
1003 3338 1040 3385 si
1065 3338 1384 3402 personaliter
1409 3339 1672 3397 visitarent,
1701 3338 1937 3397 liceatqns=

168 3416 393 3481 predictis
426 3420 594 3468 nuntio
625 3427 672 3469 et
702 3421 1037 3469 commissario
1072 3438 1128 3469 ac
1164 3419 1450 3484 deputandis
1485 3426 1531 3469 et
1566 3417 1938 3481 subdelegandis

169 3517 255 3564 pro
285 3501 457 3551 talibus
488 3503 731 3567 impeditis
762 3504 809 3551 in
844 3503 1041 3566 singulis
1073 3504 1210 3562 locis,
1236 3503 1294 3551 de
1323 3505 1493 3567 quibus
1524 3503 1725 3550 subinde
1757 3501 1938 3549 videbi-
