2228 3938
259 344 330 380 310
869 343 1103 382 JOHANNIS
1138 345 1433 390 BURCHARDI,
1700 348 1910 390 [Novembre
1933 351 2012 383 1503

326 448 413 497 Die
438 447 795 512 sequenti‚post
811 447 984 496 horam
1003 448 1288 511 vigesimam
1313 448 1523 512 equitavi
1547 449 1608 498 ad
1623 450 1876 514 palatium,
1905 468 2034 502 asso-

260 532 415 580 ciatus
440 532 565 580 inter
590 534 645 579 D.
687 533 885 591 Lucam,
917 534 1164 580 oratorem
1193 531 1499 596 imperialem
1526 548 1555 580 a
1587 533 1788 593 dextriS,
1822 537 1869 582 et
1909 535 2036 599 epis-

259 632 436 679 copum
479 617 784 663 Castrensem
832 631 860 663 a
907 615 1114 662 sinistris
1131 632 1143 677 1;
1194 620 1240 664 et
1281 620 1390 679 post
1428 631 1519 663 nos
1569 619 1712 665 erant
1749 619 2029 679 Saonensis,

257 699 646 757 Auximanensis,
684 698 937 757 Pollensis,
980 699 1318 747 Asculanensis
1346 702 1394 747 et
1427 699 1671 758 Sutrinus,
1710 700 1945 765 episcopi,
1987 706 2033 751 et

257 781 653 845 prothonotarius
684 782 743 829 de
775 781 974 845 Spinula
1004 781 1130 829 inter
1153 782 1404 829 alumnum
1438 785 1495 829 D.
1533 784 1587 829 B.
1620 785 1763 832 Arest
1801 787 1850 832 et
1881 786 2035 833 Geor-

255 865 388 928 gium
432 864 601 923 Suber,
649 867 870 912 oratores
911 864 1328 929 Bambergenses,
1373 865 1704 913 Bernardinus
1753 868 1948 915 Custelli
1986 873 2034 916 et

255 951 366 995 ante
402 948 644 996 Johannes
687 951 928 1012 Languer,
969 947 1215 996 Johannes
1255 948 1412 1007 Fabri,
1457 951 1642 1012 Gaspar
1682 951 1804 998 Hert
1843 953 1891 998 et
1930 950 2027 1009 alii,

254 1032 396 1079 amici
420 1032 542 1079 mei:
570 1031 770 1095 equitavi
798 1048 885 1095 per
907 1031 1027 1079 viam
1050 1031 1217 1095 Campi
1244 1032 1384 1080 Flore
1419 1035 1554 1080 recta
1588 1032 1663 1080 via
1691 1034 1751 1080 ad
1775 1034 2027 1097 palatium,

254 1115 332 1163 ubi
358 1115 446 1163 soli
470 1118 596 1179 Pape
625 1115 806 1179 gratias
833 1115 927 1178 egi,
961 1115 1267 1179 presentibus
1299 1118 1629 1164 Recanatense
1658 1121 1705 1164 et
1736 1118 2026 1165 camerario.

253 1198 387 1246 Redii
410 1198 470 1246 ad
491 1199 692 1246 domum
717 1215 804 1262 per
830 1198 1099 1262 parionem,
1129 1202 1174 1247 et
1203 1214 1297 1246 non
1328 1214 1434 1245 sum
1460 1215 1574 1246 usus
1597 1215 1753 1263 cappa
1782 1202 2030 1263 sequenti-

252 1284 341 1330 bus
378 1282 564 1342 diebus,
597 1298 687 1330 nec
721 1282 897 1330 ceteris
931 1281 1256 1330 cardinalibus
1289 1282 1471 1345 gratias
1506 1283 1580 1346 egi
1618 1283 1707 1330 nisi
1746 1284 1794 1331 in
1830 1300 2030 1332 camera

253 1369 394 1429 Pape.

317 1450 403 1497 Die
442 1448 664 1512 predicta
707 1448 960 1504 mercurii,
1002 1450 1061 1495 29
1104 1449 1395 1507 novembris,
1444 1449 1662 1496 custodia
1703 1450 1875 1498 Palatii
1917 1466 2029 1498 cum

251 1533 505 1595 capitaneo
537 1531 620 1578 ivit
652 1530 838 1578 Ostiam
872 1531 933 1577 ad
974 1529 1349 1577 conducendum
1389 1530 1562 1578 ducem
1597 1532 1933 1591 Valentinum,
1969 1533 2029 1580 de

250 1615 382 1663 Ostia
409 1615 454 1661 in
481 1614 620 1678 galea
653 1614 714 1661 ad
741 1614 940 1673 Urbem,
978 1613 1040 1660 ad
1062 1628 1209 1675 quam
1235 1613 1329 1659 dux
1357 1613 1486 1660 venit
1508 1613 1585 1660 die
1607 1614 1732 1677 jovis
1748 1614 1919 1662 ultima
1941 1631 2030 1662 no-

248 1699 483 1757 vembris,
510 1698 558 1745 in
583 1697 825 1761 principio
858 1697 1030 1755 noctis,
1073 1699 1120 1743 et
1152 1696 1429 1759 hospitatus
1460 1699 1533 1745 est
1570 1697 1618 1743 in
1648 1697 1847 1760 palatio,
1875 1697 1924 1745 in
1949 1713 2031 1746 ca-

248 1798 386 1830 mera
412 1781 707 1830 Salernitani
734 1780 814 1845 (1)

315 1866 430 1913 Heri
455 1881 616 1925 mane,
645 1864 804 1928 prima
830 1864 1078 1911 dominica
1104 1863 1355 1922 adventus,
1385 1864 1410 1910 3
1437 1863 1732 1924 decembris,
1765 1866 2028 1928 antequam

251 1955 379 2013 Papa
420 1950 575 1996 exiret
627 1948 824 2011 palatio,
882 1947 1124 1994 Sanctitas
1171 1962 1257 1994 sua
1305 1947 1365 1993 ad
1415 1946 1827 2010 supplicationem
1866 1963 2027 1995 meam

249 2033 379 2081 dedit
405 2032 524 2079 mihi
549 2031 797 2079 licentiam
820 2030 1044 2093 portandi
1073 2029 1476 2092 superpellicium
1509 2047 1656 2094 super
1680 2032 1954 2079 rochettum
1982 2032 2026 2078 in

250 2116 438 2180 capella
484 2131 634 2178 usque
682 2115 742 2161 ad
791 2113 1211 2161 consecrationem
1258 2130 1455 2161 meam:
1495 2114 1739 2162 commisit
1788 2115 2025 2178 magistro

248 2201 422 2247 domus
449 2215 532 2246 sue
551 2198 679 2261 quod
706 2199 967 2244 annotaret
986 2212 1063 2243 me
1089 2200 1318 2260 tanquam
1334 2198 1577 2260 prelatum
1598 2197 1769 2245 Palatii
1795 2198 1842 2244 in
1861 2198 2023 2246 rotulo

249 2300 333 2331 sue
360 2282 667 2340 Sanctitatis;
697 2286 744 2328 et
768 2281 1033 2328 familiares
1059 2282 1155 2328 mei
1181 2297 1393 2341 meeum,
1433 2285 1575 2345 prout
1595 2282 1676 2329 alii
1711 2282 1904 2345 prelati,
1934 2282 2023 2330 ha-

251 2368 480 2414 berentur
517 2365 577 2412 ad
610 2364 965 2427 expediendum
992 2364 1160 2427 gratis,
1198 2368 1244 2411 et
1268 2365 1394 2426 quod
1425 2381 1544 2411 unus
1575 2364 1828 2412 familiaris
1866 2380 2020 2424 meus,

249 2450 540 2512 quicumque
579 2449 721 2505 esset,
758 2449 922 2509 posset
953 2448 1265 2494 commedere
1300 2448 1345 2494 in
1384 2447 1569 2506 tinello,
1607 2452 1653 2495 et
1685 2447 1872 2495 remisit
1904 2447 2022 2495 mihi

247 2536 474 2580 annatam
498 2533 544 2578 et
565 2529 694 2593 quod
709 2529 923 2593 signaret
942 2531 1222 2578 mandatum
1247 2531 1306 2578 de
1330 2531 1632 2594 expediendo
1659 2531 1845 2579 litteras
1871 2531 2023 2595 gratis

247 2617 567 2666 ecclesiarum
592 2617 639 2661 et
661 2615 1017 2662 reservationis.

310 2700 396 2748 Die
433 2700 588 2763 prima
640 2697 883 2746 dominica
917 2699 1179 2756 adventus,
1230 2698 1361 2746 venit
1408 2697 1469 2745 ad
1500 2697 1739 2761 capellam
1778 2698 2018 2761 majorem

245 2784 323 2831 ubi
368 2783 584 2832 interfuit
633 2781 778 2828 misse
844 2797 991 2844 quam
1052 2783 1245 2846 publice
1293 2782 1555 2830 celebravit
1619 2780 2016 2843 archiepiscopus

246 2867 580 2915 Patracensis:
620 2867 887 2915 orationem
927 2866 1041 2914 fecit
1076 2870 1368 2929 procurator
1392 2864 1578 2912 ordinis
1616 2863 2011 2927 predicatorum;

221 2948 338 3016 ‘ia
360 2967 493 2998 more
524 2950 682 2997 solito.
714 2949 894 2997 Donavi
930 2952 1053 3012 Pape
1091 2953 1199 2996 ante
1234 2948 1432 2995 missam
1466 2949 1512 2995 in
1549 2961 1746 2994 camera
1779 2961 1867 2993 sua
1898 2961 2015 2993 coo-

244 3039 431 3097 pertam
468 3035 526 3081 de
568 3033 745 3081 velluto
787 3034 923 3081 viridi
965 3049 1107 3096 quam
1151 3033 1408 3080 habuimus
1444 3046 1530 3094 per
1571 3028 1757 3076 obitum
1809 3027 1890 3074 Pie
1930 3029 2008 3086 Ill,

243 3117 439 3164 nomine
491 3116 609 3164 socii
645 3116 740 3163 mei
790 3121 836 3164 et
867 3131 1006 3174 meo,
1056 3116 1169 3179 quia
1206 3115 1446 3163 serviebat
1480 3109 1917 3176 paramentorum
1958 3128 2016 3160 ea

246 3201 388 3248 sacto.

293 3348 325 3383 1.
356 3346 589 3389 Giustiniani,
611 3350 716 3396 apres
737 3345 834 3383 avoir
854 3346 975 3382 donne
995 3357 1035 3382 ee
1055 3348 1170 3382 meme
1196 3344 1322 3391 detail,
1345 3345 1464 3394 ajoute
1484 3357 1493 3382 ε
1522 3360 1541 3380 «
1562 3345 1648 3382 Dice
1674 3345 1706 3382 el
1726 3345 1912 3382 Pontefice
1931 3346 2014 3393 che,

243 3417 353 3441 avuse
376 3400 575 3443 lo‘sortezze
597 3406 688 3442 delle
710 3411 803 3442 terre
824 3404 913 3440 ch’et
936 3405 1031 3440 tiene
1052 3405 1086 3440 in
1110 3417 1229 3450 mane,
1253 3401 1286 3438 lo
1306 3401 1502 3440 licenziera,
1528 3403 1594 3438 Dio
1617 3403 1650 3439 sa
1671 3415 1710 3438 zo
1729 3403 1795 3438 che
1818 3415 1859 3438 no
1876 3408 1975 3440 sai-Ji!
1995 3419 2012 3435 »

244 3476 278 3511 p.
301 3465 381 3499 1318.
