2228 3938
186 337 355 378 [octobre
377 338 471 377 1500]
502 387 509 395 α
628 334 796 372 RERUM
829 333 1131 371 URBANARUM
1164 331 1511 369 COMMENTARH.
1914 333 1959 367 83

187 460 332 508 quam
366 442 593 508 plurimis
615 441 788 490 diebus
809 439 1053 488 continuis
1077 438 1295 486 clausam
1321 442 1366 486 et
1393 439 1658 486 sentientes
1685 455 1741 485 ex
1767 455 1823 485 ea
1842 438 1962 485 feto-

186 544 313 588 rem,
342 529 643 592 aperuerunt
664 524 707 573 vi
726 524 906 572 ostium
931 523 1104 571 domus
1128 525 1175 570 et
1201 522 1488 570 invenerunt
1514 538 1784 586 pauperem
1804 521 1962 570 homi-

184 628 298 662 nem
314 611 504 660 inlecto
521 608 848 658 intersectum.
875 606 1165 671 Requiescat
1181 605 1229 654 in
1245 622 1381 670 pace.
1403 607 1720 654 Parcissimus
1742 606 1961 654 omnium

185 695 446 744 hominum
469 694 572 742 suit.

249 778 395 827 Feria
419 775 648 834 secunda,
677 778 735 824 26
762 775 944 824 mensis
964 774 1182 823 octobris
1206 773 1436 838 predicti,
1461 773 1549 822 fuit
1578 775 1823 821 secretum
1845 788 1963 821 con-

189 861 464 920 sistorium3
511 876 605 925 quo
651 859 808 919 finito,
838 862 1004 907 RmuS.
1047 857 1312 906 cardinalis
1356 857 1638 915 Gurcensis,
1675 856 1866 920 legatus
1904 855 1965 904 ad

185 945 497 995 Germaniam
511 943 812 1007 designatus,
830 942 921 991 suit
933 941 1203 990 associatus
1219 941 1279 989 ab
1295 940 1520 990 omnibus
1539 940 1731 988 RRmis.
1748 943 1846 988 DD.
1860 957 1964 988 car-

185 1028 428 1079 dinalibus
439 1028 499 1077 de
516 1026 809 1076 consistorio
831 1028 971 1075 extra
987 1028 1178 1090 portam
1193 1024 1448 1084 Viridarii,
1465 1039 1603 1072 more
1618 1023 1776 1084 solito,
1793 1040 1966 1087 arrep-

186 1115 327 1161 turus
348 1112 443 1161 iter
471 1110 533 1160 ad
561 1110 864 1176 provinciam
889 1109 981 1158 sibi
1016 1109 1320 1174 deputatam.
1352 1107 1591 1171 Equitavit
1617 1123 1705 1171 per
1732 1110 1874 1171 prata
1904 1107 1965 1155 ad

184 1198 474 1246 conventum
502 1196 554 1244 b.
585 1194 740 1243 Marie
771 1193 830 1242 de
859 1193 1061 1257 PopulO,
1093 1193 1174 1241 ubi
1204 1192 1383 1240 mansit
1407 1208 1559 1255 usque
1584 1191 1645 1239 ad
1669 1191 1799 1239 diem
1818 1192 1961 1256 jovis,

186 1284 245 1328 29
271 1279 388 1329 dicti
422 1279 657 1339 octobris,
689 1294 785 1342 qua
809 1278 858 1326 in
881 1292 1024 1325 mane
1050 1276 1160 1325 inde
1186 1276 1410 1334 recessit,
1450 1276 1543 1324 iter
1571 1290 1711 1323 suum
1748 1275 1965 1340 dirigens

187 1380 354 1412 versus
370 1362 690 1421 Alemaniam,
715 1361 762 1409 in
785 1360 986 1410 nomine
1003 1359 1197 1408 Domini
1224 1359 1304 1425 (1).

191 1486 195 1497 .
250 1447 435 1496 Eadem
461 1446 538 1495 die
559 1446 692 1502 lune,
720 1449 779 1493 26
809 1444 1044 1503 octobris,
1065 1444 1151 1491 suit
1176 1447 1461 1493 rotaetnon
1479 1444 1741 1497 audientia,
1763 1445 1965 1508 propter

168 1532 440 1580 vrecessum
457 1530 665 1595 predicti
692 1529 817 1577 Rmi.
843 1531 901 1576 D.
927 1526 1370 1591 cardinalislegati.

253 1615 399 1663 Feria
420 1614 585 1673 tertia,
612 1617 670 1661 27
689 1612 912 1677 ejusdem
936 1611 1138 1670 mensis,
1159 1611 1326 1660 habite
1347 1614 1455 1659 sunt
1479 1611 1685 1676 exequie
1707 1612 1834 1660 bone
1861 1626 1965 1661 me-

192 1697 348 1746 morie
378 1700 435 1745 D.
484 1695 731 1745 Octaviani
767 1695 1010 1754 Fornarii,
1052 1694 1328 1754 Januensis,
1369 1694 1587 1759 episcopi
1623 1696 1961 1747 Marianensis.

194 1779 363 1828 clerici
404 1794 600 1830 camere
622 1778 907 1842 apostolice,
949 1778 1030 1842 qui
1067 1794 1125 1828 ex
1164 1781 1301 1842 peste
1332 1779 1427 1827 vita
1456 1779 1651 1826 functus
1675 1783 1749 1828 est
1793 1782 1962 1834 Rome,

195 1862 243 1908 in
268 1861 478 1910 ecclesia
500 1864 764 1910 conventus
801 1878 841 1909 S.
865 1860 1148 1922 Augustini;
1174 1863 1236 1907 R.
1267 1862 1324 1907 D.
1356 1862 1530 1907 Petrus
1559 1861 1751 1919 Paulus,
1781 1862 1968 1925 episco—

197 1961 287 2007 pus
321 1961 360 1991 s.
404 1943 610 2008 Agathe,
657 1944 917 1992 celebravit
963 1942 1162 1991 missam
1206 1943 1464 2006 majorem,
1516 1944 1603 1995 cui
1635 1944 1966 1993 interfuerunt

193 2027 359 2075 RRmi.
385 2029 487 2075 DD.
525 2026 798 2076 cardinales
828 2028 1200 2076 Beneventanus
1224 2029 1272 2074 et
1294 2026 1508 2075 Medices
1545 2031 1592 2075 et
1627 2028 1803 2092 prelati
1835 2029 1969 2077 circa

189 2109 529 2174 quadraginta,
582 2111 878 2176 computatis
926 2109 1233 2159 auditoribus
1270 2126 1491 2169 camere;
1540 2112 1812 2161 orationem
1860 2116 1968 2176 post

188 2194 387 2243 missam
404 2193 519 2242 fecit
543 2196 601 2242 D.
628 2194 839 2243 Thomas
860 2194 1070 2253 Fedrus;
1083 2194 1223 2258 juxta
1241 2194 1483 2242 feretrum
1502 2195 1697 2244 fuerunt
1728 2196 1966 2244 intortitia

187 2277 354 2343 viginti
379 2280 605 2342 quatuor,
639 2277 822 2327 funesti
845 2277 1148 2344 quindecim;
1177 2277 1270 2326 alia
1306 2294 1443 2326 more
1473 2279 1638 2327 solito·
1678 2282 1809 2327 Inter
1848 2279 1966 2327 duas

190 2365 237 2410 et
264 2364 364 2410 tres
395 2360 644 2410 columnas
672 2361 899 2421 ecclesie,
933 2377 962 2410 a
991 2364 1134 2426 porta
1172 2361 1521 2426 computando,
1550 2362 1641 2410 fuit
1674 2363 1962 2421 catalectus3

191 2444 463 2493 cardinales
487 2443 720 2494 sederunt
743 2445 793 2492 in
815 2445 1025 2494 scamnis
1057 2445 1323 2494 ordinariis
1346 2445 1504 2506 chori,
1528 2462 1555 2495 a
1580 2461 1735 2495 cornu
1759 2463 1967 2510 evange-

188 2527 266 2586 lii;
292 2527 467 2592 prelati
491 2528 536 2575 in
563 2528 790 2592 opposito
818 2528 868 2576 in
889 2529 1102 2578 scamnis
1135 2529 1439 2578 bassioribus
1470 2533 1579 2593 post.
1603 2530 1854 2578 ordinaria
1880 2546 1968 2594 po-

191 2610 296 2658 sitis
318 2627 407 2674 per
429 2610 630 2675 longum
655 2611 881 2660 ecclesie.
963 2664 972 2674 ⁶
1479 2611 1484 2614 ’

253 2694 397 2743 Feria
421 2697 571 2753 sexta,
602 2698 663 2743 30
678 2694 913 2755 octobris,
933 2695 1290 2759 proclamatum
1313 2696 1403 2744 fuit
1427 2711 1515 2760 per
1535 2696 1714 2745 Urbem
1735 2697 1865 2761 quod
1893 2697 1968 2746 die

182 2772 436 2827 ‘dominica
483 2778 722 2842 proxima,
772 2779 896 2828 festo
933 2779 1150 2827 omnium
1198 2783 1499 2832 sanctorum.
1530 2780 1735 2829 deberet
1776 2781 1965 2830 ostendi

194 2861 443 2911 Vel-onica
472 2865 520 2910 et
555 2861 661 2910 dari
696 2878 785 2926 per
812 2864 896 2911 SS.
945 2866 1000 2911 D.
1028 2865 1083 2912 N.
1130 2866 1310 2927 Papam
1344 2863 1622 2912 benedictio
1658 2863 1890 2912 solemnis
1925 2868 1968 2913 et

192 2944 386 3009 publica
429 2945 477 2993 in
506 2945 616 2994 loco
641 2945 804 2994 solito.
849 2946 1058 2995 Sabbato
1096 2947 1266 2995 ultimo
1291 2947 1525 3007 octobris,
1550 2947 1760 2996 mutatio
1795 2963 1973 3012 cappa-

192 3045 305 3077 rum
333 3045 344 3077 :
370 3029 571 3078 fuerunt
609 3044 812 3093 vespere
856 3029 1054 3094 papales
1097 3030 1144 3077 in
1186 3031 1374 3095 capella
1413 3031 1600 3095 majore
1630 3030 1812 3095 palatii,
1844 3033 1972 3095 Papa

193 3115 450 3174 presente;
479 3115 527 3161 et
557 3112 604 3160 in
630 3112 893 3173 dominica,
923 3128 1064 3161 mane
1092 3114 1334 3177 sequenti,
1369 3115 1495 3163 festo
1527 3115 1745 3163 omnium
1777 3118 1970 3163 sancto-

190 3210 318 3254 rum,
346 3196 439 3244 fuit.
462 3195 610 3244 missa
654 3195 885 3245 solemnis
923 3195 972 3244 in
1018 3195 1220 3245 basilica
1263 3215 1301 3246 s.
1347 3198 1499 3256 Petri,
1531 3214 1675 3262 quam
1710 3198 1983 3251 celebravit·

242 3344 275 3378 1.
302 3342 396 3392 Voy.
417 3347 439 3381 a
457 3345 567 3394 l'app.
589 3351 631 3381 n0
649 3346 686 3392 8,
708 3343 744 3381 la
761 3344 921 3393 depeche
940 3345 984 3381 de
1005 3345 1177 3394 Cappello
1194 3346 1216 3382 a
1235 3346 1270 3382 la
1289 3345 1505 3395 seigneurie
1523 3347 1566 3382 de
1587 3345 1757 3382 Florence
1775 3356 1783 3380 :
1806 3344 1974 3380 l'orateur

195 3405 294 3438 entre
314 3403 405 3439 dans
425 3403 469 3440 de
488 3403 638 3441 curieux
658 3403 787 3441 details
808 3415 871 3440 sur
895 3405 930 3440 la
952 3404 1111 3452 legation
1137 3403 1389 3454 d'Allemaghe
1415 3407 1464 3442 du
1487 3404 1645 3442 cardinal
1671 3405 1714 3439 de
1743 3403 1855 3447 Gurk,
1877 3403 1972 3440 alors

194 3460 383 3498 reconcitie
402 3473 489 3500 avec
502 3462 556 3500 les
577 3463 731 3512 Borgia3
749 3467 784 3500 et
804 3462 856 3500 les
875 3463 970 3499 deux
990 3463 1170 3511 depeehes
1191 3463 1389 3510 summes,
1409 3473 1465 3501 110³
1479 3469 1500 3501 t)
1521 3469 1553 3500 et
1577 3466 1632 3499 10.
