2228 3938
312 334 381 368 282
924 333 1154 370 JOHANNlS
1190 332 1479 377 BURCHARDJ,
1806 335 1968 373 [Octobre
1994 339 2085 379 1503}

319 433 500 480 tenoris
564 437 613 480 ut
667 433 838 480 infra:
879 454 899 477 «
946 438 1014 481 De
1055 435 1281 482 mandato
1329 435 1411 481 SS.
1457 436 1512 480 D.
1565 436 1619 481 N.
1674 450 1794 497 pape
1838 435 2085 484 intimetur

317 516 508 562 RRmis.
556 518 655 563 DD.
694 516 1034 574 cardinalibus»,
1074 518 1272 580 prelatis
1307 521 1351 564 et
1389 516 1673 563 officialibus
1717 533 1911 565 romane
1954 520 2085 568 curie

321 598 451 660 quod
484 598 560 646 die
589 599 814 656 crastina,
850 600 994 662 hujus
1017 600 1196 647 mensis
1225 603 1270 656 8,
1304 599 1426 646 hora
1447 599 1820 661 quartadecima,
1853 601 2088 648 Sanctitas

312 696 398 727 sua
427 680 692 729 descendet
723 681 781 729 de
814 682 988 744 palatio
1022 683 1081 730 ad
1111 682 1361 730 basilicam
1398 698 1435 728 s.
1483 682 1610 729 Petri
1642 686 1686 729 et
1716 682 2033 730 associabitur
2059 699 2086 730 a

313 763 631 810 cardinalibus
661 768 709 811 et
738 764 932 826 prelatis
965 764 1011 811 in
1040 780 1210 812 eorum
1243 764 1406 827 cappis
1433 763 1493 810 ad
1524 763 1757 826 capellam
1773 781 1811 811 s.
1849 764 2082 828 Gregorii,

241 891 245 895 ,
314 845 392 891 ubi
430 861 514 893 sue
555 847 954 894 reverendissime
987 847 1351 894 Dominationes
1387 846 1625 908 accipient
1658 852 1938 909 paramenta
1968 862 2085 894 con-

313 931 451 978 sueta
493 928 586 975 albi
624 929 812 987 coloris,
849 936 895 976 et
928 930 1012 976 fiet
1052 929 1160 976 inde
1196 929 1440 992 processio
1477 928 1537 974 ad
1581 928 1728 976 altare
1766 929 1923 991 majus
1959 929 2084 976 dicte

313 1010 523 1059 basilice.
567 1012 727 1060 Primo
765 1012 1001 1060 Sanctitas
1030 1028 1116 1059 sua
1142 1012 1407 1059 celebrabit
1440 1011 1637 1058 missam
1668 1011 1960 1070 solemnem;
1994 1026 2088 1078 qua

311 1093 461 1152 finita,
493 1096 810 1143 coronabitur
827 1095 876 1142 in
898 1100 1127 1159 suggestu
1140 1111 1284 1158 super
1303 1095 1445 1157 plano
1470 1094 1708 1142 scalarum
1729 1094 1856 1142 dicte
1874 1094 2085 1146 basilice,

312 1179 480 1238 parato
503 1184 637 1225 mor'e
661 1184 911 1225 consueto.
942 1198 963 1221 »

379 1259 465 1306 Die
487 1259 745 1319 dominica,
777 1264 803 1308 8
828 1260 1056 1318 octobris,
1083 1262 1164 1308 SS.
1194 1263 1250 1307 D.
1277 1264 1442 1307 noster
1463 1264 1681 1323 portatus
1706 1260 1755 1306 in
1775 1260 1888 1307 sede
1911 1259 1972 1306 ad
1993 1247 2087 1307 boc

313 1341 548 1401 ordinata,
574 1343 632 1389 de
654 1359 748 1404 qua
773 1359 862 1406 per
892 1347 1043 1391 totum
1071 1343 1285 1390 officium
1317 1343 1683 1392 nondescendit
1708 1343 1793 1390 sed
1820 1342 1868 1389 in
1897 1357 1951 1389 ea
1979 1345 2086 1405 post

314 1423 562 1471 introitum
590 1425 791 1472 ecclesie
821 1426 986 1483 oravit,
1015 1428 1063 1472 et
1084 1426 1133 1472 in
1164 1425 1347 1488 capella
1373 1442 1410 1472 5.
1446 1426 1667 1489 Gregorii
1703 1431 1810 1489 post
1833 1425 2083 1472 introitum

313 1522 458 1569 super
477 1507 650 1554 solium
670 1508 758 1554 sibi
780 1513 1000 1570 paratum
1018 1514 1187 1570 postea
1208 1513 1402 1570 paratus
1423 1509 1529 1565 fuit,
1555 1509 1717 1556 omnia
1739 1508 1918 1555 ibidem
1942 1507 2080 1562 facta,

312 1588 484 1637 deinde
530 1591 954 1654 processionaliter
994 1591 1054 1637 ad
1096 1591 1242 1638 altare
1282 1591 1439 1654 majus
1482 1595 1714 1653 portatus.
1761 1593 1917 1648 Tunc,
1962 1590 2088 1637 facta

314 1672 550 1731 oratione,
582 1673 668 1721 fuit
694 1673 742 1720 in
770 1688 827 1721 ea
860 1673 1111 1720 confessus
1138 1676 1185 1720 et
1216 1677 1345 1720 retro
1367 1678 1602 1735 portatus.
1629 1675 1844 1720 Fuerunt
1868 1687 2011 1734 super
2031 1685 2088 1718 eo

313 1754 437 1803 dicte
482 1756 968 1819 orationes,>accepit
1002 1756 1050 1803 in
1092 1772 1149 1803 ea
1184 1755 1382 1819 pallium
1423 1761 1470 1803 et
1502 1758 1718 1818 portatus
1759 1754 1808 1801 in
1854 1769 1911 1802 ea
1943 1768 2087 1816 super

314 1837 517 1895 solium3
552 1838 727 1886 deinde
752 1838 801 1885 in
828 1854 885 1886 ea
915 1839 1188 1886 celebravit.
1219 1824 1509 1901 Reportatus
1544 1837 1604 1884 ad
1640 1840 1920 1901 suggestum
1952 1835 1999 1882 in
2032 1850 2089 1883 ea

313 1935 458 1982 super
479 1921 612 1967 illum
635 1922 836 1983 positus,
862 1926 1119 1969 coronatus
1144 1921 1246 1968 fuit.
1269 1921 1340 1968 Ad
1369 1936 1613 1968 cameram
1635 1919 1875 1983 Papagalli
1900 1917 2087 1980 accepit

313 2003 560 2061 amictum,
597 2003 772 2062 albam,
813 2004 1077 2067 cingulum,
1113 2005 1303 2063 stolam,
1341 2003 1546 2066 pluviale
1581 2003 1779 2050 rubrum
1811 2006 1859 2049 et
1891 2000 2085 2048 mitram

310 2085 596 2148 pretiosam:
628 2086 878 2133 descendit
901 2102 1065 2134 versus
1098 2086 1346 2134 basilicam
1378 2102 1414 2133 s.
1438 2086 1565 2133 Petri
1592 2088 1639 2132 et
1673 2085 1721 2131 in
1746 2100 1803 2132 ea
1831 2083 1944 2131 sede
1973 2098 2082 2145 pre·
2121 2123 2126 2128 .

313 2167 440 2214 dicta
462 2169 634 2215 sedens
662 2169 749 2215 sub
770 2173 909 2231 porta
933 2169 1058 2216 inter
1077 2169 1312 2231 palatium
1342 2173 1388 2215 et
1415 2168 1654 2231 porticum
1679 2183 1717 2213 5.
1749 2166 1875 2213 Petri
1896 2164 2081 2226 accepit

312 2265 481 2297 omnes
503 2251 763 2298 canonicos
786 2254 832 2298 et
853 2251 1165 2298 beneficiatos
1182 2254 1229 2298 et
1247 2250 1449 2299 clericos
1469 2250 1595 2297 dicte
1613 2248 1810 2296 basilice
1830 2248 1889 2294 ad
1911 2246 2086 2309 pedum

311 2332 557 2391 osculum;
584 2332 1003 2395 portatus-deinde
1038 2348 1123 2395 per
1157 2337 1342 2396 portam
1376 2332 1586 2380 mediam
1616 2330 1676 2378 ad
1701 2330 1951 2378 basilicam
1979 2343 2085 2391 pre—

310 2415 485 2462 dictam
516 2418 625 2477 post
657 2415 865 2478 primum
896 2415 1152 2463 rotundum
1180 2415 1393 2478 lapidem
1424 2415 1474 2462 in
1507 2414 1619 2462 sede
1644 2413 1861 2477 predicta
1890 2410 2080 2468 sedens,

310 2497 477 2544 oravit.
508 2499 735 2544 Portatus
756 2503 864 2560 post
886 2499 976 2545 hec
1002 2499 1061 2545 ad
1092 2498 1328 2561 capellam
1351 2514 1389 2545 s.
1424 2496 1638 2559 Gregorii
1662 2510 1747 2558 per
1773 2493 2084 2557 principalem

307 2582 516 2641 portam,
542 2581 692 2626 oravit
720 2580 768 2626 in
787 2596 843 2627 ea
865 2587 975 2628 ante
995 2582 1165 2639 altare,
1189 2581 1362 2628 deinde
1384 2583 1600 2644 portatus
1622 2583 1670 2625 et
1690 2577 1876 2640 positus
1901 2575 2081 2623 ibidem

309 2677 455 2724 supra
487 2663 661 2709 solium
700 2663 842 2710 trium
880 2663 1150 2726 palmorum
1174 2663 1396 2711 videlicet
1430 2662 1636 2709 duorum
1665 2659 1902 2723 graduum
1929 2662 1977 2705 et
2010 2656 2080 2703 di-

308 2743 439 2790 midii
464 2746 599 2808 cujus
622 2763 717 2793 una
741 2746 897 2794 tabula
922 2750 1062 2809 rupta
1089 2746 1177 2793 fuit
1198 2747 1388 2794 defectu
1410 2745 1770 2806 magistrorum.
1797 2740 1998 2803 Accepit
2025 2739 2086 2786 ad

309 2828 627 2875 reverentiam
659 2844 827 2877 omnes
853 2829 1118 2876 cardinales
1152 2834 1199 2876 et
1218 2820 1440 2891 prelatos
1466 2829 1512 2874 in
1542 2826 1720 2889 cappis.
1751 2827 1870 2872 Cum
1896 2822 2080 2885 episco-

309 2925 396 2972 pus
424 2911 733 2958 Torcellanus
766 2912 949 2959 faceret
973 2912 1017 2959 ei
1044 2911 1382 2968 reverentiam,
1412 2913 1541 2972 Papa
1562 2908 1673 2955 fecit
1709 2922 1820 2955 eum
1853 2904 2079 2951 vicarium
2119 2926 2123 2929 ¹

309 3008 465 3040 suum.
493 2993 653 3041 Abbas
678 3010 716 3041 s.
750 2994 965 3056 Gregorii
1000 2995 1133 3042 tarde
1162 2994 1307 3052 venit,
1342 2993 1422 3055 qui
1447 2993 1533 3039 fuit
1558 2995 1781 3052 receptus
1803 2990 1911 3050 post
1936 2986 2079 3033 assis—

311 3078 482 3123 tentes.
512 3079 640 3139 Papa
657 3076 830 3134 deinde
850 3076 899 3123 in
918 3076 1030 3124 sede
1048 3076 1308 3132 benedixit,
1335 3080 1447 3122 tunc
1470 3073 1585 3120 dixit
1606 3088 1614 3118 :
1645 3092 1665 3114 «
1686 3071 1836 3117 Pater
1860 3077 2016 3116 noster
2035 3088 2076 3125 »,

309 3162 354 3205 et
372 3152 702 3206 ¹subdiaconus
734 3159 909 3206 latinus
942 3164 988 3207 et
1016 3174 1191 3222 grecus
1216 3162 1499 3219 receperunt
1521 3158 1804 3218 paramenta
1828 3157 1938 3200 ante
1963 3157 2080 3200 tem-

313 3257 418 3303 pus,
446 3241 664 3288 similiter
701 3245 748 3288 et
784 3242 1070 3300 cardinales,
1098 3242 1291 3288 interim
1315 3238 1443 3302 quod
1478 3237 1646 3301 prelati
1681 3237 1899 3284 fecerunt
1946 3250 2082 3283 reve-

314 3323 540 3370 rentiam:
572 3339 745 3385 aquam
767 3326 878 3370 ante
908 3328 1195 3386 paramenta
1224 3325 1349 3385 Pape
1391 3320 1520 3368 dedit
1555 3319 1747 3381 quidam
1782 3319 1877 3365 dux
1914 3317 2078 3375 Adrie,

312 3405 467 3451 astinis
491 3405 559 3451 vel
586 3407 971 3468 consanguineus
991 3405 1246 3453 cardinalis
1266 3403 1579 3466 Neapolitani.
1605 3401 1852 3448 Processio
1871 3399 2084 3470 instituta
