2228 3938
1923 241 1950 258 f

238 392 284 427 88
851 390 1082 430 «IOHANNIS
1115 393 1407 440 BURCHARDI,
1689 395 1894 438 [Decembre
1917 398 2011 438 1500]

241 494 425 558 capella
445 492 677 557 predicta,
703 495 833 555 Papa
854 494 1076 553 absente;
1103 511 1375 545 sermonem
1399 496 1512 545 fecit
1529 500 1812 560 procurator
1829 497 2009 563 ordinis

242 577 603 625 Carmelitarum
627 575 850 623 omnibus
874 592 1011 625 more
1035 579 1174 627 solito
1196 579 1434 627 tediosum
1459 599 1468 637 ;
1500 579 1591 628 alia
1611 595 1747 628 more
1769 579 1927 627 solito.

307 659 486 708 Eadem
517 659 593 706 die
622 658 767 706 affixa
796 659 884 707 fuit
919 660 1064 708 valvis
1098 662 1295 711 basilice
1324 663 1556 726 principis
1591 662 1917 726 apostolorum
1953 664 2012 713 de

244 743 388 802 Urbe,
421 742 551 790 bulla
579 742 931 805 prorogationis
960 743 1132 807 jubilei
1158 760 1245 808 pro
1278 746 1548 794 forensibus
1577 761 1726 808 usque
1748 745 1809 793 ad
1834 746 2012 795 festum

244 826 506 890 Epiphanie
530 825 748 889 proxime
771 825 947 883 future,
975 827 1111 890 cujus
1140 827 1266 876 bulle
1298 833 1436 878 tenor
1460 829 1675 893 sequitur
1697 828 1755 879 de
1787 829 1930 878 verbo
1952 830 2012 879 ad

244 908 457 967 verbum,
482 913 527 957 et
549 914 622 956 est
642 909 767 956 talis.

313 1013 334 1035 «
367 992 636 1041 Alexander
665 992 938 1056 episcopus,
985 1009 1147 1043 servus
1189 1010 1435 1044 servorum
1468 996 1573 1055 Dei,
1608 997 1669 1045 ad
1700 997 1912 1046 futuram
1946 998 2015 1046 rei

244 1077 548 1125 memoriam.
566 1077 890 1125 Commissum
910 1077 1047 1126 nobis
1071 1079 1239 1127 celitus
1262 1079 1523 1142 apostolice
1545 1080 1782 1129 servitutis
1801 1080 2016 1128 officium

245 1167 358 1209 tunc
379 1161 522 1224 digne
553 1176 787 1224 peragere
821 1176 919 1209 non
950 1161 1258 1226 ambigimus,
1296 1162 1333 1210 si
1368 1163 1429 1210 ad
1458 1178 1516 1211 ea
1548 1163 1684 1212 solite
1706 1164 2016 1228 benignitatis

245 1244 470 1294 affectum
492 1244 816 1303 extendimus,
840 1260 927 1308 per
948 1261 1039 1309 que
1066 1245 1314 1294 christiani
1349 1246 1516 1294 fideles
1539 1246 1806 1295 animarum
1825 1262 2019 1296 suarum

247 1328 451 1379 salutem
472 1344 559 1392 pro
582 1343 749 1377 eorum
772 1328 1011 1376 desiderio
1032 1329 1223 1378 valeant
1246 1330 1530 1393 promereri.
1557 1331 1673 1378 Cum
1696 1330 1874 1393 itaque,
1900 1329 2021 1379 sicut

247 1412 540 1475 accepimus,
566 1411 885 1475 quamplures
901 1412 1148 1476 utriusque
1171 1428 1312 1461 sexus
1335 1413 1580 1461 christiani
1603 1413 1770 1461 fideles
1788 1414 1890 1461 fore
1912 1427 2022 1462 nos-

248 1498 420 1543 cantur
441 1495 539 1558 qui,
563 1495 643 1557 pia
661 1494 915 1543 devotione
945 1495 1092 1555 ducti,
1125 1496 1330 1559 propriis
1352 1496 1574 1544 domibus
1596 1496 1792 1556 relictiS‚
1817 1496 1879 1544 ad
1894 1497 2019 1545 hanc

249 1578 428 1625 almam
450 1578 628 1625 Urbem
649 1594 736 1641 pro
759 1579 1103 1641 consequenda
1129 1579 1274 1642 hujus
1304 1579 1425 1626 sacri
1448 1579 1560 1626 anni
1579 1579 1747 1642 jubilei
1771 1579 2019 1628 centesimi

247 1662 391 1725 plena
411 1661 711 1724 indulgentia
729 1661 997 1720 venienteS,
1023 1663 1085 1709 ob
1106 1677 1284 1724 magna
1299 1661 1481 1709 viarum
1504 1661 1800 1720 discrimina,
1826 1662 2023 1709 malam-

249 1760 341 1807 que
364 1744 580 1807 ipsorum
617 1744 1006 1808 dispositionem,
1042 1745 1101 1792 ad
1136 1745 1313 1793 dictam
1343 1745 1540 1803 Urbem,
1581 1748 1759 1794 statuto
1782 1749 2019 1808 tempore,

249 1828 497 1892 pervenire
520 1843 616 1876 non
631 1832 913 1891 potuerunt,
942 1843 1030 1876 nos
1048 1828 1350 1876 indemnitati
1370 1828 1671 1886 eorumdem,
1691 1844 1751 1876 ne
1767 1832 2026 1892 propterea

251 1911 426 1960 effectu
467 1911 767 1975 indulgentie
803 1916 1002 1959 careant
1035 1916 1304 1960 memorate
1342 1911 1610 1975 providere,
1657 1912 2025 1975 animarumque

251 2010 446 2042 suarum
470 1995 628 2050 saluti,
659 1995 921 2058 penitentie
958 2000 1006 2042 et
1033 1994 1255 2043 charitati
1285 1995 1539 2043 consulere
1568 1994 1836 2058 cupientes,
1861 1994 2026 2042 habita

252 2093 397 2141 super
431 2078 525 2126 hoc
565 2094 676 2126 cum
722 2078 1077 2126 venerabilibus
1125 2078 1351 2125 fratribus
1388 2078 1566 2125 nostris
1614 2083 1779 2126 sancte
1820 2078 2025 2126 ecclesie

252 2164 467 2210 Romane
501 2161 825 2209 cardinalibus
867 2161 1232 2220 deliberatione,
1276 2166 1465 2208 maturo
1500 2161 1559 2209 de
1593 2160 1784 2208 illorum
1822 2161 2024 2209 consilio

252 2245 433 2308 pariter
453 2248 501 2293 et
529 2261 748 2305 assensu,
780 2244 1129 2308 indulgentiam
1154 2244 1266 2292 anni
1291 2244 1460 2307 jubilei
1487 2244 1765 2308 hujusmodi
1791 2246 1837 2292 et
1863 2244 2024 2307 quoad

253 2328 437 2377 litteras
459 2345 606 2393 super
627 2344 685 2376 eo
702 2328 965 2388 confectas,
991 2343 1102 2375 cum
1124 2327 1348 2375 omnibus
1371 2332 1418 2374 et
1441 2327 1643 2391 singulis
1664 2327 1713 2374 in
1735 2327 1804 2374 eis
1824 2332 2026 2375 conten-

254 2412 313 2460 tis
337 2412 564 2459 clausulis
593 2412 695 2477 (pro
724 2411 816 2459 illis
848 2412 1083 2460 duntaxat
1118 2411 1218 2474 qui,
1258 2415 1310 2459 ut
1342 2410 1651 2473 premittitur,
1684 2410 1812 2458 dicto
1850 2415 2027 2458 statuto

255 2500 471 2559 tempore
488 2497 549 2546 ad
565 2497 722 2559 ipsam
738 2496 916 2544 Urbem
934 2494 1186 2559 pervenire
1198 2509 1292 2542 non
1308 2493 1584 2558 potuerunt)
1602 2510 1754 2557 usque
1772 2494 1833 2542 ad
1851 2494 2028 2542 festum

256 2582 523 2647 Epiphanie
552 2580 744 2630 Domini
771 2578 988 2644 proxime
1015 2582 1270 2626 venturum
1298 2577 1545 2636 inclusive,
1581 2578 1865 2627 auctoritate
1887 2592 2031 2641 apos-

260 2666 418 2726 tolica,
452 2670 620 2714 tenore
653 2663 969 2728 presentium,
1009 2663 1068 2710 de
1101 2661 1337 2709 uberioris
1374 2660 1502 2708 dono
1532 2661 1685 2724 gratie
1713 2676 2032 2725 prorogamus

258 2751 437 2815 pariter
458 2754 506 2798 et
535 2747 857 2806 extendimus,
887 2746 1102 2794 volentes
1128 2749 1173 2793 et
1198 2746 1519 2793 decernentes
1548 2744 1677 2806 quod
1698 2744 1736 2791 si
1759 2744 1865 2806 quis
1884 2759 1942 2791 ex
1963 2743 2031 2790 eis

257 2835 415 2898 aliquo
439 2850 497 2882 ex
518 2830 788 2894 casibus-in
813 2829 987 2878 litteris
1009 2828 1252 2876 facultatis
1279 2843 1365 2891 per
1391 2841 1478 2874 nos
1501 2825 1628 2873 dicto
1653 2841 1780 2873 anno
1804 2825 2027 2882 durante,

259 2918 489 2965 duntaxat
509 2915 695 2964 dilectis
724 2914 831 2961 filiis
858 2910 1210 2976 penitentiariis
1235 2910 1283 2956 in
1316 2908 1515 2956 basilica
1534 2908 1761 2972 principis
1786 2908 2032 2972 apostolo-

259 3016 365 3048 rum
388 3000 446 3047 de
467 2999 595 3047 dicta
615 2997 742 3045 Urbe
772 3009 1004 3044 concesse
1034 3008 1127 3056 que
1158 2993 1205 3039 in
1239 2992 1334 3039 fine
1364 2990 1479 3038 dicti
1507 2990 1618 3038 anni
1640 2989 1812 3054 jubilei
1834 2989 2030 3038 omnino

260 3082 507 3146 expiravit,
531 3086 672 3145 prout
692 3080 867 3127 harum
889 3077 1013 3125 serie
1042 3080 1156 3124 tunc
1182 3075 1399 3138 expirare
1421 3073 1744 3132 declaramus,
1766 3072 2032 3136 quomodo-

257 3167 373 3215 libet
393 3164 527 3228 ligati
548 3164 622 3211 vel
643 3161 813 3211 irretiti
836 3160 1030 3219 fuerint,
1063 3158 1124 3206 ad
1147 3158 1378 3205 dilectum
1410 3157 1563 3205 filium
1591 3156 1884 3204 Ludovicum
1906 3152 2032 3203 della

259 3253 425 3307 Turre,
465 3246 644 3296 ordinis
684 3246 885 3293 fratrum
916 3244 1159 3291 minorum
1198 3242 1257 3289 de
1307 3241 1615 3289 observantia
1642 3244 2031 3302 nuncupatorum

259 3333 604 3397 professorem,
630 3333 677 3378 et
699 3328 813 3376 dicti
843 3326 1021 3374 ordinis
1043 3326 1163 3374 citra
1193 3328 1382 3372 montes
1404 3323 1632 3371 vicarium
1655 3322 1956 3386 generalem,
1983 3321 2030 3369 in

260 3417 404 3464 domo
425 3413 612 3463 Araceli
634 3413 693 3460 de
716 3411 846 3459 dicta
864 3411 989 3458 Urbe
1013 3408 1195 3456 ordinis
1214 3407 1431 3471 ejusdem
1449 3407 1508 3454 ad
1524 3421 1725 3470 presens
1743 3405 2027 3468 degentem,

261 3515 422 3563 quem,
448 3498 509 3546 ad
533 3498 626 3544 hoc
658 3501 706 3543 et
733 3493 964 3542 nonnulla
996 3492 1090 3540 alia
1124 3491 1325 3539 salutem
1354 3490 1626 3538 animarum
1661 3487 2024 3544 concernentia,
