2228 3938
285 381 332 416 74
892 377 1076 416 JOHANN
1081 378 1124 415 IS
1159 377 1454 426 BURCHARDI,
1757 432 1770 446 υ
1841 381 1948 421 [Aout
1970 381 2062 420 1500]

288 482 615 533 cardinalium
640 481 691 531 in
707 482 838 531 Urbe
858 481 1198 544 existentium3
1222 485 1460 532 venerunt
1487 482 1635 531 etiam
1651 483 1874 531 oratores
1888 497 2062 547 regum

286 566 517 630 Hispanie
539 568 587 613 et
622 565 931 630 Neapolitani
963 566 1123 626 simul,
1159 567 1241 631 qui
1270 567 1501 615 dixerunt
1529 566 1717 615 oratori
1746 583 1756 615 :
1786 567 1902 615 siate
1922 568 1958 615 il
1976 568 2060 616 ben

286 645 470 698 venula.
490 648 794 712 Interrogavi
819 663 903 698 eos
929 649 967 697 si
992 649 1171 699 vellent
1196 650 1329 698 aliud
1344 650 1535 710 dicere;
1554 649 1784 698 dixerunt
1797 650 1926 715 quod
1942 666 2058 700 non.

287 735 463 783 Orator
479 732 527 781 id
553 732 758 783 audiens
785 732 1057 797 subjunxit:
1081 754 1102 778 «
1130 734 1213 797 qui
1238 750 1336 782 non
1360 733 1461 782 vult
1487 733 1618 781 aliud
1635 733 1824 793 dicere;
1842 749 1941 782 non
1962 734 2064 783 vult

285 832 597 881 responsum.
630 837 651 861 »
681 818 859 867 Orator
895 817 1000 881 ipse
1038 817 1272 881 equitavit
1307 817 1499 866 medius
1533 817 1660 865 inter
1697 819 1752 865 R.
1781 819 1839 866 D.
1868 817 2062 866 archie-

286 901 542 964 piscopum
582 901 918 960 Cusentinum,
960 901 1344 965 gubernatorem
1384 901 1529 951 Urbis
1563 903 1612 948 et
1634 901 2061 966 archiepiscopum

285 985 585 1049 Ragusinum
610 999 699 1048 per
726 984 871 1036 Viam
897 987 1026 1049 Pape
1060 985 1121 1033 ad
1160 1000 1226 1034 ss.
1265 985 1527 1049 Apostolos
1563 985 1646 1034 ubi
1669 984 1945 1049 hospitatus
1968 988 2058 1052 est.

284 1068 393 1118 Alia
415 1064 554 1117 more
580 1068 742 1117 solito.

353 1152 498 1201 Feria
518 1154 711 1215 quarta,
741 1154 801 1200 26
832 1153 1042 1216 augusti,
1081 1152 1187 1200 dies
1222 1151 1585 1201 anniversarius
1615 1151 1949 1201 coronationis
1974 1153 2058 1202 SS.

288 1238 342 1285 D.
363 1238 419 1286 N.
437 1235 701 1285 Alexandri
725 1251 852 1300 pape
866 1238 945 1294 VI,
966 1238 1134 1284 Rmus.
1154 1238 1210 1286 D.
1232 1235 1498 1284 cardinalis
1519 1237 1778 1299 Capuanus
1802 1236 2068 1286 celebravit

285 1319 487 1369 missam
502 1319 772 1367 solemnem
788 1319 847 1368 de
865 1319 1050 1383 Spiritu
1067 1322 1240 1368 sancto
1257 1320 1308 1368 in
1324 1319 1514 1383 capella
1529 1319 1623 1383 maj
1632 1335 1717 1368 ore
1735 1319 1921 1383 palatii,
1936 1322 2069 1386 Papa

286 1404 505 1452 absente.
517 1403 851 1452 Interfuerunt
866 1419 1040 1451 novem
1054 1403 1137 1451 alii
1157 1403 1438 1451 cardinales
1455 1402 1685 1452 videlicet
1698 1403 2065 1467 Neapolitanus,

287 1486 613 1544 s.Clementis,
628 1501 665 1533 s.
679 1486 871 1550 Angeli‚
890 1502 929 1533 s.
944 1486 1428 1546 Praxedis,Ursinus,
1441 1486 1818 1545 AlexandrinUS,
1831 1487 2063 1545 S.Crucis,

285 1569 634 1632 Agrigentinus
660 1571 708 1616 et
730 1569 971 1628 Medices;
1004 1585 1102 1617 non
1127 1570 1218 1617 fuit
1241 1570 1372 1618 dicta
1396 1585 1559 1632 prosa.
1586 1570 1694 1617 Alia
1717 1585 1856 1618 more
1881 1570 2042 1618 solito.

352 1654 455 1701 Hoc
478 1667 621 1700 mane
646 1654 844 1715 portata
866 1651 956 1700 fuit
980 1652 1143 1716 imago
1167 1653 1215 1700 b.
1245 1653 1398 1701 Marie
1426 1652 1649 1716 Virginis
1676 1668 1768 1716 que
1785 1652 1834 1700 in
1858 1653 2067 1702 ecclesia

288 1754 326 1785 s.
354 1736 508 1786 Marie
535 1735 584 1783 in
616 1735 815 1784 Porticu
848 1738 1071 1783 servatur
1103 1737 1165 1785 ad
1196 1736 1454 1786 basilicam
1489 1753 1528 1784 s.
1564 1736 1697 1785 Petri
1729 1751 1841 1784 cum
1871 1736 2066 1785 confra—

287 1819 599 1868 ternitatibus
624 1822 671 1867 et
696 1819 860 1882 magni
894 1819 1063 1882 populi
1089 1820 1336 1879 comitiva,
1367 1820 1570 1884 singulis
1597 1820 1814 1884 singulas
1838 1820 2066 1869 candelas

285 1903 359 1951 vel
385 1902 626 1951 intortitia
650 1902 877 1951 ardentia
899 1902 949 1951 in
981 1903 1206 1951 manibus
1237 1904 1569 1966 portantibus
1598 1904 1763 1954 Posita
1786 1903 1876 1951 fuit
1902 1903 2065 1968 imago

285 1986 376 2033 hec
400 1986 449 2033 in
473 1985 635 2034 medio
660 1985 788 2033 inter
813 2002 1054 2050 organum
1079 1989 1127 2034 et
1152 1987 1397 2049 pulpitum
1424 1987 1667 2051 evangelii
1686 1987 1817 2035 dicte
1842 1987 2062 2047 basilice,

286 2070 359 2117 vel
384 2069 534 2128 circa,
565 2072 613 2116 et
645 2069 826 2117 mansit
851 2069 918 2117 ibi
947 2085 1099 2132 usque
1125 2070 1187 2118 ad
1218 2069 1349 2119 diem
1374 2070 1501 2133 jovis
1528 2072 1829 2132 sequentem,
1857 2086 1953 2134 qua
1976 2070 2066 2120 fuit

288 2153 347 2202 de
372 2152 576 2201 basilica
601 2152 825 2216 predicta
855 2153 915 2200 ad
948 2153 1209 2202 ecclesiam
1241 2169 1379 2202 suam
1412 2155 1684 2216 reportata,
1714 2155 1846 2217 Papa
1867 2153 2063 2202 vidente

290 2251 347 2283 ex
372 2236 582 2285 cameris
620 2251 770 2299 supra
797 2235 940 2299 logiis
972 2239 1114 2299 porte
1147 2236 1314 2299 palatii
1349 2240 1397 2284 et
1422 2235 1649 2284 omnibus
1682 2236 1778 2283 illis
1814 2236 2064 2286 benedixit

289 2322 335 2367 et
358 2319 599 2368 concessit
625 2319 852 2368 omnibus
877 2319 1233 2367 associantibus
1251 2319 1513 2383 jubileum.

352 2403 464 2451 Fuit
488 2403 635 2451 etiam
665 2402 803 2466 prius
834 2403 896 2452 ad
927 2402 1181 2451 basilicam
1219 2403 1494 2466 predictam
1526 2405 1723 2466 portata
1752 2418 1864 2451 cum
1889 2418 2063 2467 magna

287 2490 335 2535 et
360 2486 566 2535 solemni
591 2486 906 2550 processione
932 2486 1094 2550 imago
1125 2486 1345 2550 ejusdem
1374 2487 1422 2535 b.
1456 2486 1610 2534 Marie
1642 2486 1860 2549 virginis,
1896 2502 1988 2550 que
2015 2486 2064 2535 in

287 2569 496 2619 ecclesia
521 2572 786 2619 conventus
812 2586 851 2618 S.
878 2570 1138 2633 Augustini
1168 2572 1488 2618 conservatur
1532 2573 1581 2618 et
1604 2569 1764 2633 posita
1788 2570 1848 2618 ad
1872 2570 2066 2618 cancel—

291 2653 388 2702 lum
414 2652 643 2702 introitus
667 2653 728 2702 ad
752 2653 906 2702 altare
938 2653 1096 2717 majus
1127 2653 1256 2702 dicte
1288 2653 1506 2713 basilice,
1548 2656 1596 2702 et
1626 2653 1675 2701 in
1699 2654 1872 2702 eadem
1898 2653 2066 2702 basili-

288 2752 360 2795 ca,
390 2736 557 2786 multis
582 2736 778 2795 diebus;
811 2736 1016 2785 dimissa
1047 2738 1247 2785 tandem
1284 2738 1344 2786 ad
1378 2737 1639 2785 ecclesiam
1672 2752 1809 2784 suam
1841 2737 2064 2800 proxime

287 2820 469 2869 dictam
494 2820 929 2884 processionaliter
952 2823 1000 2868 et
1026 2820 1313 2868 solemniter
1337 2822 1610 2883 reportata.

292 2899 294 2904 ’
350 2903 492 2954 Feria
529 2904 757 2961 secunda,
801 2903 974 2952 ultima
1016 2903 1226 2965 augusti,
1272 2902 1532 2965 magnifica
1563 2905 1619 2950 D.
1660 2902 1904 2961 Lucretia,
1946 2902 2062 2950 olim

287 2987 346 3034 de
374 2986 640 3050 Aragonia,
686 2985 788 3032 filia
831 2988 977 3048 Pape,
1023 2984 1228 3032 recessit
1270 2985 1330 3032 ab
1376 2985 1505 3033 Urbe
1550 2985 1682 3032 itura
1717 2986 1778 3032 ad
1816 2985 2063 3033 civitatem

286 3068 596 3132 Nepesinam,
619 3068 859 3116 associata
883 3083 910 3115 a
936 3067 1177 3115 sexcentis
1204 3068 1513 3131 equestribus
1536 3068 1610 3116 vel
1627 3068 1775 3128 circa,
1797 3071 1849 3116 ut
1865 3071 2064 3132 caperet

288 3152 502 3215 aliquam
548 3151 937 3199 consolationem
980 3152 1053 3199 vel
1098 3152 1459 3199 recreationem
1503 3157 1706 3215 propter
1754 3150 1977 3198 dolorem
2014 3154 2062 3199 et

288 3234 708 3300 perturbationem
751 3250 871 3298 quas
913 3234 1083 3282 habuit
1122 3234 1292 3282 diebus
1338 3235 1591 3299 preteritis
1629 3236 1832 3298 propter
1875 3233 2063 3282 obitum

286 3317 430 3366 Illmi.
465 3320 520 3366 D.
555 3317 792 3380 Alphonsi
824 3318 883 3366 de
916 3319 1178 3380 Aragonia,
1216 3319 1354 3367 ducis
1393 3317 1708 3366 Biselliarum
1742 3320 1790 3365 ct
1824 3317 2063 3381 principis

291 3400 500 3459 Salerni,
532 3401 693 3448 mariti
721 3401 791 3447 sui
811 3399 889 3466 (1).

338 3503 373 3536 1.
408 3501 500 3548 voy.
523 3500 614 3537 dans
637 3499 892 3548 Gregorovius‚
918 3501 1070 3539 Lueriam
1090 3504 1238 3547 Βιηῃῐιι,
1273 3502 1324 3538 les
1358 3502 1467 3550 chap‚
1505 3513 1566 3539 xvi
1598 3504 1634 3537 et
1657 3500 1939 3549 xvn.[Meurtre
1967 3498 2064 3535 d'Al-
