2274 3932
762 316 794 353 N
798 315 938 354 OTICE
974 313 1349 360 BIOGRAPHIQUE.
1864 332 1950 356 nxui

241 427 410 492 Denys
441 423 714 491 Godefmy,
747 438 812 471 en
852 419 987 472 1649
1021 419 1157 470 avait
1188 419 1421 488 imprime
1454 421 1698 490 quelques
1738 423 1947 474 extraits

171 515 240 566 du
267 513 511 566 Diarz’um
548 513 611 564 de
649 509 926 574 Burchard,
954 527 1021 560 au
1059 511 1191 577 sujet
1222 510 1285 560 de
1326 512 1654 575 Savonarole,
1685 514 1851 581 parmi
1877 513 1951 565 les

169 622 387 673 preuves
410 605 502 655 des
527 601 796 653 Memoires
823 600 887 651 de
913 602 1190 668 Comynes;
1223 618 1316 651 son
1340 601 1418 652 fils
1445 619 1509 653 en
1533 603 1709 671 publia
1733 621 1805 655 un
1828 604 1952 671 long

172 748 383 784 manarunt.
408 745 510 791 Quos
530 742 630 793 apud
647 746 794 780 veteres
815 742 974 792 gentiles
993 741 1032 780 in
1049 755 1120 781 usu
1138 742 1258 781 fuisse
1272 741 1392 780 omnis
1411 743 1640 792 antiquitatis
1656 744 1815 795 diligens
1829 745 1954 796 explo-

171 809 272 844 rator
299 804 446 843 Verrius
466 803 619 842 Flaccus
638 802 766 841 refert.
792 802 959 841 Rituales
979 802 1123 852 (inquit)
1144 803 1380 841 nominantur
1399 804 1636 842 Etruscorum
1650 805 1733 843 libri
1759 806 1798 843 in
1818 804 1955 856 quihus

173 866 415 915 perscriptum
434 869 492 903 est
509 876 583 914 quo
599 864 673 902 ritu
692 863 898 901 condantur
921 863 1044 909 urbes,
1066 876 1165 911 arae,
1187 865 1299 902 aedes
1320 869 1524 912 sacrentur,
1536 876 1610 914 qua
1631 865 1826 904 sanctitate
1845 866 1953 911 muri,

171 938 244 974 quo
258 926 341 975 jure
358 929 499 975 portae,
513 925 696 974 quomodo
709 924 842 970 tribus,
864 924 999 970 curiae,
1013 924 1201 972 centuriae
1217 924 1503 972 distribuantur,
1519 924 1703 962 exercitus
1721 925 1952 963 constituan-

172 991 246 1031 tur,
273 985 498 1032 ordinentur,
520 989 715 1034 ceteraque
740 983 863 1022 omnia
882 983 1062 1033 ejusmodi
1081 984 1127 1022 ab
1154 984 1290 1022 bellum
1307 989 1343 1022 et
1363 996 1490 1034 pacem
1509 984 1750 1034 pertinentia;
1771 989 1810 1023 et
1829 985 1955 1023 Cicero

173 1046 290 1095 primo
315 1046 361 1083 de
388 1045 634 1090 Divinatione,
654 1044 755 1094 quod
790 1045 1029 1083 Etruscorum
1059 1044 1250 1083 declarant
1274 1048 1310 1082 et
1333 1043 1575 1093 haruspicini,
1598 1049 1635 1083 et
1666 1044 1884 1094 Fulgurales
1919 1048 1956 1083 et

173 1105 323 1143 rituales
342 1104 425 1143 libri
437 1104 554 1143 nostri
573 1109 610 1142 et
625 1103 837 1154 augurales.
862 1103 908 1141 Hi
931 1115 1041 1153 porro
1061 1103 1142 1141 libri
1162 1115 1184 1141 a
1196 1104 1272 1141 ritu
1289 1103 1379 1142 dicti
1398 1107 1500 1149 sunt,
1522 1103 1587 1152 qui
1609 1109 1666 1143 est
1685 1117 1766 1143 mos
1785 1104 1844 1143 vel
1868 1117 1954 1143 con-

172 1167 331 1204 suetudo
344 1165 580 1215 comprobata
598 1165 637 1201 in
656 1163 959 1202 administrandis
980 1164 1107 1202 sacris.
1132 1163 1248 1213 Cujus
1267 1168 1370 1202 tanta
1384 1164 1482 1213 apud
1501 1164 1674 1214 antiquos
1694 1176 1782 1202 cura
1798 1164 1882 1209 fuit,
1918 1168 1959 1202 ut

173 1226 351 1276 majorum
370 1237 520 1263 suorum
539 1229 659 1263 status
680 1225 927 1274 solennesque
947 1224 1197 1263 caeremonias
1216 1225 1439 1262 Pontificum
1466 1224 1622 1263 scientia
1651 1224 1745 1263 bene
1775 1224 1959 1274 gerenda-

174 1300 257 1325 rum
276 1298 396 1324 rerum
416 1284 634 1323 auctoritate
652 1296 838 1334 augurum
854 1285 1111 1323 observatione
1124 1285 1306 1335 Apollinis
1325 1284 1573 1335 praedictione
1590 1289 1716 1323 vatum
1735 1284 1853 1331 libris,
1869 1296 1958 1334 por-

174 1350 359 1386 tentorum
377 1346 556 1396 depulsis,
578 1347 733 1384 Etrusca
752 1344 947 1394 disciplina
978 1344 1153 1394 explicari
1173 1345 1368 1385 voluerint.
1391 1346 1485 1384 Nam
1510 1345 1631 1394 prisco
1652 1345 1822 1383 instituto
1844 1344 1956 1382 rebus

176 1405 313 1444 divinis
334 1418 444 1455 opera
464 1405 740 1444 accuratissime
758 1406 930 1444 dabatur.
952 1406 1074 1452 Quum
1099 1404 1198 1443 enim
1217 1405 1354 1454 aliquid
1374 1405 1706 1443 commendandum
1734 1409 1814 1443 erat
1833 1416 1961 1454 preca-

175 1466 289 1513 tione,
316 1479 430 1516 quum
449 1466 724 1516 exposcendum
742 1469 843 1509 voto,
867 1477 981 1513 quum
1007 1464 1225 1503 solvendum
1250 1465 1513 1514 gratulatione,
1535 1477 1651 1514 quum
1682 1463 1955 1513 inquirendum,

175 1527 232 1565 vel
261 1526 369 1573 extis,
390 1526 449 1565 vel
469 1525 631 1564 sortibus
650 1525 852 1576 impertito,
874 1538 989 1575 quum
1006 1526 1147 1564 solenni
1162 1525 1234 1563 ritu
1253 1525 1510 1574 peragendum
1531 1524 1726 1570 sacrificio,
1754 1536 1828 1573 quo
1846 1523 1956 1561 etiam

177 1593 404 1626 ostentorum
423 1600 466 1625 ac
493 1588 679 1635 fulgurum
709 1586 1015 1624 denunciationes
1043 1586 1352 1635 procurabantur.
1377 1585 1538 1622 Tantum
1559 1588 1683 1621 autem
1702 1583 1865 1632 antiquis
1879 1587 1959 1620 stu-

177 1646 277 1684 dium
295 1659 371 1684 non
390 1645 509 1684 solum
528 1646 794 1691 observandae,
815 1645 882 1683 sed
898 1649 936 1683 et
954 1644 1231 1694 amplificandae
1261 1643 1452 1693 religionis
1478 1643 1594 1681 fuisse
1617 1647 1775 1681 testatur
1791 1641 1962 1680 Valerius

179 1711 221 1744 ut
239 1705 502 1744 florentissima
519 1708 599 1743 tum
630 1710 667 1743 et
685 1705 968 1754 opulentissima
993 1705 1153 1751 civitate,
1175 1705 1302 1742 decem
1323 1703 1526 1753 principum
1544 1702 1609 1740 filii
1627 1715 1674 1741 ex
1693 1713 1726 1740 s.
1748 1715 1779 1739 c.
1803 1701 1962 1752 singulis

177 1766 340 1804 Etruriae
356 1765 500 1815 populis
519 1765 775 1815 percipiendae
802 1777 989 1803 sacrorum
1021 1764 1239 1814 disciplinae
1269 1763 1390 1813 gratia
1419 1763 1669 1802 traderentur.
1698 1761 1842 1801 Etrusci
1866 1760 1964 1798 enim

177 1826 230 1864 ita
247 1826 466 1864 coelestibus
486 1820 724 1874 religionibus
743 1824 983 1875 procurandis
1002 1824 1135 1863 intenti
1164 1824 1277 1871 fuere,
1311 1828 1353 1861 ut
1378 1835 1402 1861 a
1426 1823 1539 1861 Caere
1565 1823 1799 1861 Etruscorum
1827 1822 1962 1872 oppido

177 1885 328 1934 (Agylla
358 1885 564 1934 antiquitus
596 1884 710 1932 dicto)
740 1884 834 1922 ritus
863 1884 1006 1922 colendi
1037 1886 1137 1922 Deos
1167 1883 1415 1921 caeremoniae
1438 1887 1590 1920 vocatae
1611 1882 1698 1920 sint.
1718 1882 1812 1921 Nam
1830 1884 1922 1921 urbe
1942 1895 1964 1920 a

178 1944 291 1982 Gallis
323 1949 443 1994 capta,
475 1957 589 1994 quum
608 1944 771 1994 virgines
801 1944 963 1982 vestales
994 1945 1155 1981 Deorum
1185 1943 1397 1990 simulacra,
1431 1947 1468 1981 et
1499 1954 1685 1980 sacrorum
1714 1942 1966 1980 Romanorum

175 2016 308 2042 arcana
322 2016 369 2042 ex
388 2003 548 2042 bostium
567 2003 602 2042 vi
621 2008 745 2054 erepta
761 2003 851 2041 urbe
870 2003 1118 2050 traducerent,
1139 2003 1186 2040 ad
1206 2002 1380 2052 oppidum
1400 2003 1638 2040 Etruscorum
1665 2002 1778 2040 Caere
1806 2002 1967 2040 vicinum

176 2063 407 2112 potissimum
425 2075 643 2109 convenere,
663 2064 730 2102 ubi
748 2063 866 2102 donec
892 2062 1022 2101 civitas
1038 2075 1061 2101 a
1086 2062 1271 2101 Gallorum
1299 2066 1479 2112 potestate
1505 2075 1571 2112 per
1601 2062 1795 2101 Camillum
1813 2062 1968 2100 liberata

177 2123 256 2170 fuit,
287 2124 449 2173 benigne
476 2124 639 2174 hospitio
666 2128 875 2174 susceptae,
905 2127 944 2162 et
968 2123 1116 2161 habitae
1146 2127 1246 2161 sunt.
1267 2123 1383 2172 Cujus
1409 2123 1578 2162 beneficii
1596 2124 1792 2161 memoriae
1810 2122 1969 2161 Romani

177 2183 451 2233 praestiterunt,
471 2188 514 2222 ut
529 2195 655 2222 omnes
675 2184 792 2222 divini
812 2185 933 2222 cultus
952 2196 1072 2222 mores
1092 2188 1130 2222 et
1153 2184 1246 2221 ritus
1272 2184 1523 2222 caeremoniae
1548 2196 1571 2222 a
1599 2185 1712 2222 Caere
1742 2184 1969 2222 dicerentur.
2004 2210 2007 2212 -

178 2244 303 2282 Livius
330 2243 394 2282 lib.
416 2243 481 2290 VI,
506 2244 628 2282 tradit.
650 2245 698 2284 L.
724 2245 913 2283 Albinium
941 2244 1127 2282 hominem
1156 2243 1338 2293 plebeium
1356 2243 1520 2293 virgines
1556 2245 1766 2283 sacerdotes
1793 2254 1970 2293 sacraque

178 2303 346 2342 Romana
365 2315 388 2341 a
405 2305 509 2342 clade
526 2304 664 2343 Gallica
682 2304 848 2354 plaustro
868 2303 983 2342 Caere
1002 2303 1190 2343 invexisse
1209 2303 1307 2341 unde
1329 2302 1569 2341 caeremoniis
1599 2302 1649 2341 sit
1674 2315 1809 2341 nomen
1834 2307 1968 2341 ortum.

178 2362 330 2401 Verrius
362 2362 516 2401 Flaccus
548 2364 796 2402 caeremonias
826 2376 849 2402 a
877 2365 1044 2411 caritate,
1075 2363 1285 2403 Macrobius
1309 2362 1373 2401 lib.
1402 2362 1441 2412 ij.
1468 2375 1550 2412 cap.
1565 2362 1617 2412 iij.
1639 2375 1662 2401 a
1680 2364 1837 2401 carendo
1853 2362 1972 2400 dictas

179 2427 328 2472 putant.
354 2423 507 2461 Servius
528 2424 707 2472 Sulpitius
727 2422 875 2473 (inquit)
897 2422 1115 2473 religionem
1134 2435 1219 2462 esse
1235 2423 1369 2461 dictam
1388 2422 1554 2468 tradidit,
1575 2434 1669 2471 quae
1693 2428 1842 2473 propter
1866 2434 1971 2461 sanc-

179 2481 320 2520 titatem
349 2482 510 2532 aliquam
537 2487 678 2521 remota
710 2487 768 2522 est
797 2488 834 2522 et
866 2483 1030 2534 seposita
1060 2496 1082 2523 a
1108 2484 1216 2522 nobis
1245 2483 1295 2522 sit
1327 2483 1434 2532 quasi
1463 2495 1485 2520 a
1510 2483 1749 2532 relinquendo
1770 2483 1869 2522 dicta
1891 2486 1932 2521 ut
1951 2494 1973 2520 a

182 2542 340 2579 carendo
359 2544 599 2583 caeremonia.

231 2615 252 2635 «
270 2601 421 2639 Veteres
442 2602 599 2652 gentiles
618 2604 743 2642 multis
761 2603 799 2641 in
814 2603 925 2642 rebus
943 2606 982 2642 in
1002 2605 1212 2643 Graecismo
1231 2609 1270 2644 et
1290 2604 1458 2643 idolatria
1489 2604 1681 2644 abolendis
1707 2603 1836 2642 imitati
1855 2599 1976 2640 chris-

184 2659 306 2698 tianae
324 2661 512 2710 religionis
533 2667 703 2701 auctores
724 2665 895 2702 solennes
922 2664 1061 2714 aliquot
1089 2668 1279 2714 statasque
1309 2665 1558 2703 caeremonias
1590 2677 1704 2714 quum
1734 2664 1772 2700 in
1804 2662 1975 2700 omnibus

185 2719 332 2769 pietatis
351 2720 573 2761 christianae
589 2723 722 2761 ritibus
742 2723 931 2762 tradendis
950 2729 1029 2762 tum
1044 2724 1083 2762 in
1103 2728 1415 2762 sacramentorum
1429 2724 1760 2763 ecclesiasticorum
1775 2721 1975 2760 exibitione

185 2781 453 2829 excogitarunt,
474 2787 516 2821 ut
534 2783 572 2820 in
591 2784 706 2822 forma
725 2783 950 2834 suscipiendi
968 2784 1199 2834 poenitentes
1220 2785 1430 2823 eorumdem
1449 2783 1757 2830 reconciliatione,
1779 2783 1825 2820 de
1845 2780 1975 2820 scruti-

186 2840 258 2877 niis
276 2840 474 2890 habendis,
494 2843 568 2882 ritu
586 2842 773 2893 baptismi,
787 2842 941 2893 jejuniis
961 2843 1254 2883 ordinationibus
1275 2845 1524 2892 sacerdotum,
1546 2850 1583 2883 et
1603 2843 1754 2892 reliquis
1781 2841 1975 2879 ecclesias-

185 2899 267 2938 ticis
285 2901 484 2950 mysteriis,
501 2907 539 2941 et
556 2903 771 2953 praesertim
790 2903 829 2940 in
849 2903 1084 2943 sanctissimo
1101 2916 1238 2943 coenae
1256 2905 1467 2944 Dominicae
1488 2905 1613 2954 (quam
1631 2903 1786 2941 missam
1805 2900 1976 2949 dicimus)

189 2960 368 2999 sacrificio
399 2962 632 3002 celebrando.
662 2964 762 3010 Quas
791 2963 895 3003 initio
924 2963 1047 3013 parvis
1067 2964 1199 3002 libellis
1220 2965 1327 3014 (quos
1347 2964 1495 3003 ordines
1514 2965 1710 3011 vocabant)
1732 2961 1972 3011 comprehen-

189 3020 340 3068 dentes,
364 3027 495 3071 postea
524 3035 609 3061 cum
638 3023 838 3073 religione,
871 3024 1005 3074 opibus
1025 3036 1171 3074 quoque
1191 3030 1227 3063 et
1246 3025 1436 3074 majestate
1461 3022 1709 3062 ecclesiastica
1728 3021 1976 3060 crescentibus

189 3080 393 3128 majoribus
410 3080 658 3120 voluminibus
676 3084 785 3131 (quos
805 3083 1085 3121 caeremoniales
1103 3084 1294 3132 vocarunt)
1314 3082 1588 3121 concluserunt.
1616 3083 1661 3119 Et
1687 3095 1801 3131 quum
1830 3081 1922 3119 nihil
1940 3081 1979 3118 in

189 3139 278 3177 orbe
308 3144 500 3189 terrarum,
520 3146 596 3180 tam
628 3142 791 3192 egregie,
811 3143 954 3193 riteque
986 3144 1225 3182 constitutum
1258 3145 1306 3182 sit
1334 3144 1434 3192 quod
1464 3143 1910 3193 temporum-varietatem
1943 3145 1980 3179 et

189 3197 484 3246 inconstantiam,
506 3214 647 3240 morum
678 3206 715 3240 et
746 3203 1054 3241 consuetudinum
1092 3202 1316 3241 mutationes
1349 3215 1422 3241 non
1455 3203 1606 3252 effugiat
1636 3203 1788 3241 variatis
1821 3201 1979 3240 subinde

191 3257 382 3297 hominum
412 3261 746 3314 observationibus,
771 3262 920 3300 vivendi
955 3274 1090 3312 genere
1117 3268 1154 3302 et
1182 3263 1434 3301 voluntatibus
1466 3262 1632 3301 diversos
1652 3275 1799 3312 quoque
1826 3261 1976 3298 rituales

194 3316 306 3355 libros
339 3331 405 3368 pro
429 3324 635 3370 temporum
663 3321 875 3360 conditione
901 3322 948 3359 ab
967 3322 1013 3359 iis
1034 3323 1164 3360 confici
1191 3334 1343 3360 necesse
1360 3322 1440 3368 fuit,
1463 3322 1596 3371 quibus
1617 3334 1659 3359 ea
1678 3321 1874 3371 praecipua
1894 3330 1981 3354 cura

195 3381 273 3414 erat
291 3389 385 3426 quae
404 3380 671 3430 antiquissimis
689 3382 916 3431 temporibus
935 3381 974 3419 in
993 3382 1156 3421 Ecclesia
1174 3383 1342 3421 Romana
1355 3391 1578 3420 summorum
1592 3381 1813 3419 Pontificum
1832 3376 1980 3416 arbitrio

197 3437 462 3484 tractabantur,
480 3453 635 3489 quorum
653 3441 839 3490 praecipui
855 3441 956 3478 fuere
977 3440 1145 3479 Gelasius
1162 3445 1199 3479 et
1218 3441 1416 3488 Gregorius
1436 3452 1610 3489 magnuS,
1630 3444 1760 3488 postea
1784 3438 1830 3474 ad
1853 3435 1980 3473 Cardi-

198 3495 320 3533 nalem
338 3498 656 3547 Archidiaconum,
677 3500 809 3538 deinde
828 3500 875 3538 ad
894 3500 1158 3549 Camerarium,
1181 3501 1242 3550 qui
1262 3501 1341 3549 ejus
1362 3498 1503 3537 muneri
1525 3497 1705 3536 successit
1724 3494 1921 3534 novissime
1935 3493 1981 3531 ad
