2228 3938
287 391 357 430 252
890 388 1121 426 JOHANNIS
1155 387 1449 434 BURCHARDI,
1840 392 1945 435 [Aout
1965 382 2056 437 1503]

289 495 488 544 omnino
527 493 870 542 desiderabant
903 492 1129 555 exequias
1161 507 1266 540 cras
1302 491 1424 551 fieri,
1462 491 1722 556 collegium
1754 494 2061 545 commiserat

288 581 345 626 D.
380 578 592 625 Adriano
634 576 692 624 de
727 575 945 639 Caprinis
979 575 1037 622 de
1072 575 1307 632 Viterbio,
1343 575 1623 635 secretario,
1660 575 1719 623 de
1744 575 1838 624 hoc
1866 566 2058 641 rogato,

288 661 485 725 [dicere]
513 660 701 708 RRmis.
741 661 840 707 DD.
867 659 926 705 de
958 658 1112 706 Flisco
1141 663 1188 707 et
1217 659 1427 708 Medices
1454 659 1581 721 quod
1606 650 1870 708 venderent
1900 649 2062 710 officia

286 745 504 792 vacantia
535 749 581 792 et
613 743 706 791 alia
737 742 1043 806 providerent
1079 743 1250 791 melius
1288 743 1418 805 quod
1446 736 1531 789 veis
1573 742 1827 802 videbitur,
1866 745 2060 793 nomine

288 827 478 890 collegii
504 826 801 891 congregati.
838 828 950 873 Post
979 841 1223 889 vesperas,
1258 826 1307 873 in
1342 826 1486 873 domo
1515 825 1573 872 de
1606 826 1759 874 Flisco
1783 827 1994 875 Medices
2016 818 2063 875 et

289 925 399 957 cum
425 925 482 958 eo
510 909 675 957 clerici
698 924 893 957 camere
919 911 1188 957 tractarunt
1210 909 1267 956 de
1292 908 1562 972 provisione
1584 924 1855 972 pannorum
1881 914 1928 958 et
1950 910 2063 958 alio-

290 1010 392 1041 rum
417 1009 504 1058 pro
524 993 756 1056 exequiis,
782 995 830 1040 et
850 997 958 1056 post
983 1008 1268 1055 responsum
1293 992 1580 1039 clericorum
1602 1007 1812 1052 camere,
1840 995 1939 1042 DD.
1965 1009 2065 1042 car-

289 1078 471 1126 dinales
493 1079 864 1141 acceptaverunt
890 1079 1191 1124 contractum
1216 1081 1262 1124 et
1290 1076 1487 1124 nomine
1513 1076 1703 1141 collegii
1732 1077 2065 1140 promiserunt

287 1162 469 1210 habere
503 1165 661 1209 ratum
689 1164 735 1209 et
769 1163 960 1224 gratum
985 1161 1115 1223 quod
1155 1175 1349 1208 camera
1383 1175 1492 1207 cum
1523 1159 1839 1224 Spanocchiis
1870 1164 1918 1208 et
1949 1161 2066 1209 Ghi-

290 1244 434 1293 nutiis
454 1244 559 1292 heri
582 1243 654 1291 vel
678 1243 832 1307 pridie
853 1243 1064 1302 fecerat3
1095 1247 1141 1290 et
1161 1243 1256 1290 hoc
1278 1242 1413 1291 tarde
1442 1243 1530 1290 fuit
1550 1243 1747 1290 factum.
1993 1235 1999 1239 ’

355 1328 443 1376 Die
469 1327 729 1385 dominica,
759 1330 816 1374 27
834 1326 1040 1389 augusti,
1062 1341 1158 1374 non
1178 1326 1261 1373 fuit
1276 1326 1588 1389 congregatio
1614 1327 1951 1386 cardinalium,
1979 1328 2063 1375 sed

292 1411 454 1460 clerici
480 1426 670 1459 camere
700 1411 1027 1457 convenerunt
1051 1408 1097 1455 in
1123 1409 1266 1456 domo
1293 1409 1350 1456 de
1377 1409 1630 1472 Spiritibus
1654 1412 1702 1458 et
1726 1410 2066 1459 concluserunt

294 1495 454 1542 listam
478 1493 656 1541 familie
685 1495 812 1555 Pape
845 1492 1111 1540 vestiende.
1154 1494 1267 1539 Post
1287 1493 1455 1539 horam
1496 1480 1824 1556 vesperarum,
1853 1495 2069 1557 portatus

292 1577 379 1625 suit
405 1577 466 1624 ad
489 1575 761 1625 ecclesiam.
779 1575 1033 1645 hospitalis
1057 1575 1391 1637 orphanorum
1418 1576 1666 1638 sexaginta
1688 1577 1813 1624 bone
1838 1578 2071 1625 memorie

292 1664 315 1708 J
320 1661 537 1708 ohannes
554 1659 780 1722 Ortegha,
800 1658 983 1706 electus
1001 1657 1300 1717 Potentinus,
1322 1658 1613 1706 secretarius
1630 1663 1677 1707 et
1692 1659 1905 1707 datarius
1924 1660 2070 1723 Pape,

298 1744 619 1791 subdiaconus
646 1741 958 1805 apostolicUS,
992 1744 1259 1789 summator
1288 1741 1545 1800 bullarum,
1569 1728 2076 1806 abreviatordeparco

297 1827 488 1891 majori,
517 1826 727 1889 scriptor
770 1824 1085 1888 apostolicus,
1112 1825 1298 1872 habens
1339 1825 1552 1872 officium
1595 1825 1653 1872 de
1692 1827 1954 1886 consuetis,
1994 1827 2074 1890 qui

301 1911 430 1959 circa
460 1908 634 1958 horam
671 1909 886 1971 quintam
924 1908 1079 1956 noctis
1104 1908 1331 1971 preterite
1357 1909 1486 1956 diem
1518 1909 1759 1958 clauserat
1784 1914 2071 1969 extremum,

303 1993 496 2040 indutus
523 2007 657 2039 more
683 1991 823 2038 solito
856 2006 1006 2053 usque
1043 1991 1103 2037 ad
1137 1991 1414 2039 rochettum
1437 1996 1483 2040 et
1515 1992 1722 2056 desuper
1751 2009 1955 2056 cappam
1983 2010 2078 2057 qua

306 2075 481 2140 prelati
502 2075 551 2123 in
574 2074 757 2138 capella
772 2077 992 2132 utuntur,
1011 2073 1124 2136 quia
1144 2089 1240 2121 non
1256 2079 1357 2122 erat
1374 2079 1686 2123 consecratus
1701 2091 1791 2123 nec
1804 2076 2075 2140 presbyter,

310 2160 394 2207 sed
428 2162 617 2206 tantum
654 2157 703 2204 in
740 2157 887 2205 sacris
929 2157 1251 2204 constitutus:
1283 2158 1342 2204 ad
1379 2158 1528 2221 pedes
1554 2158 1722 2222 [erant]
1756 2158 1848 2206 duo
1876 2159 2079 2222 cappelli

312 2241 633 2306 episcopales3
662 2240 829 2288 habuit
865 2239 1185 2303 quadraginta
1219 2240 1476 2300 intorticia,
1517 2245 1562 2289 et
1599 2242 1854 2290 societates
1880 2243 2081 2289 Annun-

309 2325 432 2374 ciate
455 2329 502 2372 et
528 2324 789 2372 Salvatoris
807 2323 986 2371 etalios
1012 2322 1235 2371 curiales,
1263 2324 1411 2373 Valde
1438 2324 1706 2372 honorifice
1732 2328 1950 2388 portatus
1972 2325 2079 2373 fuit.

310 2408 471 2456 Secuti
496 2410 606 2455 sunt
641 2423 752 2454 eum
786 2407 955 2454 decem
993 2421 1166 2453 novem
1202 2406 1395 2465 funesti,
1434 2422 1641 2469 quorum
1683 2424 1808 2455 unus
1842 2410 1945 2455 erat
1974 2423 2083 2472 ger-

308 2507 496 2551 manus,
525 2492 646 2539 alius
680 2491 804 2538 filius
839 2490 1099 2556 bastarduss
1126 2506 1235 2538 cum
1272 2495 1464 2553 nepote,
1501 2494 1546 2538 et
1583 2491 1757 2538 frater:
1785 2494 1972 2538 tantum
1997 2490 2085 2538 fuit

310 2575 575 2623 associatus
601 2591 628 2622 a
649 2575 838 2622 duobus
862 2575 1076 2638 prelatis,
1106 2574 1236 2622 socio
1256 2590 1366 2621 meo
1381 2575 1631 2632 hortante3
1663 2579 1709 2623 et
1724 2590 1822 2622 non
1843 2574 1931 2622 fuit
1952 2574 2088 2621 habi-

312 2664 384 2706 tus
421 2674 596 2707 sermo.
635 2659 907 2722 Supradicti
940 2659 1106 2706 RRmi.
1144 2662 1311 2706 contra
1345 2673 1428 2706 eos
1463 2658 1696 2706 miserunt
1729 2659 2001 2722 episcopos,
2041 2661 2088 2705 et

311 2742 682 2806 precedentibus
710 2742 1006 2800 cursoribus,
1045 2742 1193 2789 frater
1222 2742 1308 2789 fuit
1343 2741 1607 2789 associatus
1627 2742 1766 2804 =inter
1799 2744 2016 2789 rectores
2039 2743 2087 2788 et

313 2827 369 2872 D.
400 2823 601 2872 Paulum
626 2826 685 2872 de
724 2825 955 2884 Castello;
986 2825 1138 2886 secuti
1170 2829 1277 2872 sunt
1308 2824 1386 2871 alii
1415 2824 1590 2872 funesti
1624 2824 1721 2872 bini
1755 2819 1870 2883 bini,
1906 2825 2087 2886 etpost

314 2923 397 2956 eos
417 2908 513 2967 alii,
538 2908 761 2957 videlicet
791 2911 847 2956 D.
881 2911 1051 2956 Petrus
1089 2908 1285 2972 Serpice
1317 2912 1364 2955 et
1395 2908 1545 2955 veteri
1578 2907 1659 2970 qui
1688 2922 1770 2954 eos
1793 2905 2089 2954 associarent

314 2991 375 3038 ad
398 2990 596 3039 domum
628 3008 636 3036 :
659 2991 929 3054 potuissent
949 2994 1113 3039 tamen
1139 3006 1306 3038 omnes
1331 2990 1504 3037 funesti
1523 3006 1610 3052 per
1629 2979 1954 3038 fraternitates
1978 3003 2089 3052 pre-

317 3074 470 3123 dictas
497 3073 741 3133 associari,
768 3075 994 3137 quoniam
1021 3075 1089 3122 sic
1113 3074 1270 3121 facere
1293 3078 1402 3121 sunt
1423 3072 1658 3120 consueti.

381 3157 467 3205 Die
488 3156 621 3214 lune,
651 3159 713 3203 28
747 3157 953 3219 augusti,
993 3157 1082 3204 fuit
1106 3156 1416 3220 congregatio
1439 3171 1567 3202 nona
1590 3155 1638 3202 in
1667 3154 1796 3202 domi
1823 3154 1946 3202 Rmi.
1972 3157 2092 3203 Nea-

320 3238 519 3303 politani
541 3238 621 3301 qui
652 3238 765 3286 fecit
790 3239 978 3302 pulsare
1016 3254 1299 3302 campanam
1335 3253 1487 3297 suam,
1514 3242 1560 3286 et
1584 3237 1797 3285 interfuit
1818 3253 1928 3285 cum
1954 3252 2091 3286 man-

321 3322 435 3370 tello
461 3338 605 3386 super
626 3321 865 3381 rochetto,
894 3326 942 3369 ut
964 3322 1081 3369 alias
1107 3339 1116 3370 :
1145 3324 1401 3370 tractatum
1423 3321 1510 3369 fuit
1534 3337 1642 3369 cum
1665 3321 1936 3369 oratoribus
1963 3321 2093 3384 quod

321 3408 489 3468 gentes
515 3404 834 3472 Hispanorum
855 3421 946 3468 que
978 3405 1197 3470 ingresse
1224 3404 1414 3452 fuerant
1439 3404 1544 3452 heri
1575 3407 1623 3452 et
1646 3403 1798 3467 pridie
1823 3404 1881 3452 de
1905 3403 2092 3453 Marino

324 3488 558 3535 deberent
595 3488 705 3536 illuc
736 3488 913 3548 redire,
957 3493 1003 3537 et
1041 3488 1231 3537 interim
1264 3488 1394 3551 quod
1424 3491 1716 3536 tractaretur
1743 3502 1853 3536 cum
1882 3487 2003 3534 duce
2034 3484 2092 3532 de
