2228 3938
158 384 378 425 [Μαι-81502]
608 382 778 421 RERUM
809 377 1112 417 URBANARUM
1144 377 1495 416 COMMENTARII.
1872 378 1942 417 195

161 487 366 552 prefecit
398 487 680 552 episcopum
712 484 1033 535 Narniensem
1063 496 1230 530 versus
1265 483 1528 531 Cornetum
1558 496 1652 546 quo
1684 486 1938 541 venerunt,

162 570 239 620 die
260 571 448 620 veneris
470 574 498 619 4
516 569 699 619 mensis
719 567 882 616 martii
901 565 1125 631 predicti.

226 655 316 704 Die
342 655 531 712 martis,
567 657 586 702 1
621 651 803 701 mensis
835 650 1014 708 martii,
1048 649 1099 696 in
1131 665 1292 708 mane,
1329 650 1413 698 SS.
1451 651 1508 698 D.
1548 655 1714 699 noster
1752 649 1942 699 intravit

161 738 350 802 galeam
376 745 424 787 et
445 754 556 786 cum
581 752 640 786 eo
658 753 741 785 sex
762 734 1034 784 cardinales
1058 738 1106 782 et
1132 733 1335 782 sacrista
1353 739 1402 781 et
1420 733 1670 782 residuum
1692 739 1738 782 et
1759 734 1942 784 familie

163 821 442 870 Sanctitatis
463 837 547 869 sue
564 824 611 868 et
635 819 953 868 cardinalium
974 817 1302 882 predictorum
1328 834 1337 863 :
1367 817 1480 876 dux,
1515 833 1626 865 cum
1659 822 1803 882 gente
1835 834 1937 876 sua,

163 904 359 954 intravit
406 904 551 957 aliam
595 903 801 967 galeam.
847 901 1120 952 Voluerunt
1154 900 1382 964 navigare
1425 899 1621 959 solati03
1665 900 1942 965 supervenit

163 992 357 1052 tempus
384 987 683 1036 contrarium
716 1001 775 1035 ex
805 1001 900 1050 quo
934 1000 1032 1033 non
1064 988 1327 1049 potuerunt
1360 1000 1530 1032 secure
1569 984 1812 1048 navigare,
1852 1001 1943 1033 nec

162 1071 414 1120 voluerunt
427 1072 585 1121 redire
608 1071 933 1120 Plumbinum.
957 1072 1242 1118 Manserunt
1252 1074 1515 1133 propterea
1536 1068 1585 1116 in
1601 1068 1751 1132 galeis
1773 1085 1943 1117 omnes

164 1171 317 1219 usque
341 1155 392 1203 in
414 1155 545 1203 diem
565 1154 772 1214 veneris,
794 1158 827 1205 ,4
847 1153 1024 1212 martii,
1052 1169 1148 1216 qua
1165 1152 1214 1200 in
1234 1168 1396 1212 mane,
1422 1157 1533 1200 ante
1556 1152 1703 1212 diem,
1727 1152 1944 1216 arripue-

164 1244 275 1288 runt
296 1238 402 1304 {iter
427 1255 593 1288 versus
620 1241 820 1287 Portum
861 1237 1098 1296 Herculis,
1136 1236 1184 1283 in
1214 1252 1309 1300 quo
1338 1236 1445 1284 sinu
1482 1241 1583 1284 erat
1615 1236 1945 1300 pulcherrima

163 1323 298 1372 navis
335 1322 620 1387 Angficana,
656 1338 800 1386 quam
841 1324 971 1386 Papa
1010 1321 1127 1370 vidit
1153 1321 1213 1369 ab
1243 1325 1401 1379 extra3
1443 1319 1529 1369 sed
1560 1320 1713 1369 noluit
1746 1320 1796 1368 in
1835 1336 1944 1370 eam

164 1406 451 1466 ascendere,
475 1410 523 1454 et
542 1405 719 1454 mansit
738 1405 920 1454 ibidem
943 1405 1026 1453 illa
1045 1409 1205 1453 nocte.

229 1489 457 1548 Sabbato,
484 1493 511 1538 5
538 1489 696 1538 martii
718 1488 941 1553 predicti,
965 1488 1079 1537 licet
1100 1487 1225 1536 mari
1246 1491 1294 1536 et
1313 1491 1534 1552 tempore
1553 1487 1774 1547 turbatis,
1801 1487 1944 1536 ambe

165 1573 303 1638 galee
323 1577 616 1637 prosequute
639 1577 749 1621 sunt
769 1572 862 1622 iter
888 1588 1029 1621 suum
1049 1588 1213 1621 versus
1242 1574 1522 1631 Cornetum,
1551 1572 1613 1620 ad
1642 1572 1776 1636 cujus
1801 1588 1945 1621 cons-

164 1661 361 1720 pectum
393 1656 790 1720 applicaverunt;
831 1655 946 1713 dux,
985 1655 1141 1719 majus
1174 1654 1443 1718 periculum
1486 1655 1774 1719 suspicatus,
1813 1655 1946 1704 circa

166 1740 342 1788 horam
362 1739 551 1803 prandii
572 1739 824 1788 descendit
849 1740 910 1787 de
938 1739 1078 1803 galea
1103 1739 1166 1786 ad
1197 1738 1500 1787 barchettam
1521 1739 1572 1787 in
1604 1755 1701 1802 qua
1731 1738 1859 1787 venit
1896 1738 1945 1787 in

167 1828 371 1883 terram,
392 1827 440 1872 et
460 1823 593 1872 misit
613 1839 700 1887 pro
720 1824 854 1887 equis
871 1826 1150 1883 Cornetum,
1172 1828 1283 1886 post
1303 1838 1510 1886 quorum
1531 1822 1790 1870 adveutum
1811 1823 1946 1886 equi-

166 1906 280 1956 tavit
300 1908 581 1955 Cornetum.
607 1908 740 1970 Papa
767 1922 879 1955 vero
894 1922 1004 1955 cum
1021 1906 1161 1971 galea
1178 1922 1264 1954 sua
1282 1922 1380 1954 non
1398 1906 1554 1970 potuit
1573 1892 1811 1969 attingere
1832 1922 1946 1969 por-

166 1995 287 2050 tum,
313 2006 372 2039 ex
397 2005 494 2053 quo
521 2004 692 2038 omnes
719 1989 769 2037 in
790 1989 930 2054 galea
945 1989 1188 2054 perterriti
1207 1993 1255 2038 et
1275 2005 1335 2037 ex
1355 1989 1626 2039 turbatione
1648 1989 1796 2037 maris
1816 2005 1948 2038 com-

166 2073 303 2132 moti,
336 2072 451 2121 hinc
480 2071 593 2120 inde
621 2072 670 2119 in
701 2072 839 2136 galea
868 2077 979 2122 sunt
1005 2074 1240 2138 prostrati
1266 2075 1387 2136 solo,
1424 2078 1555 2139 Papa
1576 2074 1772 2138 dempto
1793 2073 1874 2137 qui
1897 2074 1947 2121 in

167 2157 281 2206 sede
311 2173 416 2217 sua,
449 2157 499 2205 in
521 2157 677 2222 -puppi
710 2157 920 2206 firmiter
952 2162 998 2206 et
1028 2158 1266 2223 intrepide
1291 2158 1465 2207 sedens
1485 2157 1734 2222 prospexit
1756 2157 1942 2217 omnia3

167 2244 215 2290 et
242 2257 354 2289 cum
383 2256 515 2289 mare
539 2257 704 2290 versus
726 2241 914 2306 galeam
938 2241 1127 2290 fortiter
1148 2242 1338 2300 seviret,
1369 2242 1563 2291 dicebat
1590 2245 1720 2306 Papa
1743 2257 1757 2290 ε
1778 2243 1942 2289 Jesus!

167 2327 216 2374 et
241 2324 380 2388 signo
408 2324 567 2373 crucis
601 2342 652 2373 se
689 2325 928 2389 signabat.
968 2325 1293 2389 Interpellavit
1322 2342 1438 2390 sepe
1467 2331 1657 2386 nautas,
1696 2331 1747 2375 ut
1781 2327 1945 2375 cibum

166 2412 393 2472 pararent
414 2424 502 2472 pro
523 2409 748 2472 prandio,
773 2409 872 2472 qui,
898 2412 1103 2473 propter
1132 2411 1280 2458 maris
1307 2410 1725 2473 perturbationem
1746 2413 1794 2458 et
1817 2408 1947 2459 venti

168 2491 580 2540 continuationem
612 2492 777 2556 ignem
808 2492 914 2542 fieri
941 2509 1038 2540 non
1069 2508 1213 2557 posse
1240 2494 1554 2551 excusabant.
1583 2493 1798 2542 Tandem
1825 2493 1946 2542 mari

169 2573 519 2638 aliquantulum
543 2574 817 2638 pacificato,
849 2575 1085 2624 frixerunt
1112 2580 1272 2624 certos
1302 2576 1459 2640 pisces
1476 2592 1600 2639 ,quos
1625 2579 1756 2640 Papa
1782 2592 1948 2625 come-

169 2658 254 2706 dit.
279 2661 332 2706 In
360 2673 469 2706 sero
501 2658 720 2722 ejusdem
747 2658 947 2716 sabbati,
983 2661 1111 2723 Papa
1141 2659 1190 2706 in
1220 2659 1357 2721 galea
1388 2675 1472 2706 sua
1498 2675 1609 2707 cum
1641 2659 1772 2707 omni
1801 2658 1950 2707 comi-

171 2740 282 2800 tiva,
306 2740 451 2789 rediit
479 2740 539 2790 ad
576 2743 771 2789 Portum
803 2741 1043 2806 Herculis,
1073 2746 1121 2790 et
1148 2742 1230 2790 illa
1255 2746 1398 2790 nocte
1426 2741 1556 2789 misit
1578 2744 1840 2791 Cornetum
1860 2758 1948 2806 pro

169 2824 452 2888 equitaturis
478 2840 571 2888 que
593 2824 642 2872 in
659 2824 904 2873 dominica
926 2825 1145 2888 sequenti
1167 2829 1421 2874 venerunt.

234 2907 491 2956 Dominica
511 2912 683 2971 quarta
706 2908 1094 2973 quadragesime,
1119 2911 1147 2956 6
1163 2909 1322 2958 martii
1344 2909 1565 2974 predicti,
1591 2911 1674 2959 SS.
1701 2912 1757 2958 D.
1786 2915 1951 2959 noster

171 3006 283 3040 cum
307 2990 634 3040 cardinalibus
658 2991 840 3040 audivit
855 2991 1055 3040 missam
1079 2993 1280 3041 rectoris
1303 2993 1536 3057 parochie
1563 2996 1736 3042 Portus
1765 2996 1951 3042 Hercu-⁵

170 3076 231 3125 lis
253 3075 301 3123 in
327 3074 535 3139 quadam
559 3075 815 3124 ecclesiola
832 3075 930 3124 sive
953 3076 1149 3135 sacello,
1177 3076 1257 3125 ubi
1283 3093 1390 3125 eam
1410 3077 1544 3141 legit.

238 3162 389 3208 Rome
410 3163 591 3219 autem,
608 3162 774 3207 Rmus.
798 3161 854 3207 D.
881 3159 1140 3208 cardinalis
1160 3160 1449 3209 Arborensis
1473 3160 1734 3210 celebravit
1751 3161 1949 3210 missam

172 3242 416 3308 publicam
438 3242 487 3290 in
515 3242 700 3307 capella
721 3243 897 3307 maJ'ori
921 3243 1102 3308 palatii,
1129 3243 1231 3292 sine
1255 3259 1387 3304 rosa;
1413 3259 1689 3293 sermonem
1710 3245 1824 3292 fecit
1843 3244 1950 3307 qui—

176 3324 288 3373 dam
318 3325 469 3374 frater
502 3326 684 3374 ordinis
714 3327 1099 3386 carmelitarum;
1134 3327 1226 3376 alia
1258 3343 1398 3376 more
1431 3328 1591 3376 solito.
1628 3327 1953 3376 Interfuerunt

178 3407 305 3456 ΧΙΠΙ
327 3408 613 3469 cardinaleS,
639 3410 860 3459 videlicet
886 3426 895 3457 :
928 3411 1292 3475 Neapolitanus,
1318 3410 1709 3474 UlissiponensiS,
1736 3413 1953 3459 Recana-

178 3490 346 3551 tensis,
375 3492 759 3551 BeneventanuS‚
779 3493 1150 3552 AlexandrinuS,
1176 3510 1214 3541 s.
1243 3493 1427 3553 CruciS,
1451 3492 1814 3555 AgrigentinuS,
1842 3493 1952 3542 Gri—
