2274 3932
714 320 888 359 NOTICE
929 314 1304 358 BZOGRAPHIQUE.
1817 319 1900 344 xle

121 442 210 489 ont
251 436 293 486 si
332 435 451 485 bien
483 430 725 482 renverse
759 426 895 475 leurs
929 422 1243 487 argumentS,
1282 416 1406 484 qu'il
1449 414 1602 464 serait
1634 413 1810 462 oiseux
1838 410 1900 459 de

117 526 322 579 revenir
361 540 449 574 sur
487 537 588 572 une
631 514 863 585 question
905 508 1231 578 aujourd'hui
1257 503 1513 574 jugee(1).
1556 505 1636 554 On
1675 509 1758 568 1116
1789 516 1902 567 per-

116 620 302 674 mettra
326 611 566 664 toutefois
593 608 656 658 de
683 604 882 655 relever
909 600 1153 669 quelques
1181 595 1481 662 allegations
1502 594 1571 644 (111
1596 592 1710 660 plus
1729 592 1903 641 recent

116 710 166 757 et
190 706 259 756 du
282 704 396 772 plus
424 699 623 751 celebre
649 695 740 746 des
767 691 1075 760 apologistes
1109 686 1450 738 d'AIexandre
1475 686 1541 735 VI
1576 686 1606 733 6
1630 679 1904 733 1’066651011

116 796 179 846 66
207 793 424 845 66116165
448 788 742 858 jugements
769 782 892 851 qu’il
917 784 1063 848 porte
1098 770 1186 829 5111·
1211 775 1475 827 Burchard
1501 778 1551 824 et
1577 790 1664 823 sur
1682 772 1733 823 la
1757 773 1904 821 vera-

116 884 212 934 cite
240 883 303 934 de
330 898 424 932 son
441 876 673 931 Journal.
694 874 745 925 Si
770 873 877 924 l'on
902 889 966 922 ne
988 868 1150 921 savait
1174 871 1204 918 a
1227 867 1419 935 quelles
1442 863 1760 915 aberrations
1786 863 1910 928 peut

114 976 289 1041 portet·
319 971 370 1021 la
394 968 602 1038 passion
633 963 924 1030 religieuse,
954 979 1021 1011 on
1046 958 1276 1028 pourrait
1303 971 1624 1024 soupeonner
1655 954 1706 1003 la
1736 953 1906 1003 bonne

114 1063 185 1112 foi
226 1061 289 1112 de
326 1061 546 1110 l'auteur
578 1056 664 1125 qui
707 1056 953 1123 pourtant
983 1068 1048 1101 ne
1088 1048 1280 1100 saurait
1317 1046 1424 1098 6116
1460 1046 1586 1095 111156
1627 1060 1691 1093 611
1729 1042 1901 1092 601116.

164 1222 199 1258 1.
226 1219 427 1257 L'ecrivain
444 1217 654 1266 catholique
669 1216 791 1253 Cantu
806 1214 902 1252 avait
921 1218 1003 1261 trop
1017 1212 1139 1248 bonne
1152 1210 1304 1258 opinion
1319 1210 1363 1246 de
1378 1219 1446 1245 son
1463 1206 1572 1244 siecle
1585 1205 1707 1254 quand
1721 1204 1747 1241 11
1761 1202 1911 1241 ecrivait

119 1296 139 1316 «
163 1292 234 1329 (166
258 1292 300 1317 66
319 1291 414 1329 pape
436 1277 658 1326 (Alexandre
676 1276 738 1323 VI)
762 1274 824 1312 n'a
842 1273 975 1323 jamais
1000 1272 1129 1310 trouve
1155 1283 1206 1307 un
1228 1269 1450 1318 apologiste‚
1466 1279 1532 1317 pas
1553 1269 1670 1303 meme
1690 1266 1783 1302 dans
1806 1267 1912 1300 notre

124 1343 266 1389 epoque
296 1342 344 1376 ou
364 1338 511 1376 domine
530 1337 566 1374 la
584 1335 704 1373 1116616
723 1335 788 1371 665
808 1334 1030 1383 paradoxes.
1043 1361 1067 1369 ..
1085 1346 1104 1365 »
1126 1333 1234 1376 (Hist.
1253 1330 1316 1366 cles
1333 1329 1512 1372 Italiens„
1534 1330 1563 1364 t.
1588 1325 1667 1371 VII,
1682 1338 1719 1374 p.
1740 1324 1841 1370 203.)
1864 1322 1915 1358 Le

118 1399 310 1448 jugement
329 1410 400 1447 que
419 1397 453 1434 16
465 1397 575 1446 pieux
586 1401 624 1433 et
638 1399 771 1432 savant
783 1393 904 1431 Mansi
923 1396 1027 1441 porte
1047 1402 1111 1428 sur
1130 1389 1336 1427 Alexandro
1354 1388 1404 1425 VI
1425 1392 1482 1425 est
1499 1387 1534 1424 16
1555 1387 1692 1424 1616161
1705 1386 1864 1425 definitis
1880 1391 1918 1425 61

123 1470 211 1496 sans
231 1458 338 1507 appel
361 1458 407 1494 de
425 1456 602 1494 l’histoire
621 1454 840 1492 elle-meme.
864 1468 883 1488 «
966 1452 1011 1489 de
1038 1462 1110 1499 quo
1132 1449 1311 1487 Pontifice
1330 1447 1471 1485 facilius
1491 1447 1630 1493 siletur,
1660 1459 1768 1496 quam
1791 1448 1915 1484 mode-

121 1517 190 1556 rati
203 1517 340 1567 aliquid
352 1517 498 1556 dicitur.
514 1517 558 1554 In
576 1515 638 1553 illo
659 1515 746 1553 vitia
764 1518 938 1559 extrema,
961 1513 1116 1550 virtutes
1135 1510 1357 1554 moderatae,
1378 1507 1449 1544 nisi
1469 1507 1599 1544 melius
1617 1507 1766 1552 dixeris,
1780 1507 1915 1544 nullae.

123 1577 354 1615 Pontificiam
367 1576 586 1626 dignitatem
605 1587 715 1624 quam
734 1573 841 1611 malis
855 1573 995 1611 artibus
1016 1570 1170 1620 peperit,
1190 1568 1304 1605 nihilo
1322 1567 1535 1604 melioribus
1550 1567 1709 1604 retinuit.
1730 1567 1800 1611 Qui
1818 1568 1917 1604 hunc

125 1636 263 1682 laudet,
290 1636 473 1673 neminem
491 1636 563 1672 huc
586 1646 705 1683 usque
722 1633 937 1682 scriptorem
961 1630 1110 1676 offendi,
1144 1640 1219 1666 non
1245 1627 1433 1676 aequalem
1454 1638 1578 1663 eorum
1598 1630 1816 1675 temporum,
1842 1639 1917 1664 11011

128 1695 380 1732 recentiorem.
392 1709 411 1729 ι)
428 1695 606 1734 (Annales
625 1694 725 1730 Eccl.
736 1696 783 1738 ,t.
799 1691 916 1737 XXX,
937 1695 1023 1727 note
1035 1689 1085 1737 1.)
1098 1690 1264 1737 Raphael
1277 1689 1400 1727 Maffei
1412 1689 1457 1726 66
1469 1688 1634 1726 Volterra
1647 1691 1683 1725 61
1702 1688 1736 1725 16
1755 1686 1918 1724 cardinal

132 1754 287 1804 Egidius
313 1755 358 1791 de
382 1753 545 1799 Viterbe,
566 1757 652 1790 tous
678 1753 776 1788 deux
801 1749 1113 1798 contemporains·
1131 1749 1374 1786 d'Alexandre
1393 1748 1457 1794 VI,
1487 1753 1552 1786 0111
1576 1751 1676 1786 11666
1702 1748 1747 1784 66
1773 1758 1813 1783 66
1840 1746 1919 1783 661-

131 1813 209 1851 nier
223 1812 255 1850 le
271 1813 424 1862 pertrait
442 1812 477 1850 le
496 1812 579 1861 plus
595 1815 713 1857 exact,
734 1810 869 1848 faisant
889 1821 976 1846 avec
997 1820 1068 1846 une
1082 1809 1220 1857 grande
1237 1807 1469 1857 impartialite
1482 1808 1518 1844 la
1536 1810 1619 1857 part
1638 1808 1687 1844 du
1706 1807 1792 1844 bien
1812 1809 1850 1842 et
1869 1806 1919 1842 du

131 1873 219 1910 mal.
239 1873 279 1910 Je
296 1871 443 1909 renvoie
462 1883 555 1920 pour
563 1870 730 1919 Raphael
741 1869 864 1908 Maffei
877 1871 900 1906 a
916 1880 975 1906 ses
989 1880 1135 1905 oeuvres
1149 1868 1368 1918 imprimees‚
1386 1869 1737 1906 Commentariorum
1752 1867 1918 1903 Urbano-

131 1944 228 1978 rum,
242 1931 304 1969 lib.
318 1931 523 1968 XXXVIII.
535 1931 818 1977 Amr-opozema,
834 1929 898 1967 lib.
914 1928 1033 1974 XXII,
1048 1928 1086 1964 in
1103 1928 1189 1965 fine.
1206 1927 1327 1973 Quant
1345 1940 1392 1964 au
1406 1927 1557 1970 second,
1569 1926 1661 1964 voici
1679 1926 1712 1964 Ie
1726 1927 1921 1975 jugement

137 1990 225 2040 qu'il
238 1994 341 2039 porte
359 1990 452 2027 dans
474 2000 517 2025 sa
530 1988 737 2037 Chronique
754 1987 905 2030 1666116,
927 1984 1122 2024 6065611166
1135 1989 1158 2023 a
1171 1986 1206 2024 16
1223 1986 1474 2036 bibliotheque
1494 1987 1671 2036 Angeliea
1695 1987 1739 2023 de
1761 1987 1875 2023 Rome
1893 1997 1901 2022 :

183 2064 202 2085 α
227 2077 261 2090 ..
276 2079 286 2090 .
317 2049 438 2086 Inerat
450 2047 658 2085 Alexandro
678 2046 895 2100 acerrimum
915 2045 1119 2095 ingenium,
1134 2046 1253 2083 inerat
1274 2046 1432 2084 solertia,
1452 2047 1659 2096 prudentia,
1675 2046 1868 2095 diligentia
1887 2048 1923 2082 et
1960 2054 2099 2083 ΑιειΝΙ
2112 2054 2242 2082 virtutes.

138 2109 272 2147 multae
292 2108 472 2146 efficatiae
490 2106 663 2144 facundia
681 2106 876 2145 naturalis.
897 2106 1011 2143 Nemo
1031 2106 1108 2155 egit
1127 2106 1347 2152 accuratius,
1368 2107 1553 2156 persuasit
1571 2107 1837 2149 vehementius,
1858 2107 1928 2143 de·-

139 2169 254 2208 fendit
271 2168 504 2218 pertinatius
517 2167 730 2215 Tantusque
747 2167 858 2204 rebus
873 2166 1042 2204 omnibus
1063 2165 1243 2216 apparuit,
1257 2171 1298 2204 ut
1317 2166 1529 2215 cogitando,
1544 2166 1741 2216 quuendo,
1764 2166 1923 2216 agendo²

139 2228 379 2267 substinendo
399 2227 498 2276 quod
530 2226 578 2264 ad
611 2226 812 2263 maximum
843 2226 1045 2275 principem
1075 2226 1211 2263 faceret
1242 2227 1274 2263 si
1304 2226 1461 2264 virtutes
1493 2227 1629 2275 quibus
1658 2231 1809 2265 ornatus
1848 2230 1926 2263 erat

137 2288 246 2325 libere
264 2287 435 2333 fuissent,
454 2298 522 2324 1166
535 2285 650 2323 1116116
670 2298 733 2324 665
753 2286 841 2323 vitia
859 2286 1082 2324 obruissent.
1096 2286 1193 2323 Nihil
1207 2286 1314 2336 plane
1335 2288 1465 2325 deesse
1485 2287 1683 2333 videretur,
1696 2291 1736 2324 ut
1755 2284 1925 2334 quisquis

140 2359 223 2384 eum
243 2359 364 2384 coram
384 2351 556 2395 agentem
571 2346 798 2388 observaret,
814 2346 862 2383 ad
881 2345 1069 2394 agendum
1090 2346 1226 2384 diceret
1245 2351 1282 2384 et
1300 2346 1554 2396 imperandum
1572 2351 1700 2384 natum
1719 2345 1806 2383 Orbi
1827 2357 1836 2382 :
1858 2344 1928 2381 fuit

141 2418 344 2456 somnoque
371 2406 624 2456 parcissimus,
656 2406 885 2455 voluptatum
915 2407 1038 2443 16111611
1073 2407 1413 2455 appetentissimus,
1443 2406 1590 2444 tametsi
1625 2406 1770 2444 illorum
1808 2405 1930 2454 gratia

140 2479 327 2516 nunquam
347 2466 495 2515 publica
510 2477 664 2502 munera
682 2465 798 2512 obire,
818 2477 1007 2515 nunquam
1021 2466 1227 2504 accedentis
1247 2466 1449 2511 admittere,
1471 2478 1661 2514 nunquam
1677 2465 1848 2515 cuiquam
1865 2476 1930 2514 pro

142 2527 256 2565 offitio
284 2525 343 2564 vel
373 2525 505 2563 adesse
523 2524 582 2562 vel
608 2526 830 2574 respondere
858 2526 1054 2564 recusavit.
1073 2527 1172 2563 Haec
1203 2538 1414 2576 quanquam
1441 2526 1480 2563 in
1504 2538 1547 2563 60
1571 2531 1686 2572 erant,
1712 2537 1787 2562 non
1808 2530 1932 2563 tamen
2002 2524 2078 2554 Vitia
2095 2521 2230 2576 tempor-is

141 2586 264 2623 illuxit
288 2597 333 2622 ea
350 2589 568 2633 tempestate
587 2584 666 2621 dies
686 2597 754 2621 nec
779 2585 851 2622 6161
871 2585 1031 2623 11661660
1045 2586 1196 2634 verbum
1216 2590 1380 2623 eructare
1394 2586 1543 2624 divinus
1557 2586 1677 2634 potuit
1695 2586 1788 2623 dies.
1824 2586 1931 2622 Inva-
2066 2572 2158 2599 mm·

147 2657 227 2683 sere
256 2644 376 2682 omnia
404 2644 591 2690 tenebrae,
609 2656 684 2681 nox
704 2644 924 2692 intempesta
943 2645 1066 2682 omnia
1081 2645 1278 2694 ,occupavit
1298 2657 1307 2682 ε
1331 2650 1370 2683 ut
1399 2639 1600 2683 domestica
1619 2650 1775 2691 taceam,
1793 2645 1934 2693 Thyes-

145 2711 300 2754 teasque
318 2703 542 2753 tragaedias,
564 2715 755 2753 nunquam
768 2704 805 2740 in
825 2704 1037 2743 civitatibus
1058 2716 1183 2742 sacrae
1203 2704 1354 2742 ditionis
1373 2705 1502 2742 seditio
1522 2704 1727 2750 immanior,
1745 2716 1934 2753 nunquam

147 2764 301 2813 direptio
332 2763 504 2809 crebrior,
527 2775 716 2812 nunquam
737 2765 847 2802 cedes
867 2764 1065 2810 cruentior,
1086 2775 1276 2813 nunquam
1295 2763 1332 2800 in
1350 2763 1417 2801 viis
1438 2768 1687 2802 crassatorum
1708 2763 1934 2809 visliberior,

147 2834 339 2872 nunquam
359 2821 640 2870 peregrinorum
666 2822 734 2859 iter
754 2822 1007 2871 periculosius,
1028 2835 1218 2873 nunquam
1237 2824 1273 2860 in
1294 2824 1391 2861 Urbe
1417 2824 1500 2873 plus
1519 2824 1697 2861 malorum
1718 2824 1787 2861 suit
1805 2836 1813 2860 :
1836 2836 1936 2860 nun-

151 2894 262 2932 quam
281 2881 485 2919 delatorum
503 2881 623 2930 copia,
645 2881 858 2920 sicariorum
875 2883 1032 2929 licentia,
1055 2882 1236 2921 latronum
1256 2883 1312 2921 vel
1332 2895 1506 2921 numerus
1526 2884 1583 2921 vel
1603 2884 1755 2921 audacia
1775 2884 1888 2933 major
1900 2888 1941 2921 ut

150 2946 276 2992 portas
295 2940 403 2979 Urbis
424 2940 568 2990 prodire
588 2941 643 2978 fas
663 2953 737 2979 non
751 2946 869 2989 65561;
885 2942 1020 2980 Urbem
1038 2942 1157 2992 ipsam
1177 2942 1333 2980 incolere
1354 2955 1427 2981 non
1445 2943 1588 2990 liceret;
1613 2955 1678 2992 pro
1698 2944 1825 2981 eodem
1850 2949 1941 2982 tunc

153 3001 318 3039 habitum
334 3001 561 3048 maiestatem
580 2999 713 3047 ledere,
730 3002 876 3040 hostem
894 3002 1030 3039 habere
1043 3002 1123 3039 61111
1139 3008 1203 3040 aut
1219 3003 1366 3040 formosi
1383 3003 1520 3052 aliquid
1541 3004 1638 3040 domi
1658 3004 1820 3041 cohibire
1836 3017 1844 3049 ;
1867 3017 1941 3041 non

157 3061 351 3107 domi,non
365 3060 402 3096 in
415 3060 598 3107 cubiculo,
610 3061 730 3098 nonin
745 3061 835 3099 turri
847 3062 936 3108 tuti3
952 3062 1042 3099 nihil
1053 3063 1130 3112 jus,
1140 3062 1228 3099 nihil
1239 3063 1294 3099 fas
1305 3074 1313 3098 :
1324 3074 1464 3108 aurum,
1476 3062 1531 3099 vis
1546 3062 1714 3100 etVenus
1726 3063 1940 3113 imperabat.

159 3121 347 3158 Hactenus
361 3119 475 3157 latina
490 3119 654 3168 libertas,
665 3121 849 3170 hujusque
863 3121 977 3159 libera
990 3122 1094 3160 Italia
1106 3122 1153 3159 ab
1172 3122 1323 3172 imperio
1344 3128 1549 3160 exterorum
1569 3123 1638 3160 fuit
1649 3129 1847 3173 postquam
1861 3125 1942 3161 bar-

159 3181 250 3218 bara
268 3178 484 3229 tyrannides
509 3180 667 3217 evasit.»
691 3182 847 3227 (AEqidii
866 3183 1108 3219 Viterbiensis
1118 3184 1285 3219 Historia
1302 3184 1437 3229 viginti
1452 3183 1685 3220 Saeculorum
1703 3196 1775 3231 per
1795 3186 1944 3221 totidem

154 3241 318 3288 psalmos
342 3238 542 3286 descripta,
557 3238 648 3276 bibl.
667 3239 846 3288 Angelica
866 3240 1010 3288 (Rome)
1033 3243 1076 3279 C.
1092 3242 1126 3278 8.
1145 3243 1220 3285 19.)
1241 3242 1291 3279 Μ.
1309 3241 1423 3288 Cerri,
1451 3243 1672 3280 admirateur
1692 3244 1944 3281 enthousiaste

162 3297 405 3336 d’Alexandre
426 3298 490 3344 v1,
513 3298 585 3335 cite
604 3298 639 3335 la
658 3299 835 3348 premiere
855 3300 971 3349 partie
993 3302 1037 3338 de
1052 3313 1092 3338 ce
1107 3302 1313 3351 jugement,
1335 3301 1426 3339 mais
1446 3314 1486 3339 se
1499 3304 1612 3351 garde
1632 3303 1718 3340 bien
1732 3304 1776 3340 de
1797 3302 1874 3339 dire
1898 3314 1945 3338 un

167 3362 243 3395 mot
272 3358 318 3395 de
342 3357 378 3394 Ia
411 3358 582 3395 seconde.
610 3358 760 3407 (Borqia
791 3362 888 3397 ossio
907 3362 1131 3398 Alessandro
1154 3363 1205 3399 VI
1226 3373 1332 3410 papa
1370 3366 1402 3399 et
1434 3364 1515 3399 suoi
1545 3364 1848 3410 contemporanei,
1871 3367 1896 3398 t.
1917 3361 1944 3403 I,

169 3427 211 3463 p.
236 3417 333 3462 118.)
350 3417 446 3466 Voy.
474 3417 507 3454 le
539 3424 850 3456 commencement
880 3419 926 3456 de
950 3420 1086 3457 I'etude
1118 3421 1164 3458 de
1190 3422 1241 3458 M.
1263 3422 1310 3458 de
1342 3421 1537 3470 I'Espinois
1564 3434 1627 3458 sur
1652 3421 1857 3458 Alexandre
1877 3419 1947 3463 V1;

171 3476 287 3510 Revue
307 3475 368 3510 des
389 3481 512 3521 quest.
534 3477 623 3514 hist.
638 3479 765 3523 ,1881,
787 3489 830 3526 p.
848 3479 917 3515 357
939 3483 976 3517 61
996 3480 1091 3517 suiv.

342 3570 377 3595 T.
405 3570 453 3595 Ill.
1749 3566 1772 3600 d
