2254 3938
369 353 438 389 316
987 349 1220 386 JOHANNIS
1254 348 1550 392 BURCHARm,
1679 329 1685 335 ⁴
1895 351 2030 391 [sumet
2051 351 2144 392 1503]

436 454 521 502 Die
560 452 803 510 mercurii,
835 456 862 500 6
899 451 1192 510 decembriS,
1235 450 1507 499 cardinales
1543 451 1866 499 Narbonensis
1904 454 1951 499 et
1978 452 2146 501 Mima-

371 536 521 584 tensis
546 536 861 584 visitaverunt
886 535 1178 593 cardinales,
1200 537 1247 582 et
1270 534 1347 582 die
1359 533 1481 597 jovis
1504 534 1742 597 sequenti,
1764 533 2142 597 compleverunt,

370 619 715 668 visitationem.
743 621 842 681 Ego
868 634 966 665 non
1003 617 1220 676 interfui,
1254 620 1511 681 propterea
1536 633 1705 664 omnes
1725 617 1994 665 cardinales
2017 617 2145 666 fece-

371 707 486 750 runt
514 717 596 750 eos
619 701 876 749 extrahere
902 716 1081 764 cappas
1104 704 1363 763 postquam
1389 716 1444 746 ex
1470 699 1612 747 mulis
1637 700 2016 748 descenderunt.
2058 722 2059 726 ¹

437 786 623 833 Eadem
648 784 724 831 die
748 784 889 848 jovis,
910 784 957 830 in
989 799 1149 843 mane,
1181 799 1290 831 cum
1316 782 1639 844 intelligerem
1674 786 1864 830 Rmum.
1905 785 1962 831 D.
1995 783 2152 832 cardi-

371 868 534 917 nalem
558 867 787 930 Borgiam
812 867 884 913 cui
911 868 994 914 SS.
1034 868 1086 913 D.
1122 869 1304 924 noster,
1335 881 1411 912 me
1450 868 1696 928 presente,
1725 866 1966 914 mandavit
1990 866 2150 930 plum-

373 952 478 999 bari
507 950 662 999 bullas
711 949 858 998 officii
890 949 1249 1012 penitentiarie,
1287 951 1518 1011 oportere
1551 948 1737 996 ratione
1774 948 1900 996 illius
1929 948 2078 996 officii
2106 953 2155 997 et

374 1034 494 1082 velle
539 1034 586 1081 in
623 1034 965 1097 presbyterum
996 1032 1232 1092 ordinari,
1274 1031 1370 1079 dixi
1403 1033 1488 1080 SS.
1532 1033 1589 1079 D.
1632 1035 1800 1080 nostro
1841 1032 2020 1080 debere
2066 1031 2153 1079 sibi

377 1118 490 1165 dare
523 1117 716 1164 titulum
748 1115 1109 1179 prebyteralem
1151 1118 1198 1162 et
1240 1114 1374 1178 prius
1411 1113 1593 1162 absolvi
1630 1130 1658 1162 a
1691 1114 1928 1163 diaconali
1957 1119 2004 1163 et
2040 1118 2156 1163 tunc
2226 1097 2229 1100 ⁵

377 1201 558 1248 habere
594 1199 755 1246 locum
796 1199 924 1245 inter
954 1197 1270 1261 presbyteros
1308 1200 1356 1244 et
1387 1213 1484 1244 non
1519 1196 1749 1245 diaconos
1788 1197 2077 1256 cardinaleS,
2110 1199 2158 1245 et

379 1284 494 1331 (lare
533 1282 779 1329 licentiam
819 1282 948 1344 quod
983 1283 1148 1344 posset
1184 1297 1211 1328 a
1243 1296 1551 1343 quocumque
1596 1280 1839 1328 catholico
1867 1280 2079 1329 antistite
2105 1295 2156 1328 se

375 1367 539 1414 ‘facere
580 1365 640 1413 ad
674 1365 1004 1413 sacerdotium
1041 1364 1314 1427 promoveri
1356 1367 1399 1411 et
1435 1351 1712 1412 desiderare
1748 1363 1908 1426 ipsum
1941 1365 1997 1411 D.
2035 1365 2156 1411 Bor-

380 1449 509 1512 giam
536 1448 665 1511 quod
692 1464 730 1494 s.
766 1447 916 1494 Marie
949 1447 997 1493 in
1030 1446 1100 1494 via
1130 1449 1247 1494 Lata
1278 1447 1478 1494 daretur
1515 1446 1694 1504 titulus,
1730 1449 1777 1493 et
1813 1447 1862 1492 in
1905 1446 2161 1509 presbyte-

381 1534 490 1578 ra‘tu
512 1530 571 1577 ad
594 1533 759 1577 votum
773 1545 936 1587 suum;
967 1532 1015 1576 et
1039 1530 1238 1577 demum
1263 1528 1305 1576 ei
1333 1530 1416 1576 SS.
1448 1531 1503 1576 D.
1537 1531 1704 1576 noster
1737 1528 1856 1576 dixit
1881 1528 2009 1576 nolle
2041 1528 2159 1576 dare

383 1614 572 1661 titulum
598 1612 903 1660 diaconalem
929 1614 977 1660 et
1010 1611 1392 1674 presbyteralem
1429 1614 1688 1674 propterea
1711 1612 1839 1673 quod
1875 1627 1913 1658 s.
1941 1610 2158 1658 Marcelli

385 1712 529 1760 quem
566 1695 736 1743 habuit
774 1695 822 1742 in
861 1694 1120 1742 diaconatu
1156 1694 1392 1742 retineret
1428 1694 1477 1741 in
1522 1693 1717 1741 titulum
1751 1697 1798 1741 et
1837 1709 1876 1740 s.
1922 1692 2074 1740 Marie
2109 1693 2161 1740 ‘in

387 1779 751 1837 commendam3
779 1779 907 1841 quod
934 1777 1110 1841 Borgia
1128 1777 1400 1840 acceptavit
1421 1782 1465 1824 et
1483 1777 1585 1840 ipse
1602 1779 1730 1840 Pape
1751 1775 1900 1839 pedes
1916 1775 2161 1824 osculatus

387 1867 475 1910 cst.

446 1945 626 1992 Eadem
658 1944 734 1991 die
776 1943 918 2007 jovis,
950 1946 1059 2006 post
1088 1943 1260 1990 horam
1298 1943 1582 2005 vigesimam
1610 1942 1838 2005 primam,
1864 1942 2162 1991 intraverunt

392 2027 570 2076 Urbem
605 2018 693 2089 per
718 2031 906 2089 portam
940 2026 997 2072 de
1036 2025 1218 2088 Populo
1251 2028 1459 2087 quatuor
1496 2030 1720 2072 oratores
1751 2024 1887 2071 ducis
1921 2025 2160 2083 Ferrarie,

395 2111 474 2174 qui
499 2110 687 2172 recepti
709 2109 902 2156 fuerunt
924 2124 1057 2155 more
1085 2108 1224 2155 solito
1249 2111 1296 2155 et
1322 2108 1544 2155 associati
1565 2107 1624 2154 ad
1656 2108 1855 2155 domum
1879 2107 1938 2154 de
1964 2108 2093 2170 Capo
2117 2107 2164 2154 di

357 2223 377 2239 .
396 2197 566 2251 Ferro,
607 2195 735 2251 retro
766 2194 999 2254 Campum
1032 2190 1170 2238 Flore
1200 2207 1209 2238 z
1236 2191 1423 2253 primus
1448 2190 1678 2253 equitavit
1716 2190 1844 2237 inter
1868 2190 2165 2252 gubernato·-

393 2292 499 2325 rem
525 2279 572 2323 et
604 2276 891 2339 episcopum
925 2273 1354 2332 Britonoriensem,
1394 2272 1630 2319 secundus
1665 2272 1791 2319 inter
1816 2275 2164 2321 Zamorensem

395 2359 627 2407 adextris
661 2364 706 2414 et
746 2358 892 2405 alium
931 2357 1172 2420 prelatum
1207 2356 1388 2419 palatii,
1418 2355 1590 2403 tertius
1621 2357 1668 2401 et
1711 2357 1911 2417 quartus
1942 2355 2165 2403 similiter

395 2443 520 2490 inter
545 2443 666 2489 duos
686 2441 899 2504 prelatos
933 2440 1123 2504 palatii,
1164 2438 1475 2502 singulariter
1509 2441 1564 2485 D.
1595 2437 1883 2486 Franciscus
1913 2438 1972 2486 de
2005 2441 2167 2486 Monte

395 2542 424 2573 a
449 2525 656 2572 sinistris
682 2524 895 2588 episcopi
923 2523 1224 2571 Bellunensis
1250 2522 1426 2586 prelati
1451 2521 1637 2584 palatii3
1664 2523 1718 2569 D.
1748 2524 1900 2569 Lucas
1937 2526 1985 2570 et
2005 2524 2168 2570 orator

395 2609 522 2672 regis
560 2612 889 2656 Romanorum
929 2607 989 2654 ad
1032 2607 1277 2654 sinistram
1303 2620 1526 2662 manum:
1556 2607 1666 2668 post
1698 2619 1780 2652 eos
1821 2604 1899 2652 alii
1945 2607 2167 2653 oratores

397 2691 575 2754 antiqui
603 2696 649 2738 et
683 2691 876 2754 prelati,
908 2706 1046 2738 more
1083 2689 1242 2737 solito.
1274 2688 1402 2747 Feci,
1443 2703 1553 2735 cum
1581 2687 1928 2750 equitaremus,
1957 2686 2166 2736 intimari

396 2774 829 2838 congregationem
857 2774 1075 2822 omnium
1102 2772 1422 2820 cardinalium
1443 2775 1553 2819 aute
1570 2774 1749 2833 Papam
1768 2785 1857 2832 pro
1880 2786 1986 2818 cras
2005 2784 2164 2829 mane,

396 2858 525 2905 bona
549 2857 688 2916 hora,
716 2860 915 2921 propter
942 2872 1194 2905 recessum
1220 2854 1476 2903 cardinalis
1503 2852 1923 2915 Rothomagensis,
1951 2853 2010 2899 de
2036 2867 2170 2899 man·
2198 2883 2200 2885 ·
2228 2842 2230 2846 ’

397 2942 508 2989 dato
534 2943 680 3003 Pape.

464 3024 549 3073 Die
568 3023 774 3081 veneriS,
801 3026 827 3070 8
855 3022 1148 3081 decembris,
1179 3022 1302 3070 festo
1330 3019 1663 3083 conceptionis
1686 3019 1825 3066 beate
1850 3017 2002 3065 Marie
2027 3016 2169 3081 virgi-

397 3108 488 3166 nis,
512 3106 599 3153 fuit
626 3106 671 3153 in
698 3121 841 3153 mane
867 3105 1012 3168 plena
1039 3105 1352 3168 congregatio
1375 3103 1589 3151 omnium
1619 3100 1935 3149 cardinalium
1964 3101 2013 3148 in
2040 3100 2169 3149 Urbe

399 3190 706 3238 existentium
726 3204 933 3236 numero
959 3188 1155 3251 triginta
1182 3203 1281 3247 sex,
1311 3185 1523 3249 exceptis
1547 3188 1900 3241 Beneventano,
1923 3200 1961 3231 s.
1983 3182 2165 3241 Crucis,

397 3272 716 3337 Agrigentino
751 3276 795 3320 et
834 3275 1096 3330 Casanova,
1144 3269 1569 3331 infirmiszquibus
1606 3267 1929 3329 congregatis,
1975 3268 2058 3314 SS.
2111 3269 2166 3314 D.

399 3360 565 3403 noster
591 3355 707 3402 dixit
731 3354 835 3400 heri
867 3354 1058 3401 dedisse
1096 3352 1480 3417 presbyteralem
1515 3351 1701 3399 titulum
1734 3350 1961 3397 cardinali
1999 3348 2171 3411 Borgie

401 3439 480 3501 qui
507 3444 770 3501 propterea
798 3437 981 3500 accepit
1007 3436 1168 3484 locum
1199 3442 1302 3499 post
1326 3436 1545 3483 ultimum
1590 3435 1929 3497 presbyterum
1957 3431 2174 3510 cardina-
