2228 3938
334 377 405 412 286
947 375 1179 411 JOHANNIS
1214 376 1506 420 BURCHARDI,
1823 379 1987 417 [Octobre
2011 380 2102 418 1503]

334 495 480 542 sacris
498 495 710 541 vestibus
741 494 981 553 omnibus,
1018 496 1118 543 sola
1150 512 1291 543 cruce
1326 495 1557 558 pectorali
1587 495 1798 559 dempta,
1824 497 1961 559 cujus
1995 497 2102 545 loco
2131 533 2135 539 .

333 578 445 639 quia
466 593 560 623 0011
586 580 706 635 erat,
736 576 825 623 feci
849 576 938 624 sibi
965 592 1022 625 ex
1036 579 1356 641 pendentibus
1378 578 1580 642 cingulis
1606 594 1803 626 crucem
1823 595 1967 641 supra
1989 595 2103 643 pec-

331 662 424 717 1115,
451 662 497 706 01
519 663 724 721 quatuor
747 659 976 722 spillectis
998 660 1199 708 firmavi.
1224 664 1447 708 Portatus
1469 660 1580 708 inde
1604 662 1663 708 ad
1687 676 1934 708 cameram
1956 664 2104 725 Papa-

331 743 445 806 galli
483 759 631 806 supra
666 758 902 801 mensam,
941 743 1267 805 penitentiarii
1297 743 1521 791 dixerunt
1555 743 1768 790 officium
1802 746 2103 791 mortuorum

328 827 556 874 continuo
579 825 626 872 in
651 825 970 882 anticamera;
996 829 1043 874 et
1070 842 1178 873 cum
1202 826 1522 889 pertransiret
1543 826 1765 873 dixerunt
1790 843 1798 874 :
1828 827 1977 874 Pater
2002 843 2104 874 nos-

326 917 410 967 ter,
439 917 480 955 et
514 925 571 955 ne
605 924 706 966 nos,
738 916 844 966 etc„
871 908 1003 954 Deus
1031 909 1112 971 qai
1142 909 1262 955 inter
1299 909 1571 970 apostolicos
1605 909 1878 967 sacerdotes,
1910 917 2025 966 etc.‚·
2057 913 2103 957 et

330 992 527 1038 osculati
553 995 662 1038 sunt
694 990 840 1053 pedes
867 991 988 1053 ejus.
1012 993 1227 1038 Fuerunt
1251 1008 1396 1055 super
1418 997 1623 1054 quatuor
1646 992 1947 1039 candelabris
1982 1008 2101 1054 qua-

327 1080 437 1123 tuor
459 1074 703 1122 intorticia
724 1073 806 1119 illa
833 1089 942 1119 cum
965 1073 1137 1135 quibus
1170 1074 1543 1136 precedentibus
1575 1074 1791 1122 diaconis
1825 1075 1873 1121 111
1901 1075 2103 1122 mantel-

323 1157 380 1204 lis
405 1166 694 1213 011111011100,
720 1160 1032 1218 preterquam
1055 1161 1397 1219 precesserunt
1420 1157 1680 1205 intorticia.
1710 1161 1934 1205 Portatus
1962 1157 2046 1204 fuit
2074 1173 2102 1205 a

258 1241 260 1243 ’
326 1239 662 1303 parafrenariis
693 1242 740 1287 et
768 1240 872 1303 ejus
907 1239 1187 1294 domesticis
1219 1241 1278 1287 ad
1309 1241 1543 1303 capellam
1578 1242 1813 1304 majorem
1856 1241 1933 1289 ubi
1969 1242 2100 1288 stetit

325 1325 383 1370 ad
413 1326 621 1385 quatuor
641 1323 789 1370 horas
816 1322 889 1370 vel
911 1322 1119 1380 circiter,
1155 1326 1201 1370 et
1231 1339 1327 1370 non
1352 1324 1438 1370 fuit
1460 1324 1627 1371 ordine
1665 1325 1848 1371 dictum
1885 1324 2099 1372 officium

324 1412 640 1454 mortuorum.
657 1408 888 1453 Cantores
911 1406 1061 1453 nostri
1084 1406 1247 1453 dicere
1264 1406 1539 1465 noluerunt,
1567 1408 1775 1471 religiosi
1799 1407 1937 1455 tarde
1955 1424 2099 1456 vene-

324 1496 436 1537 runt
460 1506 469 1536 :
499 1490 624 1537 inter
645 1494 861 1536 octavam
885 1488 1124 1535 decimam
1145 1489 1217 1535 vel
1239 1505 1413 1536 nonam
1434 1490 1673 1537 decimam
1694 1490 1844 1538 horas
1863 1496 2098 1538 venerunt

324 1573 452 1620 circa
488 1572 814 1635 quadraginta
854 1572 1116 1627 intorticia,
1149 1587 1256 1618 cum
1290 1573 1461 1634 quibus
1489 1573 1677 1620 clericis
1715 1577 1761 1621 et
1802 1574 2097 1622 beneficiatis

325 1657 405 1703 illa
424 1655 748 1719 portantibus.
779 1654 886 1701 Fui-t
904 1659 1128 1717 portatus
1150 1654 1211 1700 ad
1233 1655 1479 1701 basilicam
1506 1671 1543 1701 s.
1568 1656 1692 1702 Petri
1713 1672 1800 1719 per
1823 1657 1928 1703 illos
1953 1641 2098 1704 cano->

283 1731 285 1733 ¹
321 1740 460 1786 111005
503 1753 591 1801 per
626 1743 814 1801 portam
852 1737 1103 1784 lateralem
1139 1736 1200 1783 ad
1237 1742 1426 1799 portam
1470 1738 1861 1800 respondentem,
1901 1744 2101 1802 propter
2132 1740 2135 1744 ’

322 1837 549 1885 magnam
585 1821 812 1884 pluviam.
843 1820 1041 1882 Sequuti
1076 1825 1187 1866 sunt
1215 1819 1425 1883 quinque
1461 1821 1692 1884 episcopi,
1718 1822 1939 1870 videlicet
1974 1823 2095 1870 vica-

321 1907 421 1952 rius
449 1905 604 1962 Urbis,
629 1903 954 1959 Zamorensis,
991 1903 1237 1961 SenensiS,
1276 1903 1536 1951 Calicensis
1565 1910 1612 1952 et
1638 1905 1822 1952 electus
1849 1906 2095 1964 Sutrinus3

319 2004 406 2051 per
429 1987 642 2035 mediam
671 1992 864 2048 portam
891 1986 982 2032 fuit
1010 1988 1228 2048 portatus
1252 2002 1347 2032 non
1377 2002 1463 2048 per
1495 2003 1640 2048 quam
1673 1989 1830 2036 solent
1859 2005 1867 2035 :
1894 1989 2098 2037 decebat

329 2071 487 2118 solum
516 2073 693 2133 Papam
727 2075 971 2116 mortuum
1004 2084 1090 2131 per
1114 2069 1245 2116 illam
1285 2069 1498 2116 mediam
1535 2071 1738 2132 portari.
1781 2071 1972 2119 Dictum
2010 2073 2098 2119 fuit

328 2154 376 2200 in
412 2154 570 2201 medio
613 2152 815 2200 ecclesie
855 2167 940 2214 per
971 2167 1119 2197 unum
1157 2155 1291 2198 extra
1324 2152 1570 2199 canonicis
1598 2171 1606 2198 z
1635 2152 1747 2200 Non
1780 2154 1942 2213 intres,
1986 2163 2093 2213 etc:.,

325 2237 494 2284 Libera
515 2252 605 2292 me,
629 2244 713 2282 etc.
729 2252 748 2292 ;
771 2238 817 2282 et
839 2234 1012 2282 deinde
1038 2238 1257 2296 portatus
1288 2234 1414 2281 intra
1438 2235 1727 2293 cancellum,
1754 2239 1802 2283 et
1825 2236 1936 2282 illud
1966 2237 2096 2283 clau-

328 2336 450 2377 sum,
471 2319 550 2366 ubi
573 2318 748 2365 mansit
769 2333 919 2380 usque
946 2318 1003 2363 ad
1031 2316 1158 2364 diem
1178 2317 1303 2380 jovis
1335 2318 1456 2364 hora
1475 2318 1744 2376 tertiarum,
1772 2322 1819 2366 et
1848 2322 1962 2367 tunc
1985 2335 2096 2383 por-

326 2406 455 2450 tatus
500 2418 586 2465 per
631 2400 1006 2464 parafrenarios,
1056 2400 1429 2462 precedentibus
1475 2401 1691 2463 pluribus
1732 2402 1984 2449 intorticiis
2036 2404 2097 2450 ad

328 2485 559 2548 capellam
577 2501 614 2531 s.
631 2483 870 2546 Gregorii,
903 2486 949 2531 et
964 2483 1160 2540 ibidem,
1189 2487 1297 2546 post
1319 2483 1515 2530 missam
1539 2500 1624 2547 per
1651 2486 1912 2547 quemdam
1935 2502 2098 2533 sacer-

325 2569 582 2630 dotempro
602 2566 840 2614 defunctis
861 2567 1054 2624 lectam,
1076 2566 1294 2628 sepultus
1309 2566 1356 2612 in
1385 2567 1635 2629 sepultura
1653 2583 1739 2630 per
1755 2583 1865 2614 eum
1877 2569 2096 2616 ordinata

325 2652 436 2699 dum
461 2652 652 2698 viveret.
684 2649 963 2696 Cardinales
987 2650 1183 2696 fuerunt
1206 2649 1472 2707 convocati,
1499 2653 1608 2712 post
1645 2651 1829 2697 obitum
1855 2653 1999 2714 Pape,
2038 2651 2097 2698 ab

323 2736 446 2782 hora
460 2734 623 2796 quinta
641 2733 827 2780 decima
842 2748 991 2795 usque
1005 2732 1065 2779 ad
1083 2732 1321 2778 decimam
1341 2737 1557 2780 octavam
1583 2732 1629 2778 in
1652 2733 1763 2780 aula
1787 2734 2091 2796 pontificum,

325 2824 370 2865 et
405 2817 752 2879 deputaverunt
776 2814 1198 2877 archiepiscopum
1217 2815 1531 2861 Tarentinum
1554 2830 1640 2877 pro
1666 2815 1886 2862 custodia
1910 2816 2092 2878 palatii,

325 2903 372 2947 et
395 2899 566 2947 eadem
587 2898 663 2945 die
691 2897 779 2944 fuit
800 2903 1089 2944 conventum
1111 2912 1220 2943 cum
1247 2897 1479 2959 magistro
1497 2897 1670 2944 Baccio
1688 2898 1815 2959 quod
1839 2914 1926 2961 per
1945 2903 2093 2947 totam

323 3070 433 3107 quam
464 3057 663 3093 facerem...
692 3069 710 3086 »
733 3052 801 3089 lib.
839 3053 918 3097 Vll,
948 3053 1054 3100 epist.
1087 3054 1108 3088 8
1139 3053 1314 3099 (Riualdi,
1349 3066 1389 3101 p.
1423 3055 1521 3100 394).
1554 3055 1602 3091 Le
1628 3059 1733 3103 poete
1763 3056 1903 3104 Angelo
1935 3056 2092 3100 Colucci,

323 3119 414 3153 dans
430 3114 624 3163 l'epitaphe
645 3112 731 3160 qu’il
761 3123 935 3160 composa
954 3124 1045 3160 pour
1065 3124 1105 3148 ce
1132 3113 1283 3159 pontife,
1309 3113 1447 3150 celebre
1470 3126 1527 3150 ses
1547 3120 1670 3151 vertus
1692 3119 1727 3150 et
1746 3114 1856 3151 fletrit
1876 3114 1910 3150 la
1926 3114 2095 3151 1110010110

320 3177 365 3213 de
386 3188 452 3213 son
472 3175 747 3223 predecesseur,
770 3171 973 3207 Alexandre
992 3171 1054 3216 VI,
1078 3172 1144 3219 qui
1166 3171 1262 3209 avait
1280 3172 1404 3208 souille
1425 3172 1459 3209 la
1478 3172 1600 3209 chaire
1617 3174 1661 3209 de
1682 3173 1925 3210 Saint-Pierre
1943 3185 1950 3209 ε

675 3266 807 3298 Tertius
827 3265 880 3297 hic
907 3266 986 3297 Pius
1007 3268 1056 3298 est
1076 3266 1135 3307 qui
1154 3276 1327 3298 summum
1353 3266 1402 3298 ad
1421 3266 1556 3299 eulmen
1575 3266 1618 3299 ab
1638 3268 1714 3309 ipsa

695 3340 697 3342 .
768 3313 898 3344 Virtute
918 3316 1060 3354 evectus,
1084 3315 1248 3355 protinus
1268 3314 1412 3346 interiit.

607 3364 610 3368 '
672 3360 740 3392 Nec
760 3361 901 3398 mirum,
920 3360 1002 3401 quia
1017 3362 1110 3400 peste
1129 3362 1221 3400 atra,
1244 3361 1303 3403 qui
1322 3360 1459 3393 sederat
1477 3364 1570 3399 ante,

758 3407 883 3440 Sextus
898 3407 1096 3439 Alexander
1110 3407 1291 3448 polluet-at
1312 3407 1452 3441 solium.

1311 3494 1606 3544 (Colottiflpera,
1628 3508 1662 3545 p.
1689 3498 1780 3543 1112).
