2228 3938
315 368 383 403 112
918 369 1149 406 JOHANNIS
1183 370 1479 416 BURCHARDI,
1814 375 1969 414 [Janvier
1992 378 2085 418 1501]

317 469 554 532 supplicia
587 468 666 532 (1),
712 469 840 518 velut
873 471 1142 531 latrocinia,
1187 473 1459 536 sacrilegia,
1499 473 1793 536 superbiam,
1839 475 2082 538 injuriam,

315 552 592 611 vanitatem,
625 551 830 602 abusum
858 555 1134 618 patrimonii
1160 557 1353 615 Christi,
1387 556 1780 618 concubinatum,
1810 557 2081 618 simoniam,

316 637 574 698 ceteraque
598 636 815 684 enormia
843 643 1043 701 peccata
1071 643 1271 703 propter
1301 655 1393 702 que
1422 639 1688 689 christiana
1715 640 1885 705 religio
1910 641 2085 690 labitur

317 720 366 764 et
395 718 552 766 omnis
586 719 957 768 christianorum
995 724 1098 770 etas
1127 722 1497 770 scandalizatur.
1532 725 1633 770 Hec
1660 723 1964 772 indubitante
1991 723 2087 773 fide

318 801 558 849 credimus
584 805 632 851 et
662 803 892 867 quidquid
912 808 1077 855 sancta
1105 809 1153 853 et
1178 805 1458 854 universalis
1486 805 1710 865 ecclesia,
1742 822 1835 869 que
1858 807 2084 871 generale

319 884 580 933 concilium
608 889 859 950 reputatur
886 886 1143 947 definierit,
1178 891 1371 937 orantes
1405 888 1580 937 obnixe
1609 892 1658 937 et
1686 889 2012 953 supplicantes
2039 895 2091 938 ut

318 972 476 1016 vestra
502 969 737 1017 Sanctitas
764 970 979 1019 fiscalem
1007 976 1284 1035 compescat
1309 971 1449 1034 eique
1477 972 1721 1020 silentium
1749 972 1932 1036 imponi
1957 988 2092 1021 man-

319 1051 426 1111 det3
453 1067 565 1100 nam
602 1052 691 1100 etsi
726 1052 933 1101 alienam
971 1054 1217 1103 avaritiam
1252 1055 1445 1118 explere
1477 1071 1750 1119 possemus,
1783 1072 1881 1104 non
1928 1060 2092 1104 tamen

320 1134 430 1183 ideo
455 1135 681 1184 meliores
707 1137 955 1184 christiani
980 1138 1142 1201 utique
1168 1137 1522 1197 indicaremur3
1554 1155 1743 1188 memor
1770 1140 1830 1187 sit
1856 1140 2092 1188 Sanctitas

320 1223 476 1267 vestra
512 1220 821 1268 consolatorii
844 1220 976 1268 verbi
1002 1220 1195 1279 Christi,
1229 1222 1368 1285 cujus
1399 1222 1550 1270 vicem
1589 1222 1713 1284 gerit
1743 1222 1792 1270 in
1822 1222 1978 1281 terris,
2013 1221 2093 1286 qui

320 1301 384 1349 ait
411 1318 420 1349 :
448 1303 812 1351 misericordiam
834 1304 947 1361 vola,
967 1320 1062 1351 non
1078 1304 1347 1366 judicium;
1374 1305 1503 1353 idem
1529 1306 1763 1354 Dominus
1779 1308 1916 1354 Jesus
1937 1305 2095 1354 Chris-

323 1389 396 1433 tus
417 1389 626 1435 vestram
643 1387 987 1436 Celsitudinem
1012 1387 1073 1435 ad
1095 1388 1360 1452 regendam
1376 1388 1457 1437 diu
1483 1389 1688 1438 feliciter
1704 1389 1958 1438 ecclesiam
1984 1405 2096 1438 con-

321 1474 494 1517 servet.
524 1471 716 1529 Datum,
736 1473 829 1518 etc.
859 1469 938 1534 (2).

386 1551 524 1598 Feria
559 1552 787 1611 secunda,
830 1556 886 1599 19
925 1554 1104 1601 mensis
1139 1554 1366 1617 januarii,
1406 1555 1708 1618 supradictus
1745 1558 1803 1603 D.
1841 1554 2094 1603 Catalanus

326 1634 556 1695 Casalius,
584 1635 711 1683 sedis
742 1635 1005 1699 apostolice
1029 1638 1386 1700 protonotarius
1411 1637 1470 1685 de
1494 1633 2095 1701 participantibus‘,vsecre-

324 1719 473 1766 tarius
512 1721 637 1783 Pape
675 1723 722 1767 et
759 1719 1061 1768 abbreviator
1093 1720 1365 1769 litterarum
1403 1721 1778 1786 apostolicarum
1818 1721 1918 1785 qui,
1954 1725 2097 1770 nocte

325 1802 570 1865 preterita,
619 1801 714 1850 vita
752 1802 943 1851 functus
982 1807 1069 1862 est,
1099 1808 1316 1867 portatus
1351 1807 1424 1853 est
1457 1804 1745 1863 honorifice,
1785 1819 1919 1852 more
1955 1803 2097 1852 solito

325 1886 612 1944 associatus,
639 1885 808 1933 habitu
834 1886 1015 1934 ordinis
1039 1886 1398 1950 predicatorum
1423 1887 1618 1935 indutus
1641 1903 1739 1936 non
1762 1886 2096 1952 protonotarii,

325 1969 386 2016 ad
410 1968 665 2017 ecclesiam
691 1973 955 2016 conventus
980 1969 1190 2018 Minerve
1219 1974 1266 2018 et
1288 1970 1469 2018 ibidem
1497 1970 1728 2034 sepultus.

391 2052 530 2100 Feria
566 2055 716 2112 sexta,
751 2053 809 2099 29
851 2051 963 2100 dicti
1002 2053 1183 2100 mensis
1213 2053 1440 2117 januarii,
1470 2053 1586 2101 obiit
1621 2053 1864 2101 Johannes
1899 2055 2100 2101 Kemer-

326 2136 475 2195 linck,
496 2134 756 2184 canonicus
782 2135 985 2184 ecclesie
1011 2152 1050 2183 s.
1079 2136 1276 2185 Servatii
1298 2135 1637 2200 Trajectensis,
1664 2135 1976 2184 Leodicensis
2001 2135 2100 2183 die-

328 2218 469 2276 cesiS,
496 2218 787 2266 camerarius
803 2220 860 2266 D.
890 2218 1142 2267 cardinalis
1167 2235 1205 2266 s.
1227 2218 1472 2278 Praxedis,
1499 2218 1634 2283 cujus
1658 2233 1830 2282 corpus
1854 2221 2096 2282 portatum

328 2301 416 2349 fuit
438 2301 609 2348 eadem
630 2300 706 2348 die
731 2300 790 2349 ad
816 2300 1063 2349 basilicam
1097 2317 1135 2349 s.
1173 2301 1318 2359 Petri,
1348 2305 1395 2349 et
1421 2300 1601 2350 ibidem
1632 2305 1767 2349 extra
1796 2304 1984 2365 portam
2005 2316 2101 2363 qua

327 2384 423 2432 itur
452 2383 512 2432 ad
536 2384 769 2447 capellam
799 2384 846 2431 b.
875 2384 1024 2432 Marie
1051 2385 1111 2434 de
1142 2384 1394 2444 FebribuS,
1429 2384 1510 2432 ubi
1539 2383 1714 2432 mansit
1748 2383 1808 2432 ad
1828 2383 2095 2432 horam

376 2540 407 2572 1.
438 2537 510 2579 Sic,
532 2535 624 2571 dans
644 2536 727 2570 tous
747 2532 801 2570 les
821 2544 909 2570 mss.
935 2544 944 2569 :
965 2532 1086 2582 Chigi,
1110 2533 1190 2579 151,
1211 2532 1348 2569 5522-4
1366 2536 1402 2569 et
1418 2531 1543 2569 '13737
1560 2543 1568 2567 :
1591 2541 1631 2567 ce
1651 2534 1727 2568 mot.
1747 2529 1859 2577 serait
1878 2529 1973 2567 alors
1994 2511 2102 2577 syno-

328 2594 424 2630 nime
443 2594 487 2630 de
501 2595 667 2639 facinus.

338 2686 341 2689 Α
370 2654 406 2689 2.
436 2653 538 2690 Cette
562 2652 667 2690 lettre
690 2651 766 2700 qui,
788 2663 875 2689 sous
903 2664 974 2690 une
1001 2652 1112 2689 forme
1136 2650 1324 2697 indirecte,
1353 2654 1501 2688 estune
1529 2651 1595 2687 des
1615 2649 1699 2699 plus
1733 2651 1878 2686 severes
1899 2646 2032 2685 satires
2051 2647 2101 2684 du
2170 2670 2177 2676 -

327 2724 420 2761 pape
449 2712 655 2749 Alexandra
680 2713 743 2757 VI,
771 2712 929 2761 rappelle
966 2712 1103 2761 l'epitre
1137 2723 1207 2760 que
1238 2710 1526 2756 Jean-Francois
1555 2709 1621 2746 Pie
1648 2709 1693 2746 de
1722 2707 1924 2746 Mirandole
1956 2706 2103 2744 ecrivait

326 2773 423 2808 deux
439 2771 529 2808 mois
543 2774 797 2820 auparavanta
809 2771 1023 2820 l’empereur
1037 2771 1285 2818 d'Allemagne
1300 2781 1392 2819 pour
1405 2769 1438 2806 le
1453 2769 1545 2816 prier
1556 2769 1601 2805 de
1613 2768 1846 2805 debarrasser
1860 2766 1894 2802 la
1904 2764 2102 2802 chretiente

327 2831 375 2867 du
393 2831 557 2868 ministre
577 2830 727 2879 indigne
748 2830 809 2879 qui
829 2830 863 2867 la
882 2832 1015 2867 menait
1035 2832 1057 2866 a
1083 2842 1122 2866 sa
1145 2829 1261 2867 ruine.
1285 2843 1304 2863 «
1390 2827 1585 2876 Reliquum
1605 2831 1673 2870 est,
1693 2825 1849 2862 Maxime
1872 2824 2007 2868 Caesar,
2029 2834 2102 2871 qua

328 2895 362 2927 te
377 2891 448 2927 fide
468 2894 503 2927 et
522 2890 658 2939 pietate
671 2901 835 2938 possum,
858 2890 1042 2937 deprecer,
1059 2893 1098 2926 ut
1113 2887 1383 2925 sanctissimum
1400 2886 1487 2922 illud
1508 2886 1733 2934 propositum
1753 2888 1855 2921 tuum
1874 2882 2102 2919 vindicandae

327 2949 364 2985 in
391 2949 581 2998 pristinam
606 2948 796 2985 libertaten
822 2948 1037 2985 Christianae
1063 2946 1299 2995 Reipublicae
1335 2957 1443 2993 quam
1469 2945 1577 2981 citius
1606 2943 1683 2980 fieri
1717 2942 1849 2992 possit,
1876 2941 2096 2990 adimpleas.

329 3008 542 3045 Concutitur
562 3008 606 3044 ab
627 3007 786 3045 externis
801 3007 981 3052 hostibus,
996 3006 1041 3044 ab
1058 3005 1210 3043 internis
1224 3005 1415 3047 laceratur,
1433 3004 1568 3041 etJesu
1584 3001 1719 3040 Christi
1737 3001 1873 3038 domini
1886 3000 2003 3038 nostri
2020 3011 2103 3037 san-

330 3068 441 3116 guine
464 3067 744 3115 circumseptum
765 3070 801 3103 et
821 3069 1073 3102 consecratum
1100 3063 1192 3101 ovile
1214 3064 1320 3112 pejus
1345 3063 1460 3100 multo
1480 3073 1694 3111 perpessum
1715 3064 1784 3104 est,
1806 3060 1844 3097 in
1866 3060 2017 3108 diesque
2043 3071 2104 3107 pa-

329 3127 452 3163 titura
472 3126 567 3174 lupis
595 3125 664 3162 sub
684 3125 803 3170 ovina,
829 3137 939 3174 quam
965 3124 1033 3161 sub
1058 3123 1204 3172 propria
1229 3123 1323 3171 pelle
1350 3121 1618 3171 grassantibus.
1641 3121 1720 3168 Age
1749 3119 1861 3168 igitur
1888 3120 1963 3167 jam
1982 3118 2104 3155 Caesar

328 3186 484 3234 Optime,
503 3190 538 3222 et
560 3184 687 3222 excitis
708 3197 780 3233 qua
799 3183 938 3221 ratione
964 3184 1075 3220 Potes
1104 3181 1319 3219 Christianis
1347 3181 1529 3230 Regibus,
1551 3180 1600 3217 Te
1627 3179 1771 3217 Christo
1797 3190 1924 3227 regum
1944 3177 2105 3214 omnium

331 3244 440 3294 Regi,
463 3256 548 3282 oves
570 3256 655 3281 suas
675 3249 746 3281 tam
768 3244 814 3280 ah
834 3242 1002 3280 hostibus
1024 3254 1131 3290 quam
1145 3254 1166 3279 a
1180 3241 1328 3290 perfidis
1342 3240 1552 3289 pastoribus
1562 3239 1714 3288 jamjam
1726 3238 1940 3283 liberaturo,
1957 3236 2106 3274 fidelem

330 3304 536 3342 ministrum
558 3303 702 3341 exhibe.
725 3302 951 3348 Mirandulae,
973 3301 1111 3338 calend.
1131 3301 1236 3347 XbriS,
1260 3312 1354 3337 anno
1369 3300 1415 3336 ab
1436 3294 1572 3336 Christi
1587 3298 1837 3346 Incarnatione
1856 3297 1961 3334 1500.
1983 3310 2002 3330 »
2027 3294 2104 3331 Pici

332 3363 543 3401 Mirandulae
564 3375 687 3412 opera,
709 3361 875 3405 Easdem,
892 3363 996 3407 1601,
1018 3373 1056 3409 p.
1076 3361 1161 3399 846.
1183 3359 1402 3397 Savonarole
1417 3358 1515 3396 avait
1534 3358 1622 3395 ecrit
1641 3369 1687 3394 en
1714 3368 1810 3393 mars
1832 3357 1937 3402 1498,
1959 3355 2053 3391 dans
2073 3354 2105 3391 le

329 3427 446 3460 meme
468 3435 567 3468 sens,
591 3434 660 3459 aux
682 3422 892 3459 souverains
913 3421 957 3458 de
975 3420 1156 3469 l'Europe.
1184 3419 1340 3457 Perrens
1354 3431 1374 3456 a
1390 3417 1512 3467 publie
1535 3429 1595 3455 ces
1616 3416 1751 3454 lettres.
1775 3411 1914 3453 Jerome
1943 3416 2104 3452 savona-

331 3485 419 3529 rote,
438 3488 463 3520 t.
488 3483 518 3529 I,
539 3495 576 3532 p.
598 3484 681 3528 485,
700 3483 783 3528 489,
803 3486 872 3519 etc.
