2228 3938
151 365 376 408 [Septembre
399 367 494 408 150⁰]
603 365 772 403 RERUM
805 363 1107 403 URBANARUM
1139 361 1494 401 COMMENTARII.
1893 366 1941 402 75

217 470 362 519 Feria
386 469 572 533 quinta,
600 472 627 518 3
659 468 841 519 mensis
873 466 1186 531 septembriS,
1219 466 1388 517 habite
1424 466 1623 517 fuerunt
1654 467 1704 517 in
1729 467 1942 518 ecclesia

153 555 200 603 b.
226 553 380 604 Marie
406 554 467 603 de
490 553 710 603 Minerva
733 551 937 615 exequie
961 551 1087 602 bone
1112 549 1352 601 memorie
1378 552 1436 598 1).
1464 550 1635 600 Jacobi
1662 551 1938 612 Pichezier‚

154 622 409 689 secretarii
455 635 732 701 apostolici,
775 635 858 699 qui
901 634 981 685 die
1033 634 1206 698 quinta
1247 633 1432 682 mensis
1475 635 1670 698 augusti
1716 635 1943 698 proxime

153 721 398 784 preteriti,
435 721 483 771 in
514 719 710 770 civitate
744 721 958 778 Lucana,
993 718 1043 769 in
1077 718 1266 768 febrem
1302 718 1567 768 tertianam
1599 718 1771 768 incidit
1801 721 1849 767 et
1884 722 1940 768 18

152 804 390 868 ejusdem,
417 804 551 855 circa
573 803 750 854 horam
782 803 1028 854 decimam
1061 805 1266 861 sextam,
1301 803 1351 851 in
1382 802 1555 851 eadem
1580 804 1654 852 est
1676 801 1775 850 vita
1800 801 1940 853 func-

152 891 246 948 tus,
275 888 336 939 ad
359 904 505 954 quam
529 890 732 939 venerat
747 887 806 938 de
829 887 1110 938 Mediolano
1132 902 1293 951 arege
1310 889 1616 936 Francorum
1634 888 1937 949 Romamque

154 972 415 1020 rediturus.
442 972 772 1020 Interfuerunt
800 971 986 1019 familie
1019 974 1299 1020 RRmorum
1330 973 1432 1021 DD.
1461 969 1792 1020 cardinalium
1816 971 1942 1020 Nea-

150 1055 353 1119 politani
385 1058 435 1106 et
463 1055 798 1115 Alexandrini,
834 1058 1158 1106 executorum
1188 1054 1471 1104 testamenti
1503 1053 1602 1114 sui;
1631 1053 1774 1117 juxta
1808 1055 1941 1103 cata—

150 1139 333 1190 lectum
354 1140 515 1203 posita
534 1140 734 1190 fuerunt
754 1139 995 1191 intortitia
1019 1139 1214 1204 viginti;
1240 1142 1356 1203 quot
1376 1138 1576 1189 fuerunt
1600 1137 1780 1187 funesti
1806 1140 1855 1186 et
1881 1137 1940 1187 de

150 1223 353 1290 reliquis
377 1222 561 1281 nesci0,
593 1222 709 1287 quia
732 1239 831 1272 non
855 1223 1075 1271 interfui.

219 1306 364 1358 Feria
397 1308 590 1371 quarta,
631 1309 659 1354 9
697 1307 882 1374 mensis
922 1307 1237 1372 septembriS‚
1267 1305 1400 1357 circa
1435 1306 1613 1357 horam
1648 1304 1938 1371 vigesimam

151 1391 418 1438 secundam
441 1406 530 1454 per
557 1393 697 1455 prata
722 1391 923 1439 veniens
946 1391 1144 1439 intravit
1171 1392 1356 1439 Urbem
1382 1406 1473 1455 per
1487 1392 1683 1454 portam
1700 1389 1939 1440 Viridarii

151 1474 444 1538 magnificus
481 1477 539 1523 D.
581 1475 765 1523 Marius
801 1475 1044 1541 Georgius
1082 1475 1334 1539 utriusque
1374 1475 1504 1540 juris
1542 1475 1735 1535 doctor,
1776 1476 1943 1523 orator

150 1557 291 1608 ducis
315 1561 363 1607 et
394 1558 599 1609 dominii
629 1562 935 1610 Venetorum
957 1559 1039 1625 (1),
1069 1559 1151 1622 qui
1183 1575 1211 1608 a
1241 1558 1442 1609 familiis
1474 1561 1606 1621 Pape
1637 1561 1686 1607 et
1715 1557 1942 1607 cardina-

150 1641 271 1689 lium
295 1645 527 1706 receptus
558 1644 633 1690 est
663 1645 712 1690 et
743 1658 898 1706 usque
937 1643 999 1690 ad
1037 1643 1244 1690 domum
1277 1641 1404 1689 Rmi.
1446 1645 1503 1690 D.
1540 1641 1807 1688 cardinalis
1831 1641 1944 1689 Gri-

151 1724 302 1784 mani,
330 1724 380 1774 in
404 1741 502 1790 qua
525 1725 809 1789 hospitatus
834 1729 924 1785 est,
956 1725 1245 1777 associatus,
1273 1724 1518 1791 Equitavit
1541 1724 1669 1774 inter
1694 1725 1943 1789 guberna-

150 1812 314 1856 torem
355 1808 498 1856 Urbis
534 1812 583 1856 et
619 1809 1049 1873 archiepiscopum
1086 1809 1410 1874 Ragusinum.
1449 1807 1678 1856 Interfuit
1706 1808 1856 1857 etiam
1879 1811 1938 1858 D.

155 1892 456 1940 Philibertus
480 1892 739 1951 Naturelli,
769 1895 940 1941 orator
962 1893 1096 1958 regis
1112 1896 1467 1942 Romanorum.

213 1976 357 2024 Feria
392 1979 544 2034 sexta,
599 1979 649 2025 11
702 1976 819 2026 dicti
860 1977 1042 2026 mensis
1079 1976 1392 2041 septembris,
1438 1979 1493 2026 R.
1538 1979 1586 2027 P.
1625 1978 1683 2026 D.
1722 1977 1937 2026 Jacobus

149 2058 408 2123 episcopus
430 2059 700 2118 Alatrinus,
735 2059 971 2124 magister
1002 2060 1176 2108 domus
1207 2060 1315 2107 Rmi
1346 2062 1403 2108 D.
1440 2059 1705 2108 cardinalis
1737 2060 1935 2108 Ascanii

147 2141 250 2191 vice
277 2142 560 2192 cancellarii
587 2145 759 2207 captus
783 2143 872 2194 suit
895 2143 944 2192 in
970 2145 1118 2194 domo
1152 2160 1237 2192 sue
1261 2144 1582 2194 habitationis
1608 2145 1749 2208 juxta
1775 2143 1936 2193 eccle-

148 2224 270 2273 siam
308 2226 356 2273 b.
394 2225 547 2273 Marie
584 2226 644 2274 de
683 2228 831 2274 Curte
868 2228 928 2275 de
967 2228 1098 2276 Urbe
1134 2243 1224 2291 per
1258 2227 1554 2291 barigellum
1598 2227 1742 2276 Urbis
1783 2230 1832 2275 et
1874 2227 1934 2275 ad

148 2323 377 2357 carceres
401 2309 570 2357 Turris
593 2309 790 2358 Soldani
820 2310 1146 2376 ignominiose
1170 2311 1370 2360 ductus.

214 2392 330 2442 Heri
374 2392 660 2443 nunciatum
706 2397 780 2442 est
824 2395 885 2444 ad
935 2395 1119 2444 Urbem
1171 2395 1412 2458 quosdam
1465 2396 1650 2445 Turcas
1701 2393 1932 2445 habuisse

148 2478 175 2521 9
199 2475 393 2538 augusti
419 2475 606 2523 mensis
632 2479 680 2524 et
704 2477 878 2525 ditioni
911 2494 995 2525 sue
1025 2479 1069 2526 vi
1101 2481 1149 2526 et
1181 2479 1336 2526 armis
1371 2478 1663 2547 subjugasse
1690 2477 1935 2525 civitatem

145 2557 518 2609 Mothonensem
543 2562 591 2607 et
614 2560 736 2609 duas
762 2560 884 2609 alias
911 2560 1131 2611 civitates
1155 2564 1479 2620 Venetorum,
1510 2561 1559 2609 in
1584 2562 1760 2627 quibus
1784 2562 1937 2611 nemi-

146 2656 259 2688 nem
305 2641 563 2704 reliquisse
601 2642 775 2701 vivum,
818 2643 966 2691 etiam
1001 2659 1184 2707 pueros
1223 2646 1270 2692 et
1308 2643 1544 2691 mulieres
1581 2659 1813 2702 necasse3
1852 2644 1934 2692 alii

146 2723 372 2774 dicebant
409 2727 539 2790 quod
585 2742 697 2775 cum
747 2726 1003 2775 christiani
1050 2727 1271 2776 viderent
1308 2743 1406 2777 non
1443 2743 1587 2794 posse
1624 2726 1869 2777 civitatem
1907 2743 1935 2776 a

146 2808 316 2858 Turcis
338 2808 621 2868 defendere,
651 2810 946 2860 induxerant
971 2826 1142 2861 omnes
1167 2811 1401 2861 mulieres
1427 2826 1484 2859 ac
1509 2827 1690 2875 pueros
1715 2811 1764 2861 in
1786 2827 1933 2862 unam

147 2892 347 2940 domum
379 2897 427 2942 et
457 2894 768 2958 imponentes
799 2895 963 2959 ignem
995 2897 1376 2944 combusserunt
1406 2911 1577 2944 omnes
1609 2911 1670 2943 ne
1702 2897 1750 2943 in
1782 2895 1933 2960 perfi-

146 2975 322 3027 dorum
346 2980 623 3029 Turcarum
647 2995 823 3030 manus
849 2979 1126 3030 inciderent
1148 2980 1228 3047 (2).

145 3136 285 3183 phonse
313 3136 498 3185 d’Aragon
522 3149 559 3186 p.
588 3139 762 3176 266-278.
790 3139 922 3187 Sejour
947 3140 991 3176 de
1018 3140 1175 3177 Lucrece
1201 3142 1223 3177 a
1247 3140 1362 3192 Nepi,
1390 3152 1426 3189 p.
1457 3141 1626 3186 279-291‚
1655 3140 1750 3177 ainsi
1781 3153 1851 3190 que
1882 3142 1933 3178 les

146 3194 266 3243 pieces
281 3195 538 3244 justificatives
559 3197 775 3246 auxquelles
798 3198 945 3235 renvoie
965 3198 1132 3236 l’auteur.

192 3255 229 3290 1.
263 3269 282 3286 «
304 3255 436 3301 (Μαι-111
455 3256 570 3306 Zorzi)
591 3269 654 3293 era
671 3261 808 3295 venuto
827 3269 1023 3296 successor
1043 3259 1093 3295 dil
1113 3259 1260 3308 Capello
1275 3271 1296 3297 a
1315 3264 1392 3297 star
1411 3260 1453 3297 li.
1481 3275 1499 3293 »ι
1519 3260 1672 3298 Sanuto.
1702 3260 1770 3297 col.
1793 3261 1877 3296 789.

191 3315 234 3353 2.
265 3313 315 3350 Ce
330 3317 445 3351 meme
465 3315 528 3352 fait
549 3327 588 3352 se
615 3317 813 3354 renouvela
832 3317 865 3354 le
891 3320 935 3354 12
955 3318 1044 3355 avril
1073 3320 1178 3364 1826,
1199 3319 1348 3368 lorsque
1375 3319 1520 3356 Kristos
1539 3319 1713 3368 Kapsalis
1739 3320 1781 3356 fit
1812 3323 1932 3355 sauter

146 3371 313 3409 l'arsenal
334 3373 379 3409 de
398 3373 655 3424 Missolonghi,
678 3379 726 3413 ou
743 3376 910 3414 s'etaient
930 3378 1089 3426 refugies
1110 3378 1162 3415 les
1181 3378 1445 3424 vieillards‚les
1466 3379 1617 3416 femmes
1639 3383 1674 3414 et
1700 3378 1751 3414 les
1772 3378 1930 3423 enfimts,

145 3445 237 3482 pour
255 3445 300 3468 ne
319 3444 383 3480 pas
402 3433 543 3470 tomber
561 3446 634 3471 aux
652 3435 773 3472 mains
788 3437 854 3473 des
875 3437 1001 3474 Tures.
1026 3437 1099 3474 Sur
1117 3437 1150 3474 le
1171 3440 1274 3486 siege
1289 3442 1325 3475 et
1345 3438 1379 3474 la
1399 3438 1496 3486 pr1se
1516 3439 1560 3473 de
1583 3438 1735 3481 Modon,
1760 3449 1845 3484 voy.
1863 3436 1931 3472 Sa-

149 3496 250 3537 nuto,
271 3491 339 3530 col.
360 3492 431 3530 716
449 3496 485 3530 et.
503 3493 613 3532 suiv..
637 3494 836 3533 Franceseo
856 3496 1017 3543 Capeno,
1038 3501 1182 3535 orateur
1202 3498 1383 3543 florentin,
1403 3497 1553 3535 ecriveit
1576 3499 1597 3534 εὶ
1626 3495 1663 3534 la
1684 3495 1898 3541 seigneurie
1925 3508 1933 3532 ε
