2222 3932
147 360 308 401 [Janvier
327 360 419 401 1504]
597 359 767 398 RERUM
801 358 1103 397 URBANARUM
1135 358 1488 398 COMMENTARII.
1859 361 1923 395 331

149 459 338 520 malim,
374 464 727 522 Salernitanus‚
765 463 1133 521 volaterranus,
1171 463 1488 522 Mimatensis,
1531 462 1807 521 Cesarinus,
1842 463 1927 508 Ar-

148 548 389 606 borensis‚
418 547 818 612 CaputaquensiS,
843 547 902 595 de
926 547 1100 607 Flisco,
1130 547 1382 606 Columna,
1411 548 1470 595 de
1494 547 1749 606 Alibretto,
1779 550 1927 596 Cons-

147 631 595 696 tantinopolitanus.

213 718 408 780 Septem
431 716 600 763 diebus
624 714 751 762 infra
773 715 1067 762 novendium
1083 715 1399 778 exequiarum
1426 716 1550 763 Rmi.
1581 717 1636 763 D.
1663 715 1926 776 cardinalis

147 799 495 858 Beneventani,
536 799 796 863 episcopus
820 815 862 847 s.
902 798 1089 863 Agathe
1127 798 1393 847 celebravit
1436 799 1639 846 missam
1679 799 1926 862 publicam

144 882 266 931 hora
289 876 599 947 quindecima
629 882 704 931 vel
729 882 886 930 circa:
923 882 1071 930 etiam
1095 887 1203 946 post
1228 898 1335 930 eam
1361 882 1562 930 absolvit
1587 898 1722 930 more
1749 883 1920 931 solito:

146 966 465 1015 interfuerunt
487 966 547 1015 de
572 966 755 1014 familia
775 966 940 1030 quanti
963 966 1236 1014 voluerunt.

209 1050 296 1098 Die
327 1050 528 1109 sabbati,
564 1054 624 1098 ΞΟ
658 1050 896 1114 januarii,
928 1050 1050 1098 festo
1085 1066 1124 1098 s.
1166 1049 1454 1108 Sebastiam,
1490 1049 1578 1097 suit
1618 1049 1788 1098 ultima
1821 1050 1924 1099 dies

143 1134 462 1197 exequiarum
487 1134 742 1182 cardinalis
766 1134 1095 1182 Beneventani
1119 1134 1168 1181 in
1190 1133 1398 1182 ecclesia
1418 1134 1479 1181 de
1507 1132 1714 1196 Populo:
1753 1136 1919 1181 Rmus.

142 1216 399 1264 cardinalis
419 1217 478 1264 de
503 1217 677 1276 Flisco‚
706 1222 994 1280 exequutor,
1016 1217 1274 1266 celebravit
1294 1216 1496 1264 missam
1521 1215 1782 1279 publicam.
1810 1218 1924 1264 Post

141 1314 269 1358 eam,
298 1300 606 1349 absolverunt
632 1316 745 1349 cum
767 1317 824 1349 eo
849 1301 1121 1349 cardinales
1143 1317 1182 1348 s.
1213 1300 1462 1356 Praxedis,
1491 1299 1809 1358 camerarius,
1838 1302 1925 1347 Ar-

140 1383 364 1431 borensis
397 1387 445 1432 et
486 1385 813 1433 Cusentinus:
857 1385 1183 1433 interfuerunt
1222 1388 1333 1433 octo
1370 1384 1658 1442 cardinaleS,
1695 1383 1922 1432 videlicet

140 1466 408 1531 Regiensis,
442 1470 704 1527 Cumanus,
737 1469 1131 1532 Caputaquensis,
1175 1468 1513 1527 Bononiensis,
1554 1467 1917 1526 VolaterranuS,

139 1549 390 1610 Columna,
415 1567 453 1599 s.
484 1552 701 1600 Severini
720 1556 767 1600 et
783 1553 1058 1602 Cesarinus.
1080 1552 1253 1601 Omnia
1273 1557 1382 1600 acta
1403 1551 1597 1598 fuerunt
1623 1555 1673 1599 ut
1697 1551 1746 1597 in
1766 1550 1922 1614 prima

140 1632 235 1692 die,
264 1639 465 1697 excepta
489 1636 729 1683 oratione.

205 1715 290 1763 Die
313 1716 444 1775 lune,
475 1721 534 1764 2⁶.)
553 1718 784 1781 januarii,
812 1719 1075 1779 Johannes,
1105 1719 1362 1783 episcopus
1385 1718 1691 1776 IsclanensiS,
1717 1718 1918 1766 missam

139 1798 384 1861 publicam
404 1799 664 1849 celebravit
680 1801 727 1848 in
742 1802 878 1850 altari
893 1803 1082 1867 majore
1105 1803 1310 1852 ecclesie
1328 1802 1538 1850 Minerve
1559 1819 1568 1849 t
1590 1801 1919 1851 interfuerunt

138 1882 333 1930 circiter
356 1883 553 1947 triginta
575 1884 746 1948 prelati
771 1886 851 1949 qui
882 1887 1115 1934 sederunt
1144 1887 1194 1934 in
1224 1887 1381 1934 tribus
1420 1885 1629 1934 scamnis
1668 1886 1716 1932 in
1743 1886 1916 1934 eodem

134 1965 284 2014 choro
309 1966 370 2014 ad
392 1967 614 2016 dextram
635 1968 947 2017 intrantium:
974 1970 1210 2018 feretrum
1232 1970 1319 2017 fuit
1335 1973 1558 2033 paratum
1583 1969 1709 2016 inter
1731 1969 1916 2018 dictum

135 2049 339 2097 chorum
374 2055 421 2099 et
446 2051 654 2099 chorum
690 2052 912 2108 fratrum,
941 2054 1021 2117 qui
1046 2055 1187 2119 juxta
1219 2055 1370 2104 altare
1406 2058 1565 2121 majus
1597 2059 1915 2105 cantaverunt

135 2131 367 2182 officium.
403 2134 553 2185 ¹Filius
578 2136 791 2185 defuncti
816 2141 864 2185 et
884 2138 979 2186 duo
1003 2138 1108 2203 ejus
1134 2138 1307 2188 fratres
1331 2140 1610 2188 consobrini
1637 2139 1912 2205 [steterunt]

134 2216 267 2264 circa
300 2218 406 2282 ejus
439 2218 701 2279 feretrum3
735 2221 784 2268 in
815 2222 1088 2270 cathalecto
1122 2227 1167 2270 et
1203 2239 1349 2287 super
1385 2224 1682 2272 candelabra
1716 2224 1915 2271 fuerunt
1979 2253 1982 2256 -

135 2299 378 2348 intorticia
410 2301 639 2366 tringinta
670 2306 894 2366 quatuor.
936 2305 1044 2352 Fuit
1078 2305 1217 2354 finita
1245 2306 1392 2354 missa
1422 2306 1545 2355 hora
1574 2306 1827 2370 vigesima,
1866 2310 1914 2354 et

134 2382 334 2444 prelatis
365 2386 413 2430 et
444 2383 647 2432 funestis
690 2385 890 2434 fuerunt
931 2388 1042 2435 date
1076 2389 1277 2436 candele
1315 2390 1521 2437 duarum
1558 2390 1800 2437 librarum
1839 2389 1914 2437 vel

133 2464 265 2512 circa
290 2481 399 2513 cere
424 2467 767 2529 pulcherrime,
796 2474 843 2518 et
859 2470 951 2518 alia
975 2487 1112 2520 more
1132 2472 1290 2520 solito.
1319 2473 1492 2540 Nescio
1510 2473 1717 2536 qualiter
1736 2472 1911 2520 funesti

132 2547 331 2595 fuerunt
355 2549 605 2607 associati3
633 2551 794 2599 nullus
819 2553 1076 2601 cardinalis
1102 2554 1337 2603 interfuit.

199 2630 283 2678 Die
306 2631 436 2690 lune,
464 2635 522 2680 29
543 2633 773 2696 januarii,
801 2634 893 2683 fuit
917 2636 1258 2685 consistorium
1285 2643 1553 2698 secretum3
1579 2643 1627 2686 et
1650 2644 1913 2702 antequam

134 2716 263 2778 Papa
283 2715 351 2762 ad
381 2715 500 2763 illud
534 2717 737 2776 veniret,
770 2719 1006 2767 conclusit
1042 2720 1091 2767 in
1118 2736 1312 2769 camera
1342 2725 1537 2770 secreta
1564 2737 1728 2770 coram
1755 2723 1912 2770 cardi—

131 2797 321 2846 nalibus
345 2801 681 2859 Recanatensi,
709 2817 748 2849 s,
787 2802 1001 2866 Georgii,
1030 2819 1068 2851 s.
1106 2805 1287 2863 Crucis,
1314 2805 1596 2863 Arborensi,
1623 2805 1903 2864 Cusentino,

132 2883 503 2946 Caputaquensi,
532 2884 840 2934 Salernitano
876 2890 924 2934 et
947 2887 1143 2935 Elnensi
1175 2889 1491 2936 concordiam
1515 2905 1625 2937 cum
1663 2888 1786 2937 duce
1812 2892 1908 2938 Va-

131 2965 332 3025 lentino,
361 2966 426 3014 ibi
451 2983 548 3015 non
578 2973 830 3032 presente;
871 2975 918 3018 et
951 2970 1039 3019 fuit
1067 2972 1294 3019 adstatim
1324 2972 1570 3036 plumbata
1600 2972 1747 3020 bulla.
1784 2975 1909 3021 Con-

132 3048 299 3096 cordia
322 3049 410 3098 fuit
441 3051 571 3113 quod
607 3053 703 3099 dux
739 3057 964 3102 teneatur
1000 3056 1128 3103 infra
1163 3056 1485 3120 quadraginta
1521 3057 1624 3104 dies
1661 3056 1907 3119 assignare

131 3133 260 3194 Pape
284 3137 442 3181 castra
464 3137 647 3184 Cesene
669 3140 716 3184 et
738 3137 956 3185 Forolivii
975 3138 1153 3195 libere:
1181 3140 1377 3187 interim
1400 3143 1530 3204 Papa
1552 3140 1727 3188 debeat
1747 3139 1908 3186 facere

130 3212 287 3276 ipsum
308 3215 481 3264 ducem
503 3209 747 3266 associare
770 3224 815 3267 et
834 3236 1004 3269 secure
1031 3223 1309 3272 conducere
1333 3223 1393 3271 ad
1410 3223 1662 3272 Civitatem
1683 3222 1907 3272 vetulam

132 3299 180 3343 et
204 3296 269 3343 ibi
295 3296 344 3344 in
375 3313 486 3347 arce
525 3302 736 3350 morari:
773 3304 1035 3352 cardinalis
1072 3322 1110 3353 S.
1147 3307 1313 3355 Crucis
1351 3307 1533 3370 recepit
1569 3321 1738 3353 curam
1770 3304 1907 3351 ducis

130 3379 258 3442 quod
283 3395 379 3427 non
403 3382 638 3447 aufugiat;
667 3390 732 3444 et,
751 3390 1009 3450 postquam
1036 3388 1188 3437 dictas
1211 3406 1347 3438 arces
1370 3393 1499 3453 Pape
1525 3388 1902 3452 consignaverit,

129 3462 257 3523 quod
284 3462 458 3511 debeat
488 3481 599 3513 eum
624 3467 871 3520 dimittere
904 3470 1113 3521 liberum
1151 3488 1262 3520 cum
1293 3473 1434 3520 bonis
1471 3472 1568 3519 suis
1599 3472 1667 3520 ire
1698 3486 1794 3534 quo
1822 3486 1907 3518 vo-
