2228 3938
136 372 408 414 {sannen-1501]
577 369 746 406 RERUM
780 365 1079 406 URBANARUM
1114 365 1467 403 COMMENTARH.
1872 367 1918 402 93

138 475 198 523 ab
223 475 347 524 intra
370 479 417 523 et
439 489 583 539 super
607 473 846 530 liminare,
871 473 919 519 et
948 472 1218 518 muratores
1249 469 1458 533 desuper
1479 469 1693 527 calcem3
1719 473 1767 518 et
1785 468 1918 517 ince-

139 562 313 623 perunt
342 574 535 607 murare
569 563 615 606 et
647 557 896 605 obstruere
929 553 1210 618 hujusmodi
1243 558 1450 617 portam,
1494 557 1543 602 et
1581 553 1921 602 continuarunt

139 658 390 707 quousque
409 658 517 691 eam
538 640 751 690 totaliter
768 639 816 687 in
840 637 1167 703 grossitudine
1187 637 1310 686 muri
1330 637 1627 686 clauderent.
1649 639 1803 694 Quam
1820 636 1922 701 pri-

142 742 275 774 mum
307 725 574 774 cardinales
605 727 767 774 essent
794 722 919 771 intra
948 721 1222 781 ecclesiam,
1249 725 1297 770 et
1319 725 1591 770 muratores
1613 724 1916 785 apponerent

142 825 314 859 manus
335 810 573 868 clausure,
589 811 645 857 D.
666 807 859 856 Brutius
876 806 954 870 qui
974 806 1023 853 in
1038 806 1133 854 fine
1152 805 1477 870 processionis
1496 809 1606 854 ante
1623 804 1918 854 cardinalem

142 894 462 943 Mutinensem
481 897 669 958 portam
682 890 1250 956 hujusmodiintraverat,
1277 895 1407 939 stans
1428 890 1554 938 intra
1574 894 1783 954 portam,
1804 888 1923 937 dixit

145 978 430 1042 intelligibili
456 993 569 1026 voce
596 977 746 1025 Pater
772 982 952 1034 noster3
978 990 1073 1038 quo
1102 978 1291 1024 secreto
1320 979 1599 1038 prosecuto,
1625 972 1744 1021 dixit
1775 972 1923 1021 versi-

146 1061 280 1109 culos
301 1065 558 1125 sequentes
579 1077 588 1108 :

210 1167 256 1224 ᾖν.
294 1162 365 1210 Et
382 1180 440 1210 ne
455 1178 538 1210 nos
561 1161 756 1209 inducas
776 1160 824 1208 in
847 1159 1170 1217 tentationem,

218 1247 268 1306 ἢ.
307 1246 407 1294 Sed
422 1246 566 1294 libera
583 1262 667 1294 nos
682 1263 709 1293 a
731 1245 869 1294 malo.

216 1333 264 1391 Ῡ.
300 1331 417 1380 Esto
429 1332 559 1379 nobis
581 1332 722 1379 turris
743 1330 1059 1396 fortitudinis‘,

213 1415 263 1474 ἡ).
303 1415 347 1462 Α
372 1416 499 1480 facie
514 1415 708 1463 inimici.

216 1501 264 1559 ,ἢκ
304 1498 676 1564 Nilzilprofieiat
699 1499 917 1546 inimicus
939 1498 987 1546 in
1009 1497 1159 1554 nobis,

213 1583 264 1642 ἡ.
303 1582 373 1629 Et
387 1583 520 1646 filius
542 1584 803 1647 iniquitatis
822 1599 919 1630 non
939 1589 1103 1630 noceat
1121 1580 1269 1628 nobis.

219 1667 267 1725 Ῡ.
304 1666 444 1713 Mitte
470 1667 617 1725 nobis,
645 1667 869 1724 Domine,
888 1665 1131 1712 ‘auxilium
1152 1663 1208 1711 de
1226 1663 1420 1720 Sancto,

220 1749 271 1809 st.
310 1748 380 1796 Et
394 1748 448 1796 cle
462 1749 580 1797 Sion
604 1758 732 1797 tuere
752 1766 853 1797 nos.

227 1833 274 1892 3⁷.
314 1832 533 1893 Domine,
553 1834 726 1881 eoeaudi
745 1834 1001 1881 orationem
1023 1849 1192 1892 meam,

219 1917 268 1977 ft».
316 1916 386 1964 Et
402 1917 578 1965 elamor
596 1908 727 1965 meus
748 1917 814 1965 ad
829 1925 874 1964 te
896 1918 1065 1964 veniat.

228 2002 276 2060 5⁷.
315 2000 553 2048 Dominus
575 2001 826 2059 vobiscum,

224 2086 273 2145 li).
312 2083 384 2132 Et
403 2100 510 2132 eum
530 2084 717 2147 Spiritu
737 2092 831 2132 tem.

926 2188 1123 2236 OREMUs
1151 2203 1159 2235 :

225 2286 528 2352 Omnipotens
553 2288 831 2351 sempiterne
858 2288 1010 2348 Deus,
1033 2290 1184 2354 diriye
1209 2297 1340 2337 actus
1357 2298 1538 2338 nostros
1558 2291 1614 2338 inv
1629 2289 1741 2338 bene
1758 2290 1938 2353 placito

159 2382 255 2432 tuo,
274 2381 328 2421 ut
349 2373 397 2420 in
419 2372 607 2419 nomine
625 2371 779 2420 dilecti
790 2373 884 2436 sitii
910 2375 979 2421 tui
1005 2391 1270 2422 mereamur
1291 2374 1420 2422 bonis
1441 2374 1653 2439 operibus
1673 2374 1933 2422 abundare.

157 2457 382 2504 Actiones
420 2463 620 2516 nostras,
654 2473 930 2519 quesumus,
960 2457 1184 2518 Domine,
1223 2458 1474 2522 aspirando
1491 2459 1691 2522 preveni
1720 2467 1763 2507 et
1796 2458 1939 2522 adju-

161 2539 309 2587 vando
325 2555 628 2603 prosequere,
666 2547 710 2586 et
739 2549 907 2588 ezeneta
933 2549 1093 2589 nostra
1117 2542 1320 2606 operatio
1343 2559 1370 2589 a
1398 2550 1440 2590 te
1463 2558 1647 2606 semper
1670 2543 1865 2606 incipiat
1897 2550 1939 2588 et

149 2641 239 2687 per
261 2630 302 2671 te
323 2623 507 2686 incepta
527 2623 742 2677 liniatur.
766 2623 865 2670 Per
891 2623 1135 2672 Christum
1159 2626 1422 2673 Dominum
1441 2634 1670 2674 nostrum.

209 2734 410 2791 Quibus
432 2735 588 2796 dictis,
612 2737 861 2800 processio
887 2741 934 2786 et
956 2738 1224 2787 cardinales
1247 2755 1358 2788 cum
1380 2756 1550 2788 eorum
1574 2740 1758 2790 familia
1780 2756 1941 2791 reces*

161 2822 326 2866 serunt
356 2818 403 2866 in
432 2820 629 2868 nomine
664 2820 875 2868 Domini.
901 2823 1171 2871 Muratores
1193 2839 1291 2871 non
1318 2828 1569 2891 cessarunt
1590 2831 1940 2889 quousque-to-

161 2906 260 2950 tam
281 2894 476 2966 'portam
500 2903 834 2963 obstruerent3
859 2905 1027 2969 prelati
1048 2911 1096 2955 et
1117 2907 1353 2972 capellani
1385 2912 1642 2972 sequentes
1674 2908 1940 2958 cardinales

163 3000 260 3033 non
281 2977 577 3035 intraverunt
599 3003 687 3052 per
704 2993 890 3053 portam
921 3006 1136 3050 auream,
1163 2991 1250 3041 sed
1267 2991 1409 3040 aliam
1425 2991 1769 3042 collateralem.

228 3062 335 3118 Hoc¹
353 3086 512 3130 mane,
538 3071 662 3120 infra
682 3063 879 3122 missam
902 3062 1179 3123 solemnem*
1194 3074 1242 3123 in
1267 3076 1453 3140 capella
1471 3076 1645 3141 majori
1667 3077 1944 3142 supradicta

164 3152 476 3214 celebratam,
504 3160 556 3203 ut
588 3155 846 3220 prefertur,
887 3157 1002 3206 dum
1035 3144 1280 3208 diceretur
1300 3168 1346 3208 et
1363 3161 1411 3207 in
1447 3160 1684 3225 terra,·de
1717 3161 1944 3210 mandato

166 3237 250 3283 SS.
284 3239 341 3285 D.
367 3240 422 3286 N.
454 3241 582 3302 Pape
602 3239 711 3288 dedi
734 3240 896 3289 locum
917 3242 1045 3291 inter
1061 3243 1273 3306 prelatos
1296 3244 1578 3293 assistentes
1601 3247 1656 3292 R.
1680 3244 1729 3291 in
1761 3245 1947 3293 Christo

169 3319 220 3364 P.
265 3311 476 3381 Creslao,
502 3323 731 3388 episcopo
753 3311 1170 3386 Wladislaviensi,
1211 3327 1500 3376 cancellario
1526 3328 1660 3391 regni
1684 3327 1880 3375 Polonie
1905 3330 1950 3374 et

169 3400 225 3446 R.
253 3402 304 3448 P.
330 3405 386 3450 D.
409 3406 773 3472 archiepiscopo
796 3409 1104 3473 Leopoliensi
1128 3411 1209 3473 qui
1238 3411 1285 3458 in
1306 3411 1463 3474 primo
1486 3426 1612 3459 anno
1641 3426 1725 3458 seu
1747 3410 1794 3456 in
1816 3409 1947 3472 prin-

169 3481 294 3546 cipio
310 3487 564 3536 creationis
587 3491 671 3538 SS.
689 3493 744 3538 D.
764 3492 915 3539 nostri
937 3508 1026 3556 per
1043 3494 1357 3543 Sanctitatem
1377 3509 1511 3542 suam
1526 3494 1650 3542 inter
1663 3492 1946 3540 assistentes
