<?xml version="1.0" encoding="UTF-8"?>
<!DOCTYPE html PUBLIC "-//W3C//DTD XHTML 1.0 Transitional//EN"
    "http://www.w3.org/TR/xhtml1/DTD/xhtml1-transitional.dtd">
<html xmlns="http://www.w3.org/1999/xhtml" xml:lang="en" lang="en">
 <head>
  <title>
</title>
<meta http-equiv="Content-Type" content="text/html;charset=utf-8" />
  <meta name='ocr-system' content='tesseract 3.04.00' />
  <meta name='ocr-capabilities' content='ocr_page ocr_carea ocr_par ocr_line ocrx_word'/>
</head>
<body>
  <div class='ocr_page' id='page_1' title='image "./diariumsivererum03burcuoft_0284.png"; bbox 0 0 2228 3938; ppageno 0'>
   <div class='ocr_carea' id='block_1_1' title="bbox 305 391 2074 438">
    <p class='ocr_par' dir='ltr' id='par_1_1' title="bbox 305 391 2074 438">
     <span class='ocr_line' id='line_1_1' title="bbox 305 391 2074 438; baseline 0 -7"><span class='ocrx_word' id='word_1_1' title='bbox 305 395 375 432; x_wconf 80' lang='lat'>202</span> <span class='ocrx_word' id='word_1_2' title='bbox 910 394 928 430; x_wconf 90' lang='lat' dir='ltr'>J</span> <span class='ocrx_word' id='word_1_3' title='bbox 932 392 1093 430; x_wconf 88' lang='lat' dir='ltr'>OHANN</span> <span class='ocrx_word' id='word_1_4' title='bbox 1097 393 1140 430; x_wconf 89' lang='lat' dir='ltr'>IS</span> <span class='ocrx_word' id='word_1_5' title='bbox 1173 391 1468 438; x_wconf 85' lang='lat' dir='ltr'>BURCHARDI,</span> <span class='ocrx_word' id='word_1_6' title='bbox 1850 395 1956 434; x_wconf 70' lang='lat' dir='ltr'>[Maru</span> <span class='ocrx_word' id='word_1_7' title='bbox 1981 398 2074 435; x_wconf 80' lang='lat'>15⁰2]</span> 
     </span>
    </p>
   </div>
   <div class='ocr_carea' id='block_1_2' title="bbox 272 494 2088 3566">
    <p class='ocr_par' dir='ltr' id='par_1_2' title="bbox 306 494 2076 728">
     <span class='ocr_line' id='line_1_2' title="bbox 308 494 2075 560; baseline 0.001 -15"><span class='ocrx_word' id='word_1_8' title='bbox 308 513 393 545; x_wconf 84' lang='lat' dir='ltr'>sua</span> <span class='ocrx_word' id='word_1_9' title='bbox 417 500 580 560; x_wconf 89' lang='lat' dir='ltr'>posset</span> <span class='ocrx_word' id='word_1_10' title='bbox 606 496 767 544; x_wconf 89' lang='lat' dir='ltr'>venire</span> <span class='ocrx_word' id='word_1_11' title='bbox 795 496 856 543; x_wconf 90' lang='lat' dir='ltr'>ad</span> <span class='ocrx_word' id='word_1_12' title='bbox 878 497 1137 545; x_wconf 87' lang='lat' dir='ltr'>Minervam</span> <span class='ocrx_word' id='word_1_13' title='bbox 1171 497 1267 545; x_wconf 91' lang='lat' dir='ltr'>sive</span> <span class='ocrx_word' id='word_1_14' title='bbox 1297 512 1412 554; x_wconf 90' lang='lat' dir='ltr'>non,</span> <span class='ocrx_word' id='word_1_15' title='bbox 1448 494 1660 543; x_wconf 85' lang='lat' dir='ltr'>officium</span> <span class='ocrx_word' id='word_1_16' title='bbox 1693 497 2075 547; x_wconf 76' lang='lat' dir='ltr'>annunciationis</span> 
     </span>
     <span class='ocr_line' id='line_1_3' title="bbox 307 579 2076 644; baseline 0.001 -16"><span class='ocrx_word' id='word_1_17' title='bbox 307 582 626 644; x_wconf 76' lang='lat' dir='ltr'>perageretur</span> <span class='ocrx_word' id='word_1_18' title='bbox 647 579 775 627; x_wconf 84' lang='lat' dir='ltr'>dicta</span> <span class='ocrx_word' id='word_1_19' title='bbox 803 579 879 628; x_wconf 90' lang='lat' dir='ltr'>die</span> <span class='ocrx_word' id='word_1_20' title='bbox 901 579 948 627; x_wconf 90' lang='lat' dir='ltr'>in</span> <span class='ocrx_word' id='word_1_21' title='bbox 974 581 1206 639; x_wconf 88' lang='lat' dir='ltr'>Minerva,</span> <span class='ocrx_word' id='word_1_22' title='bbox 1231 581 1281 627; x_wconf 90' lang='lat' dir='ltr'>in</span> <span class='ocrx_word' id='word_1_23' title='bbox 1308 583 1600 628; x_wconf 83' lang='lat' dir='ltr'>RRmorum.</span> <span class='ocrx_word' id='word_1_24' title='bbox 1629 582 1730 628; x_wconf 88' lang='lat' dir='ltr'>DD.</span> <span class='ocrx_word' id='word_1_25' title='bbox 1762 579 2076 630; x_wconf 78' lang='lat' dir='ltr'>cardinalium</span> 
     </span>
     <span class='ocr_line' id='line_1_4' title="bbox 306 664 565 728; baseline 0.004 -18"><span class='ocrx_word' id='word_1_26' title='bbox 306 664 565 728; x_wconf 79' lang='lat' dir='ltr'>presentia.</span> 
     </span>
    </p>

    <p class='ocr_par' dir='ltr' id='par_1_3' title="bbox 272 746 2088 3218">
     <span class='ocr_line' id='line_1_5' title="bbox 371 746 2074 811; baseline 0.001 -17"><span class='ocrx_word' id='word_1_27' title='bbox 371 747 625 795; x_wconf 88' lang='lat' dir='ltr'>Dominica</span> <span class='ocrx_word' id='word_1_28' title='bbox 645 746 849 807; x_wconf 89' lang='lat' dir='ltr'>Pasche,</span> <span class='ocrx_word' id='word_1_29' title='bbox 875 750 933 797; x_wconf 80' lang='lat'>27</span> <span class='ocrx_word' id='word_1_30' title='bbox 960 747 1140 796; x_wconf 87' lang='lat' dir='ltr'>mensis</span> <span class='ocrx_word' id='word_1_31' title='bbox 1162 747 1336 806; x_wconf 85' lang='lat' dir='ltr'>martii,</span> <span class='ocrx_word' id='word_1_32' title='bbox 1364 746 1491 795; x_wconf 88' lang='lat' dir='ltr'>circa</span> <span class='ocrx_word' id='word_1_33' title='bbox 1507 747 1679 795; x_wconf 87' lang='lat' dir='ltr'>horam</span> <span class='ocrx_word' id='word_1_34' title='bbox 1701 747 2074 811; x_wconf 76' lang='lat' dir='ltr'>quindecimam,</span> 
     </span>
     <span class='ocr_line' id='line_1_6' title="bbox 307 830 2081 895; baseline 0.001 -16"><span class='ocrx_word' id='word_1_35' title='bbox 307 831 388 880; x_wconf 91' lang='lat' dir='ltr'>SS.</span> <span class='ocrx_word' id='word_1_36' title='bbox 419 832 475 877; x_wconf 95' lang='lat' dir='ltr'>D.</span> <span class='ocrx_word' id='word_1_37' title='bbox 504 833 670 878; x_wconf 87' lang='lat' dir='ltr'>noster</span> <span class='ocrx_word' id='word_1_38' title='bbox 691 830 819 879; x_wconf 91' lang='lat' dir='ltr'>venit</span> <span class='ocrx_word' id='word_1_39' title='bbox 854 831 1281 894; x_wconf 75' lang='lat' dir='ltr'>processionaliter</span> <span class='ocrx_word' id='word_1_40' title='bbox 1313 832 1372 878; x_wconf 86' lang='lat' dir='ltr'>ad</span> <span class='ocrx_word' id='word_1_41' title='bbox 1398 830 1645 878; x_wconf 86' lang='lat' dir='ltr'>basilicam</span> <span class='ocrx_word' id='word_1_42' title='bbox 1681 846 1719 878; x_wconf 80' lang='lat' dir='ltr'>s,</span> <span class='ocrx_word' id='word_1_43' title='bbox 1755 830 1881 878; x_wconf 89' lang='lat' dir='ltr'>Petri</span> <span class='ocrx_word' id='word_1_44' title='bbox 1913 831 1962 878; x_wconf 90' lang='lat' dir='ltr'>in</span> <span class='ocrx_word' id='word_1_45' title='bbox 1987 846 2081 895; x_wconf 85' lang='lat' dir='ltr'>qua</span> 
     </span>
     <span class='ocr_line' id='line_1_7' title="bbox 306 913 2075 978; baseline 0.001 -17"><span class='ocrx_word' id='word_1_46' title='bbox 306 913 568 963; x_wconf 88' lang='lat' dir='ltr'>celebravit</span> <span class='ocrx_word' id='word_1_47' title='bbox 602 914 800 962; x_wconf 89' lang='lat' dir='ltr'>missam</span> <span class='ocrx_word' id='word_1_48' title='bbox 831 915 1098 963; x_wconf 92' lang='lat' dir='ltr'>solemnem</span> <span class='ocrx_word' id='word_1_49' title='bbox 1129 918 1294 963; x_wconf 90' lang='lat' dir='ltr'>Rmus.</span> <span class='ocrx_word' id='word_1_50' title='bbox 1331 918 1387 962; x_wconf 92' lang='lat' dir='ltr'>D.</span> <span class='ocrx_word' id='word_1_51' title='bbox 1426 913 1681 961; x_wconf 88' lang='lat' dir='ltr'>cardinalis</span> <span class='ocrx_word' id='word_1_52' title='bbox 1705 914 2075 978; x_wconf 86' lang='lat' dir='ltr'>Neapolitanus:</span> 
     </span>
     <span class='ocr_line' id='line_1_8' title="bbox 305 986 2073 1061; baseline 0 -16"><span class='ocrx_word' id='word_1_53' title='bbox 305 997 393 1046; x_wconf 83' lang='lat' dir='ltr'>fuit</span> <span class='ocrx_word' id='word_1_54' title='bbox 418 997 648 1046; x_wconf 84' lang='lat' dir='ltr'>assistens</span> <span class='ocrx_word' id='word_1_55' title='bbox 683 986 926 1058; x_wconf 84' lang='lat' dir='ltr'>Medices;</span> <span class='ocrx_word' id='word_1_56' title='bbox 963 998 1170 1047; x_wconf 87' lang='lat' dir='ltr'>cantavit</span> <span class='ocrx_word' id='word_1_57' title='bbox 1203 997 1503 1061; x_wconf 89' lang='lat' dir='ltr'>evangelium</span> <span class='ocrx_word' id='word_1_58' title='bbox 1536 997 1738 1045; x_wconf 90' lang='lat' dir='ltr'>latinum</span> <span class='ocrx_word' id='word_1_59' title='bbox 1774 1001 1831 1046; x_wconf 89' lang='lat' dir='ltr'>D.</span> <span class='ocrx_word' id='word_1_60' title='bbox 1864 997 2073 1058; x_wconf 84' lang='lat' dir='ltr'>Alexius,</span> 
     </span>
     <span class='ocr_line' id='line_1_9' title="bbox 306 1081 2078 1147; baseline 0.001 -18"><span class='ocrx_word' id='word_1_61' title='bbox 306 1081 561 1147; x_wconf 86' lang='lat' dir='ltr'>episcopus</span> <span class='ocrx_word' id='word_1_62' title='bbox 586 1082 967 1146; x_wconf 85' lang='lat' dir='ltr'>Gallipolitanus,</span> <span class='ocrx_word' id='word_1_63' title='bbox 999 1082 1252 1146; x_wconf 89' lang='lat' dir='ltr'>epistolam</span> <span class='ocrx_word' id='word_1_64' title='bbox 1276 1082 1476 1130; x_wconf 89' lang='lat' dir='ltr'>latinam</span> <span class='ocrx_word' id='word_1_65' title='bbox 1505 1084 1561 1129; x_wconf 89' lang='lat' dir='ltr'>D.</span> <span class='ocrx_word' id='word_1_66' title='bbox 1590 1082 1911 1130; x_wconf 90' lang='lat' dir='ltr'>Bernardinus</span> <span class='ocrx_word' id='word_1_67' title='bbox 1934 1084 2078 1130; x_wconf 90' lang='lat' dir='ltr'>Gam-</span> 
     </span>
     <span class='ocr_line' id='line_1_10' title="bbox 305 1164 2077 1230; baseline 0.001 -18"><span class='ocrx_word' id='word_1_68' title='bbox 305 1164 420 1214; x_wconf 84' lang='lat' dir='ltr'>hara</span> <span class='ocrx_word' id='word_1_69' title='bbox 434 1165 614 1230; x_wconf 88' lang='lat' dir='ltr'>junior,</span> <span class='ocrx_word' id='word_1_70' title='bbox 646 1181 839 1230; x_wconf 86' lang='lat' dir='ltr'>grecam</span> <span class='ocrx_word' id='word_1_71' title='bbox 863 1168 920 1214; x_wconf 94' lang='lat' dir='ltr'>D.</span> <span class='ocrx_word' id='word_1_72' title='bbox 947 1166 1237 1214; x_wconf 88' lang='lat' dir='ltr'>Demetrius.</span> <span class='ocrx_word' id='word_1_73' title='bbox 1267 1165 1478 1214; x_wconf 88' lang='lat' dir='ltr'>Primam</span> <span class='ocrx_word' id='word_1_74' title='bbox 1505 1180 1677 1228; x_wconf 89' lang='lat' dir='ltr'>aquam</span> <span class='ocrx_word' id='word_1_75' title='bbox 1704 1165 1926 1213; x_wconf 87' lang='lat' dir='ltr'>manibus</span> <span class='ocrx_word' id='word_1_76' title='bbox 1950 1167 2077 1229; x_wconf 88' lang='lat' dir='ltr'>Pape</span> 
     </span>
     <span class='ocr_line' id='line_1_11' title="bbox 305 1248 2078 1308; baseline 0 -12"><span class='ocrx_word' id='word_1_77' title='bbox 305 1248 436 1297; x_wconf 82' lang='lat' dir='ltr'>dedit</span> <span class='ocrx_word' id='word_1_78' title='bbox 459 1253 623 1297; x_wconf 85' lang='lat' dir='ltr'>orator</span> <span class='ocrx_word' id='word_1_79' title='bbox 645 1252 878 1308; x_wconf 88' lang='lat' dir='ltr'>Venetus,</span> <span class='ocrx_word' id='word_1_80' title='bbox 911 1249 1175 1297; x_wconf 89' lang='lat' dir='ltr'>secundam</span> <span class='ocrx_word' id='word_1_81' title='bbox 1200 1253 1412 1308; x_wconf 90' lang='lat' dir='ltr'>senator,</span> <span class='ocrx_word' id='word_1_82' title='bbox 1446 1249 1639 1297; x_wconf 77' lang='lat' dir='ltr'>tertiam</span> <span class='ocrx_word' id='word_1_83' title='bbox 1666 1249 1892 1308; x_wconf 82' lang='lat' dir='ltr'>Jacobus,</span> <span class='ocrx_word' id='word_1_84' title='bbox 1921 1249 2078 1297; x_wconf 80' lang='lat' dir='ltr'>infans</span> 
     </span>
     <span class='ocr_line' id='line_1_12' title="bbox 272 1332 2079 1397; baseline -0.001 -15"><span class='ocrx_word' id='word_1_85' title='bbox 272 1372 276 1375; x_wconf 79' lang='grc'>.</span> <span class='ocrx_word' id='word_1_86' title='bbox 303 1333 530 1395; x_wconf 87' lang='lat' dir='ltr'>Navarre,</span> <span class='ocrx_word' id='word_1_87' title='bbox 561 1336 785 1397; x_wconf 87' lang='lat' dir='ltr'>quartam</span> <span class='ocrx_word' id='word_1_88' title='bbox 810 1333 903 1380; x_wconf 87' lang='lat' dir='ltr'>dux</span> <span class='ocrx_word' id='word_1_89' title='bbox 931 1333 1286 1383; x_wconf 88' lang='lat' dir='ltr'>Valentinensis</span> <span class='ocrx_word' id='word_1_90' title='bbox 1307 1333 1387 1396; x_wconf 93' lang='lat' dir='ltr'>qui</span> <span class='ocrx_word' id='word_1_91' title='bbox 1416 1349 1514 1381; x_wconf 92' lang='lat' dir='ltr'>non</span> <span class='ocrx_word' id='word_1_92' title='bbox 1542 1333 1670 1381; x_wconf 87' lang='lat' dir='ltr'>venit</span> <span class='ocrx_word' id='word_1_93' title='bbox 1691 1333 1751 1380; x_wconf 93' lang='lat' dir='ltr'>ad</span> <span class='ocrx_word' id='word_1_94' title='bbox 1777 1332 2079 1382; x_wconf 88' lang='lat' dir='ltr'>communio-</span> 
     </span>
     <span class='ocr_line' id='line_1_13' title="bbox 303 1416 2080 1480; baseline 0 -17"><span class='ocrx_word' id='word_1_95' title='bbox 303 1431 415 1464; x_wconf 92' lang='lat' dir='ltr'>nem</span> <span class='ocrx_word' id='word_1_96' title='bbox 442 1420 489 1465; x_wconf 92' lang='lat' dir='ltr'>et</span> <span class='ocrx_word' id='word_1_97' title='bbox 518 1416 666 1466; x_wconf 87' lang='lat' dir='ltr'>voluit</span> <span class='ocrx_word' id='word_1_98' title='bbox 691 1417 819 1464; x_wconf 90' lang='lat' dir='ltr'>idem</span> <span class='ocrx_word' id='word_1_99' title='bbox 850 1416 943 1464; x_wconf 83' lang='lat' dir='ltr'>dux</span> <span class='ocrx_word' id='word_1_100' title='bbox 976 1417 1106 1479; x_wconf 92' lang='lat' dir='ltr'>quod</span> <span class='ocrx_word' id='word_1_101' title='bbox 1141 1417 1336 1480; x_wconf 90' lang='lat' dir='ltr'>quidam</span> <span class='ocrx_word' id='word_1_102' title='bbox 1361 1416 1537 1464; x_wconf 87' lang='lat' dir='ltr'>nobilis</span> <span class='ocrx_word' id='word_1_103' title='bbox 1570 1432 1684 1464; x_wconf 91' lang='lat' dir='ltr'>suus</span> <span class='ocrx_word' id='word_1_104' title='bbox 1717 1416 1899 1464; x_wconf 87' lang='lat' dir='ltr'>ordinis</span> <span class='ocrx_word' id='word_1_105' title='bbox 1930 1431 1969 1464; x_wconf 89' lang='lat' dir='ltr'>s.</span> <span class='ocrx_word' id='word_1_106' title='bbox 1997 1418 2080 1463; x_wconf 82' lang='lat' dir='ltr'>Jo-</span> 
     </span>
     <span class='ocr_line' id='line_1_14' title="bbox 304 1499 2080 1566; baseline 0.001 -21"><span class='ocrx_word' id='word_1_107' title='bbox 304 1499 478 1548; x_wconf 88' lang='lat' dir='ltr'>hannis</span> <span class='ocrx_word' id='word_1_108' title='bbox 504 1499 931 1564; x_wconf 85' lang='lat' dir='ltr'>Hierosolymitani</span> <span class='ocrx_word' id='word_1_109' title='bbox 957 1503 1105 1547; x_wconf 83' lang='lat' dir='ltr'>staret</span> <span class='ocrx_word' id='word_1_110' title='bbox 1131 1500 1191 1547; x_wconf 90' lang='lat' dir='ltr'>ad</span> <span class='ocrx_word' id='word_1_111' title='bbox 1214 1500 1394 1564; x_wconf 88' lang='lat' dir='ltr'>gradus</span> <span class='ocrx_word' id='word_1_112' title='bbox 1423 1499 1530 1547; x_wconf 90' lang='lat' dir='ltr'>solii</span> <span class='ocrx_word' id='word_1_113' title='bbox 1557 1502 1706 1566; x_wconf 88' lang='lat' dir='ltr'>Pape,</span> <span class='ocrx_word' id='word_1_114' title='bbox 1731 1504 1779 1548; x_wconf 88' lang='lat' dir='ltr'>et</span> <span class='ocrx_word' id='word_1_115' title='bbox 1802 1499 1899 1559; x_wconf 90' lang='lat' dir='ltr'>ille,</span> <span class='ocrx_word' id='word_1_116' title='bbox 1933 1515 1993 1547; x_wconf 90' lang='lat' dir='ltr'>ne</span> <span class='ocrx_word' id='word_1_117' title='bbox 2020 1499 2080 1547; x_wconf 91' lang='lat' dir='ltr'>de</span> 
     </span>
     <span class='ocr_line' id='line_1_15' title="bbox 304 1581 2085 1646; baseline 0 -15"><span class='ocrx_word' id='word_1_118' title='bbox 304 1581 536 1645; x_wconf 86' lang='lat' dir='ltr'>religione</span> <span class='ocrx_word' id='word_1_119' title='bbox 572 1582 615 1629; x_wconf 88' lang='lat' dir='ltr'>ei</span> <span class='ocrx_word' id='word_1_120' title='bbox 641 1586 991 1646; x_wconf 88' lang='lat' dir='ltr'>opponeretur,</span> <span class='ocrx_word' id='word_1_121' title='bbox 1021 1582 1244 1645; x_wconf 87' lang='lat' dir='ltr'>deposuit</span> <span class='ocrx_word' id='word_1_122' title='bbox 1279 1597 1475 1630; x_wconf 89' lang='lat' dir='ltr'>crucem</span> <span class='ocrx_word' id='word_1_123' title='bbox 1511 1599 1594 1630; x_wconf 94' lang='lat' dir='ltr'>seu</span> <span class='ocrx_word' id='word_1_124' title='bbox 1625 1583 1821 1630; x_wconf 90' lang='lat' dir='ltr'>indutus</span> <span class='ocrx_word' id='word_1_125' title='bbox 1852 1587 1924 1631; x_wconf 90' lang='lat' dir='ltr'>est</span> <span class='ocrx_word' id='word_1_126' title='bbox 1952 1586 2085 1631; x_wconf 88' lang='lat' dir='ltr'>veste</span> 
     </span>
     <span class='ocr_line' id='line_1_16' title="bbox 306 1664 2088 1729; baseline 0 -16"><span class='ocrx_word' id='word_1_127' title='bbox 306 1666 411 1714; x_wconf 89' lang='lat' dir='ltr'>sine</span> <span class='ocrx_word' id='word_1_128' title='bbox 434 1681 594 1714; x_wconf 87' lang='lat' dir='ltr'>cruce.</span> <span class='ocrx_word' id='word_1_129' title='bbox 624 1667 722 1729; x_wconf 89' lang='lat' dir='ltr'>Ego</span> <span class='ocrx_word' id='word_1_130' title='bbox 748 1665 1021 1729; x_wconf 90' lang='lat' dir='ltr'>intelligens</span> <span class='ocrx_word' id='word_1_131' title='bbox 1043 1664 1336 1715; x_wconf 87' lang='lat' dir='ltr'>voluntatem</span> <span class='ocrx_word' id='word_1_132' title='bbox 1369 1665 1502 1713; x_wconf 87' lang='lat' dir='ltr'>ducis</span> <span class='ocrx_word' id='word_1_133' title='bbox 1529 1670 1577 1713; x_wconf 89' lang='lat' dir='ltr'>et</span> <span class='ocrx_word' id='word_1_134' title='bbox 1606 1666 1735 1729; x_wconf 88' lang='lat' dir='ltr'>quod</span> <span class='ocrx_word' id='word_1_135' title='bbox 1765 1681 1863 1714; x_wconf 92' lang='lat' dir='ltr'>non</span> <span class='ocrx_word' id='word_1_136' title='bbox 1895 1665 2088 1729; x_wconf 71' lang='lat' dir='ltr'>negavit</span> 
     </span>
     <span class='ocr_line' id='line_1_17' title="bbox 303 1749 2081 1814; baseline -0.001 -16"><span class='ocrx_word' id='word_1_137' title='bbox 303 1749 612 1814; x_wconf 82' lang='lat' dir='ltr'>religionem,</span> <span class='ocrx_word' id='word_1_138' title='bbox 639 1749 837 1813; x_wconf 88' lang='lat' dir='ltr'>permisi</span> <span class='ocrx_word' id='word_1_139' title='bbox 860 1764 969 1798; x_wconf 89' lang='lat' dir='ltr'>eum</span> <span class='ocrx_word' id='word_1_140' title='bbox 1001 1753 1129 1798; x_wconf 86' lang='lat' dir='ltr'>stare</span> <span class='ocrx_word' id='word_1_141' title='bbox 1155 1749 1279 1797; x_wconf 87' lang='lat' dir='ltr'>inter</span> <span class='ocrx_word' id='word_1_142' title='bbox 1302 1749 1488 1798; x_wconf 89' lang='lat' dir='ltr'>nobiles</span> <span class='ocrx_word' id='word_1_143' title='bbox 1524 1753 1568 1798; x_wconf 85' lang='lat' dir='ltr'>et</span> <span class='ocrx_word' id='word_1_144' title='bbox 1604 1750 1789 1813; x_wconf 83' lang='lat' dir='ltr'>gradus</span> <span class='ocrx_word' id='word_1_145' title='bbox 1817 1749 2081 1813; x_wconf 76' lang='lat' dir='ltr'>predictos,</span> 
     </span>
     <span class='ocr_line' id='line_1_18' title="bbox 306 1832 2084 1899; baseline -0.001 -17"><span class='ocrx_word' id='word_1_146' title='bbox 306 1835 452 1899; x_wconf 87' lang='lat' dir='ltr'>Papa,</span> <span class='ocrx_word' id='word_1_147' title='bbox 483 1837 592 1881; x_wconf 86' lang='lat' dir='ltr'>ante</span> <span class='ocrx_word' id='word_1_148' title='bbox 618 1833 977 1882; x_wconf 85' lang='lat' dir='ltr'>inchoationem</span> <span class='ocrx_word' id='word_1_149' title='bbox 1006 1833 1264 1882; x_wconf 87' lang='lat' dir='ltr'>tertiarum</span> <span class='ocrx_word' id='word_1_150' title='bbox 1292 1833 1477 1897; x_wconf 87' lang='lat' dir='ltr'>accepit</span> <span class='ocrx_word' id='word_1_151' title='bbox 1504 1833 1775 1882; x_wconf 89' lang='lat' dir='ltr'>cardinales</span> <span class='ocrx_word' id='word_1_152' title='bbox 1801 1836 1848 1881; x_wconf 87' lang='lat' dir='ltr'>et</span> <span class='ocrx_word' id='word_1_153' title='bbox 1872 1832 2084 1897; x_wconf 89' lang='lat' dir='ltr'>prelatos</span> 
     </span>
     <span class='ocr_line' id='line_1_19' title="bbox 304 1916 2084 1980; baseline -0.001 -15"><span class='ocrx_word' id='word_1_154' title='bbox 304 1916 365 1965; x_wconf 92' lang='lat' dir='ltr'>ad</span> <span class='ocrx_word' id='word_1_155' title='bbox 388 1917 715 1965; x_wconf 87' lang='lat' dir='ltr'>reverentiam</span> <span class='ocrx_word' id='word_1_156' title='bbox 737 1917 785 1965; x_wconf 91' lang='lat' dir='ltr'>in</span> <span class='ocrx_word' id='word_1_157' title='bbox 808 1932 979 1980; x_wconf 90' lang='lat' dir='ltr'>regno,</span> <span class='ocrx_word' id='word_1_158' title='bbox 1001 1932 1087 1980; x_wconf 93' lang='lat' dir='ltr'>per</span> <span class='ocrx_word' id='word_1_159' title='bbox 1111 1916 1511 1966; x_wconf 90' lang='lat' dir='ltr'>inadvertentiam</span> <span class='ocrx_word' id='word_1_160' title='bbox 1537 1916 1652 1964; x_wconf 91' lang='lat' dir='ltr'>socii</span> <span class='ocrx_word' id='word_1_161' title='bbox 1674 1916 1768 1964; x_wconf 92' lang='lat' dir='ltr'>mei</span> <span class='ocrx_word' id='word_1_162' title='bbox 1791 1916 1871 1980; x_wconf 92' lang='lat' dir='ltr'>qui</span> <span class='ocrx_word' id='word_1_163' title='bbox 1896 1931 2006 1964; x_wconf 89' lang='lat' dir='ltr'>cum</span> <span class='ocrx_word' id='word_1_164' title='bbox 2025 1929 2084 1964; x_wconf 83' lang='lat' dir='ltr'>eo</span> 
     </span>
     <span class='ocr_line' id='line_1_20' title="bbox 305 2000 2084 2064; baseline -0.001 -15"><span class='ocrx_word' id='word_1_165' title='bbox 305 2003 425 2059; x_wconf 89' lang='lat' dir='ltr'>erat,</span> <span class='ocrx_word' id='word_1_166' title='bbox 458 2016 536 2049; x_wconf 92' lang='lat' dir='ltr'>me</span> <span class='ocrx_word' id='word_1_167' title='bbox 569 2001 700 2049; x_wconf 89' lang='lat' dir='ltr'>circa</span> <span class='ocrx_word' id='word_1_168' title='bbox 733 2000 897 2049; x_wconf 88' lang='lat' dir='ltr'>nescio</span> <span class='ocrx_word' id='word_1_169' title='bbox 925 2015 1018 2063; x_wconf 92' lang='lat' dir='ltr'>que</span> <span class='ocrx_word' id='word_1_170' title='bbox 1052 2000 1304 2063; x_wconf 90' lang='lat' dir='ltr'>impedito.</span> <span class='ocrx_word' id='word_1_171' title='bbox 1339 2000 1541 2048; x_wconf 89' lang='lat' dir='ltr'>Baculus</span> <span class='ocrx_word' id='word_1_172' title='bbox 1572 2000 1727 2048; x_wconf 86' lang='lat' dir='ltr'>crucis</span> <span class='ocrx_word' id='word_1_173' title='bbox 1757 2000 1839 2064; x_wconf 91' lang='lat' dir='ltr'>qui</span> <span class='ocrx_word' id='word_1_174' title='bbox 1864 2001 2084 2063; x_wconf 84' lang='lat' dir='ltr'>portatur</span> 
     </span>
     <span class='ocr_line' id='line_1_21' title="bbox 305 2083 2086 2149; baseline -0.002 -16"><span class='ocrx_word' id='word_1_175' title='bbox 305 2088 416 2133; x_wconf 87' lang='lat' dir='ltr'>ante</span> <span class='ocrx_word' id='word_1_176' title='bbox 439 2087 619 2149; x_wconf 91' lang='lat' dir='ltr'>Papam</span> <span class='ocrx_word' id='word_1_177' title='bbox 644 2084 790 2132; x_wconf 88' lang='lat' dir='ltr'>hodie</span> <span class='ocrx_word' id='word_1_178' title='bbox 813 2084 993 2132; x_wconf 88' lang='lat' dir='ltr'>fractus</span> <span class='ocrx_word' id='word_1_179' title='bbox 1016 2087 1089 2131; x_wconf 87' lang='lat' dir='ltr'>est</span> <span class='ocrx_word' id='word_1_180' title='bbox 1108 2099 1196 2147; x_wconf 90' lang='lat' dir='ltr'>per</span> <span class='ocrx_word' id='word_1_181' title='bbox 1211 2083 1443 2142; x_wconf 85' lang='lat' dir='ltr'>medium,</span> <span class='ocrx_word' id='word_1_182' title='bbox 1468 2083 1628 2146; x_wconf 90' lang='lat' dir='ltr'>itaque</span> <span class='ocrx_word' id='word_1_183' title='bbox 1654 2098 1751 2132; x_wconf 91' lang='lat' dir='ltr'>non</span> <span class='ocrx_word' id='word_1_184' title='bbox 1770 2083 1928 2147; x_wconf 90' lang='lat' dir='ltr'>potuit</span> <span class='ocrx_word' id='word_1_185' title='bbox 1948 2097 2086 2131; x_wconf 88' lang='lat' dir='ltr'>com-</span> 
     </span>
     <span class='ocr_line' id='line_1_22' title="bbox 305 2166 2085 2232; baseline -0.001 -16"><span class='ocrx_word' id='word_1_186' title='bbox 305 2168 447 2216; x_wconf 90' lang='lat' dir='ltr'>mode</span> <span class='ocrx_word' id='word_1_187' title='bbox 471 2168 671 2232; x_wconf 88' lang='lat' dir='ltr'>portari.</span> <span class='ocrx_word' id='word_1_188' title='bbox 701 2170 845 2231; x_wconf 90' lang='lat' dir='ltr'>Papa,</span> <span class='ocrx_word' id='word_1_189' title='bbox 873 2167 921 2215; x_wconf 91' lang='lat' dir='ltr'>in</span> <span class='ocrx_word' id='word_1_190' title='bbox 944 2167 1178 2215; x_wconf 86' lang='lat' dir='ltr'>fractione</span> <span class='ocrx_word' id='word_1_191' title='bbox 1211 2167 1373 2222; x_wconf 82' lang='lat' dir='ltr'>hostie</span> <span class='ocrx_word' id='word_1_192' title='bbox 1405 2167 1635 2231; x_wconf 91' lang='lat' dir='ltr'>imposuit</span> <span class='ocrx_word' id='word_1_193' title='bbox 1665 2166 1951 2231; x_wconf 86' lang='lat' dir='ltr'>particulam</span> <span class='ocrx_word' id='word_1_194' title='bbox 1979 2181 2085 2214; x_wconf 90' lang='lat' dir='ltr'>san-</span> 
     </span>
     <span class='ocr_line' id='line_1_23' title="bbox 305 2250 2080 2316; baseline -0.001 -17"><span class='ocrx_word' id='word_1_195' title='bbox 305 2251 461 2316; x_wconf 85' lang='lat' dir='ltr'>guinis</span> <span class='ocrx_word' id='word_1_196' title='bbox 491 2251 539 2300; x_wconf 94' lang='lat' dir='ltr'>in</span> <span class='ocrx_word' id='word_1_197' title='bbox 578 2252 778 2300; x_wconf 88' lang='lat' dir='ltr'>calicem</span> <span class='ocrx_word' id='word_1_198' title='bbox 812 2255 1071 2315; x_wconf 88' lang='lat' dir='ltr'>antequam</span> <span class='ocrx_word' id='word_1_199' title='bbox 1111 2250 1296 2300; x_wconf 88' lang='lat' dir='ltr'>diceret</span> <span class='ocrx_word' id='word_1_200' title='bbox 1329 2251 1444 2298; x_wconf 73' lang='lat' dir='ltr'>Pax</span> <span class='ocrx_word' id='word_1_201' title='bbox 1481 2251 1696 2310; x_wconf 79' lang='lat' dir='ltr'>Domini,</span> <span class='ocrx_word' id='word_1_202' title='bbox 1738 2266 1815 2299; x_wconf 91' lang='lat' dir='ltr'>me</span> <span class='ocrx_word' id='word_1_203' title='bbox 1856 2250 2080 2299; x_wconf 89' lang='lat' dir='ltr'>vidente:</span> 
     </span>
     <span class='ocr_line' id='line_1_24' title="bbox 305 2334 2086 2399; baseline -0.001 -16"><span class='ocrx_word' id='word_1_204' title='bbox 305 2350 402 2383; x_wconf 90' lang='lat' dir='ltr'>non</span> <span class='ocrx_word' id='word_1_205' title='bbox 425 2335 710 2396; x_wconf 86' lang='lat' dir='ltr'>contradixi,</span> <span class='ocrx_word' id='word_1_206' title='bbox 738 2335 849 2399; x_wconf 89' lang='lat' dir='ltr'>quia</span> <span class='ocrx_word' id='word_1_207' title='bbox 873 2350 971 2383; x_wconf 93' lang='lat' dir='ltr'>non</span> <span class='ocrx_word' id='word_1_208' title='bbox 1001 2334 1090 2383; x_wconf 89' lang='lat' dir='ltr'>fuit</span> <span class='ocrx_word' id='word_1_209' title='bbox 1118 2335 1390 2383; x_wconf 90' lang='lat' dir='ltr'>remedium</span> <span class='ocrx_word' id='word_1_210' title='bbox 1411 2351 1420 2395; x_wconf 90' lang='lat'><em>;</em></span> <span class='ocrx_word' id='word_1_211' title='bbox 1449 2339 1496 2383; x_wconf 89' lang='lat' dir='ltr'>et</span> <span class='ocrx_word' id='word_1_212' title='bbox 1521 2350 1630 2383; x_wconf 90' lang='lat' dir='ltr'>cum</span> <span class='ocrx_word' id='word_1_213' title='bbox 1655 2334 1885 2383; x_wconf 90' lang='lat' dir='ltr'>diaconus</span> <span class='ocrx_word' id='word_1_214' title='bbox 1909 2337 1956 2382; x_wconf 92' lang='lat' dir='ltr'>et</span> <span class='ocrx_word' id='word_1_215' title='bbox 1977 2334 2086 2381; x_wconf 91' lang='lat' dir='ltr'>sub-</span> 
     </span>
     <span class='ocr_line' id='line_1_25' title="bbox 305 2417 2085 2481; baseline -0.001 -15"><span class='ocrx_word' id='word_1_216' title='bbox 305 2418 534 2468; x_wconf 88' lang='lat' dir='ltr'>diaconus</span> <span class='ocrx_word' id='word_1_217' title='bbox 566 2418 984 2466; x_wconf 88' lang='lat' dir='ltr'>communicarent</span> <span class='ocrx_word' id='word_1_218' title='bbox 1018 2434 1069 2466; x_wconf 91' lang='lat' dir='ltr'>se</span> <span class='ocrx_word' id='word_1_219' title='bbox 1108 2418 1167 2465; x_wconf 91' lang='lat' dir='ltr'>de</span> <span class='ocrx_word' id='word_1_220' title='bbox 1199 2419 1395 2466; x_wconf 89' lang='lat' dir='ltr'>residuo</span> <span class='ocrx_word' id='word_1_221' title='bbox 1429 2418 1676 2481; x_wconf 85' lang='lat' dir='ltr'>sanguinis</span> <span class='ocrx_word' id='word_1_222' title='bbox 1715 2417 1765 2465; x_wconf 91' lang='lat' dir='ltr'>in</span> <span class='ocrx_word' id='word_1_223' title='bbox 1798 2417 1953 2476; x_wconf 86' lang='lat' dir='ltr'>altari,</span> <span class='ocrx_word' id='word_1_224' title='bbox 1987 2431 2085 2465; x_wconf 90' lang='lat' dir='ltr'>non</span> 
     </span>
     <span class='ocr_line' id='line_1_26' title="bbox 307 2499 2085 2567; baseline -0.001 -17"><span class='ocrx_word' id='word_1_225' title='bbox 307 2501 394 2550; x_wconf 84' lang='lat' dir='ltr'>fuit</span> <span class='ocrx_word' id='word_1_226' title='bbox 426 2508 619 2567; x_wconf 87' lang='lat' dir='ltr'>reperta</span> <span class='ocrx_word' id='word_1_227' title='bbox 648 2502 884 2565; x_wconf 89' lang='lat' dir='ltr'>particula</span> <span class='ocrx_word' id='word_1_228' title='bbox 921 2502 969 2550; x_wconf 94' lang='lat' dir='ltr'>in</span> <span class='ocrx_word' id='word_1_229' title='bbox 1006 2502 1154 2551; x_wconf 90' lang='lat' dir='ltr'>calice</span> <span class='ocrx_word' id='word_1_230' title='bbox 1185 2518 1328 2565; x_wconf 90' lang='lat' dir='ltr'>quam</span> <span class='ocrx_word' id='word_1_231' title='bbox 1358 2517 1449 2550; x_wconf 90' lang='lat' dir='ltr'>nec</span> <span class='ocrx_word' id='word_1_232' title='bbox 1483 2504 1613 2566; x_wconf 90' lang='lat' dir='ltr'>Papa</span> <span class='ocrx_word' id='word_1_233' title='bbox 1648 2501 1801 2565; x_wconf 90' lang='lat' dir='ltr'>potuit</span> <span class='ocrx_word' id='word_1_234' title='bbox 1832 2516 1919 2565; x_wconf 87' lang='lat' dir='ltr'>per</span> <span class='ocrx_word' id='word_1_235' title='bbox 1947 2499 2085 2549; x_wconf 78' lang='lat' dir='ltr'>fistu—</span> 
     </span>
     <span class='ocr_line' id='line_1_27' title="bbox 305 2584 2084 2650; baseline -0.001 -16"><span class='ocrx_word' id='word_1_236' title='bbox 305 2585 401 2634; x_wconf 90' lang='lat' dir='ltr'>lam</span> <span class='ocrx_word' id='word_1_237' title='bbox 421 2586 715 2650; x_wconf 88' lang='lat' dir='ltr'>sumpsisse:</span> <span class='ocrx_word' id='word_1_238' title='bbox 743 2601 839 2634; x_wconf 91' lang='lat' dir='ltr'>non</span> <span class='ocrx_word' id='word_1_239' title='bbox 871 2586 1003 2650; x_wconf 85' lang='lat' dir='ltr'>potui</span> <span class='ocrx_word' id='word_1_240' title='bbox 1035 2588 1295 2650; x_wconf 80' lang='lat' dir='ltr'>propterea</span> <span class='ocrx_word' id='word_1_241' title='bbox 1326 2585 1581 2649; x_wconf 87' lang='lat' dir='ltr'>imaginari</span> <span class='ocrx_word' id='word_1_242' title='bbox 1606 2584 1719 2649; x_wconf 93' lang='lat' dir='ltr'>quid</span> <span class='ocrx_word' id='word_1_243' title='bbox 1749 2585 1808 2634; x_wconf 92' lang='lat' dir='ltr'>de</span> <span class='ocrx_word' id='word_1_244' title='bbox 1836 2599 1894 2634; x_wconf 86' lang='lat' dir='ltr'>ea</span> <span class='ocrx_word' id='word_1_245' title='bbox 1923 2588 2084 2633; x_wconf 86' lang='lat' dir='ltr'>actum</span> 
     </span>
     <span class='ocr_line' id='line_1_28' title="bbox 308 2666 2079 2733; baseline -0.001 -16"><span class='ocrx_word' id='word_1_246' title='bbox 308 2674 451 2730; x_wconf 86' lang='lat' dir='ltr'>esset,</span> <span class='ocrx_word' id='word_1_247' title='bbox 473 2670 531 2718; x_wconf 89' lang='lat' dir='ltr'>de</span> <span class='ocrx_word' id='word_1_248' title='bbox 560 2686 654 2733; x_wconf 94' lang='lat' dir='ltr'>quo</span> <span class='ocrx_word' id='word_1_249' title='bbox 681 2685 742 2718; x_wconf 91' lang='lat' dir='ltr'>ne</span> <span class='ocrx_word' id='word_1_250' title='bbox 773 2669 942 2718; x_wconf 85' lang='lat' dir='ltr'>exinde</span> <span class='ocrx_word' id='word_1_251' title='bbox 969 2669 1254 2718; x_wconf 89' lang='lat' dir='ltr'>scandalum</span> <span class='ocrx_word' id='word_1_252' title='bbox 1285 2666 1511 2727; x_wconf 82' lang='lat' dir='ltr'>oriretur,</span> <span class='ocrx_word' id='word_1_253' title='bbox 1539 2668 1723 2717; x_wconf 91' lang='lat' dir='ltr'>nullum</span> <span class='ocrx_word' id='word_1_254' title='bbox 1746 2668 1946 2716; x_wconf 83' lang='lat' dir='ltr'>verbum</span> <span class='ocrx_word' id='word_1_255' title='bbox 1968 2667 2079 2716; x_wconf 87' lang='lat' dir='ltr'>feci.</span> 
     </span>
     <span class='ocr_line' id='line_1_29' title="bbox 308 2752 2082 2818; baseline -0.002 -16"><span class='ocrx_word' id='word_1_256' title='bbox 308 2756 426 2802; x_wconf 88' lang='lat' dir='ltr'>Data</span> <span class='ocrx_word' id='word_1_257' title='bbox 446 2754 784 2802; x_wconf 83' lang='lat' dir='ltr'>benedictione</span> <span class='ocrx_word' id='word_1_258' title='bbox 806 2757 914 2818; x_wconf 92' lang='lat' dir='ltr'>post</span> <span class='ocrx_word' id='word_1_259' title='bbox 935 2753 1134 2801; x_wconf 88' lang='lat' dir='ltr'>missam</span> <span class='ocrx_word' id='word_1_260' title='bbox 1156 2769 1242 2817; x_wconf 90' lang='lat' dir='ltr'>per</span> <span class='ocrx_word' id='word_1_261' title='bbox 1263 2755 1458 2816; x_wconf 89' lang='lat' dir='ltr'>Papam,</span> <span class='ocrx_word' id='word_1_262' title='bbox 1477 2758 1678 2816; x_wconf 88' lang='lat' dir='ltr'>accepto</span> <span class='ocrx_word' id='word_1_263' title='bbox 1699 2766 1866 2815; x_wconf 90' lang='lat' dir='ltr'>regn0‚</span> <span class='ocrx_word' id='word_1_264' title='bbox 1890 2752 2082 2799; x_wconf 87' lang='lat' dir='ltr'>retento</span> 
     </span>
     <span class='ocr_line' id='line_1_30' title="bbox 306 2833 2084 2902; baseline -0.002 -17"><span class='ocrx_word' id='word_1_265' title='bbox 306 2837 466 2902; x_wconf 88' lang='lat' dir='ltr'>pallio,</span> <span class='ocrx_word' id='word_1_266' title='bbox 508 2842 754 2886; x_wconf 88' lang='lat' dir='ltr'>ostensum</span> <span class='ocrx_word' id='word_1_267' title='bbox 789 2842 861 2885; x_wconf 87' lang='lat' dir='ltr'>est</span> <span class='ocrx_word' id='word_1_268' title='bbox 888 2837 960 2885; x_wconf 89' lang='lat' dir='ltr'>his</span> <span class='ocrx_word' id='word_1_269' title='bbox 999 2836 1183 2884; x_wconf 86' lang='lat' dir='ltr'>ferrum</span> <span class='ocrx_word' id='word_1_270' title='bbox 1217 2837 1385 2884; x_wconf 90' lang='lat' dir='ltr'>lancee</span> <span class='ocrx_word' id='word_1_271' title='bbox 1417 2840 1464 2883; x_wconf 90' lang='lat' dir='ltr'>et</span> <span class='ocrx_word' id='word_1_272' title='bbox 1497 2839 1572 2882; x_wconf 85' lang='lat' dir='ltr'>ter</span> <span class='ocrx_word' id='word_1_273' title='bbox 1605 2835 1761 2883; x_wconf 89' lang='lat' dir='ltr'>vultus</span> <span class='ocrx_word' id='word_1_274' title='bbox 1792 2833 2003 2892; x_wconf 91' lang='lat' dir='ltr'>domini;</span> <span class='ocrx_word' id='word_1_275' title='bbox 2035 2835 2084 2882; x_wconf 91' lang='lat' dir='ltr'>et</span> 
     </span>
     <span class='ocr_line' id='line_1_31' title="bbox 307 2916 2079 2984; baseline -0.002 -16"><span class='ocrx_word' id='word_1_276' title='bbox 307 2923 436 2984; x_wconf 89' lang='lat' dir='ltr'>Papa</span> <span class='ocrx_word' id='word_1_277' title='bbox 468 2921 892 2984; x_wconf 87' lang='lat' dir='ltr'>processionaliter</span> <span class='ocrx_word' id='word_1_278' title='bbox 927 2920 1145 2968; x_wconf 87' lang='lat' dir='ltr'>ascendit</span> <span class='ocrx_word' id='word_1_279' title='bbox 1186 2919 1246 2967; x_wconf 91' lang='lat' dir='ltr'>ad</span> <span class='ocrx_word' id='word_1_280' title='bbox 1279 2919 1441 2966; x_wconf 91' lang='lat' dir='ltr'>locum</span> <span class='ocrx_word' id='word_1_281' title='bbox 1480 2918 1670 2982; x_wconf 88' lang='lat' dir='ltr'>publice</span> <span class='ocrx_word' id='word_1_282' title='bbox 1712 2916 2079 2976; x_wconf 88' lang='lat' dir='ltr'>benedictionis,</span> 
     </span>
     <span class='ocr_line' id='line_1_32' title="bbox 307 2998 2082 3066; baseline -0.002 -16"><span class='ocrx_word' id='word_1_283' title='bbox 307 3003 402 3062; x_wconf 91' lang='lat' dir='ltr'>ubi,</span> <span class='ocrx_word' id='word_1_284' title='bbox 439 3005 549 3052; x_wconf 90' lang='lat' dir='ltr'>data</span> <span class='ocrx_word' id='word_1_285' title='bbox 580 3004 920 3053; x_wconf 89' lang='lat' dir='ltr'>benedictione</span> <span class='ocrx_word' id='word_1_286' title='bbox 952 3003 1174 3062; x_wconf 90' lang='lat' dir='ltr'>solemni,</span> <span class='ocrx_word' id='word_1_287' title='bbox 1213 3002 1452 3051; x_wconf 90' lang='lat' dir='ltr'>concessit</span> <span class='ocrx_word' id='word_1_288' title='bbox 1484 3001 1725 3066; x_wconf 90' lang='lat' dir='ltr'>plenarias</span> <span class='ocrx_word' id='word_1_289' title='bbox 1759 2998 2082 3063; x_wconf 85' lang='lat' dir='ltr'>indulgentias</span> 
     </span>
     <span class='ocr_line' id='line_1_33' title="bbox 306 3081 2085 3150; baseline -0.002 -17"><span class='ocrx_word' id='word_1_290' title='bbox 306 3087 483 3150; x_wconf 92' lang='lat' dir='ltr'>populo</span> <span class='ocrx_word' id='word_1_291' title='bbox 518 3102 636 3150; x_wconf 88' lang='lat' dir='ltr'>quas</span> <span class='ocrx_word' id='word_1_292' title='bbox 676 3087 887 3135; x_wconf 89' lang='lat' dir='ltr'>Medices</span> <span class='ocrx_word' id='word_1_293' title='bbox 923 3087 1070 3136; x_wconf 89' lang='lat' dir='ltr'>latine</span> <span class='ocrx_word' id='word_1_294' title='bbox 1108 3091 1155 3134; x_wconf 90' lang='lat' dir='ltr'>et</span> <span class='ocrx_word' id='word_1_295' title='bbox 1190 3103 1229 3135; x_wconf 89' lang='lat' dir='ltr'>s.</span> <span class='ocrx_word' id='word_1_296' title='bbox 1270 3085 1482 3135; x_wconf 90' lang='lat' dir='ltr'>Severini</span> <span class='ocrx_word' id='word_1_297' title='bbox 1517 3084 1783 3133; x_wconf 86' lang='lat' dir='ltr'>cardinales</span> <span class='ocrx_word' id='word_1_298' title='bbox 1821 3081 2085 3147; x_wconf 84' lang='lat' dir='ltr'>vulgariter</span> 
     </span>
     <span class='ocr_line' id='line_1_34' title="bbox 308 3160 1454 3218; baseline 0.005 -2"><span class='ocrx_word' id='word_1_299' title='bbox 308 3169 729 3218; x_wconf 88' lang='lat' dir='ltr'>denuntiaverunt.</span> <span class='ocrx_word' id='word_1_300' title='bbox 1446 3160 1454 3174; x_wconf 66' lang='lat'><strong><em>⁴</em></strong></span> 
     </span>
    </p>

    <p class='ocr_par' dir='ltr' id='par_1_4' title="bbox 307 3249 2082 3566">
     <span class='ocr_line' id='line_1_35' title="bbox 373 3249 2082 3312; baseline -0.002 -11"><span class='ocrx_word' id='word_1_301' title='bbox 373 3253 513 3303; x_wconf 90' lang='lat' dir='ltr'>Feria</span> <span class='ocrx_word' id='word_1_302' title='bbox 538 3253 750 3301; x_wconf 90' lang='lat' dir='ltr'>secunda</span> <span class='ocrx_word' id='word_1_303' title='bbox 777 3253 978 3312; x_wconf 90' lang='lat' dir='ltr'>Pasche,</span> <span class='ocrx_word' id='word_1_304' title='bbox 1017 3257 1076 3301; x_wconf 75' lang='lat'>28</span> <span class='ocrx_word' id='word_1_305' title='bbox 1110 3252 1289 3301; x_wconf 90' lang='lat' dir='ltr'>mensis</span> <span class='ocrx_word' id='word_1_306' title='bbox 1320 3250 1499 3310; x_wconf 85' lang='lat' dir='ltr'>martii,</span> <span class='ocrx_word' id='word_1_307' title='bbox 1539 3254 1704 3299; x_wconf 79' lang='lat' dir='ltr'>RmuS.</span> <span class='ocrx_word' id='word_1_308' title='bbox 1737 3253 1794 3299; x_wconf 90' lang='lat' dir='ltr'>D.</span> <span class='ocrx_word' id='word_1_309' title='bbox 1828 3249 2082 3299; x_wconf 88' lang='lat' dir='ltr'>cardinalis</span> 
     </span>
     <span class='ocr_line' id='line_1_36' title="bbox 308 3334 2081 3400; baseline -0.001 -17"><span class='ocrx_word' id='word_1_310' title='bbox 308 3352 346 3384; x_wconf 90' lang='lat' dir='ltr'>s.</span> <span class='ocrx_word' id='word_1_311' title='bbox 388 3336 613 3385; x_wconf 89' lang='lat' dir='ltr'>Praxedis</span> <span class='ocrx_word' id='word_1_312' title='bbox 645 3336 902 3385; x_wconf 88' lang='lat' dir='ltr'>celebravit</span> <span class='ocrx_word' id='word_1_313' title='bbox 935 3336 1131 3384; x_wconf 87' lang='lat' dir='ltr'>missam</span> <span class='ocrx_word' id='word_1_314' title='bbox 1159 3337 1394 3400; x_wconf 89' lang='lat' dir='ltr'>majorem</span> <span class='ocrx_word' id='word_1_315' title='bbox 1426 3336 1475 3383; x_wconf 92' lang='lat' dir='ltr'>in</span> <span class='ocrx_word' id='word_1_316' title='bbox 1506 3334 1692 3398; x_wconf 90' lang='lat' dir='ltr'>capella</span> <span class='ocrx_word' id='word_1_317' title='bbox 1720 3335 1921 3398; x_wconf 90' lang='lat' dir='ltr'>majore,</span> <span class='ocrx_word' id='word_1_318' title='bbox 1950 3335 2081 3398; x_wconf 91' lang='lat' dir='ltr'>Papa</span> 
     </span>
     <span class='ocr_line' id='line_1_37' title="bbox 308 3416 2079 3484; baseline -0.001 -18"><span class='ocrx_word' id='word_1_319' title='bbox 308 3424 568 3482; x_wconf 86' lang='lat' dir='ltr'>presente:</span> <span class='ocrx_word' id='word_1_320' title='bbox 606 3435 701 3484; x_wconf 89' lang='lat' dir='ltr'>qua</span> <span class='ocrx_word' id='word_1_321' title='bbox 735 3419 889 3479; x_wconf 86' lang='lat' dir='ltr'>finita,</span> <span class='ocrx_word' id='word_1_322' title='bbox 928 3419 1216 3483; x_wconf 89' lang='lat' dir='ltr'>interrogavi</span> <span class='ocrx_word' id='word_1_323' title='bbox 1255 3420 1337 3467; x_wconf 89' lang='lat' dir='ltr'>SS.</span> <span class='ocrx_word' id='word_1_324' title='bbox 1375 3421 1431 3467; x_wconf 92' lang='lat' dir='ltr'>D.</span> <span class='ocrx_word' id='word_1_325' title='bbox 1471 3420 1694 3466; x_wconf 88' lang='lat' dir='ltr'>nostrum</span> <span class='ocrx_word' id='word_1_326' title='bbox 1728 3434 1787 3465; x_wconf 90' lang='lat' dir='ltr'>an</span> <span class='ocrx_word' id='word_1_327' title='bbox 1825 3416 1968 3466; x_wconf 85' lang='lat' dir='ltr'>vellet</span> <span class='ocrx_word' id='word_1_328' title='bbox 2002 3417 2079 3465; x_wconf 85' lang='lat' dir='ltr'>die</span> 
     </span>
     <span class='ocr_line' id='line_1_38' title="bbox 307 3501 2080 3566; baseline 0 -18"><span class='ocrx_word' id='word_1_329' title='bbox 307 3502 516 3551; x_wconf 81' lang='lat' dir='ltr'>crastina</span> <span class='ocrx_word' id='word_1_330' title='bbox 535 3503 699 3553; x_wconf 85' lang='lat' dir='ltr'>venire</span> <span class='ocrx_word' id='word_1_331' title='bbox 725 3505 784 3552; x_wconf 88' lang='lat' dir='ltr'>ad</span> <span class='ocrx_word' id='word_1_332' title='bbox 809 3503 1068 3552; x_wconf 87' lang='lat' dir='ltr'>Minervam</span> <span class='ocrx_word' id='word_1_333' title='bbox 1091 3502 1390 3552; x_wconf 87' lang='lat' dir='ltr'>et-interesse</span> <span class='ocrx_word' id='word_1_334' title='bbox 1418 3502 1596 3561; x_wconf 84' lang='lat' dir='ltr'>offici0,</span> <span class='ocrx_word' id='word_1_335' title='bbox 1629 3501 1708 3566; x_wconf 91' lang='lat' dir='ltr'>qui</span> <span class='ocrx_word' id='word_1_336' title='bbox 1734 3501 1850 3550; x_wconf 90' lang='lat' dir='ltr'>mihi</span> <span class='ocrx_word' id='word_1_337' title='bbox 1879 3514 2080 3565; x_wconf 88' lang='lat' dir='ltr'>respon-</span> 
     </span>
    </p>
   </div>
  </div>
 </body>
</html>
