2228 3938
155 386 369 428 [Novembre
390 386 484 426 1503]
605 383 774 422 RERUM
807 379 1111 421 URBANARUM
1144 377 1496 416 COMMENTARH.
1863 379 1932 415 297

160 487 519 537 conficeremus
547 486 756 550 desuper
777 485 1156 533 instrumentum
1179 486 1227 530 et
1263 482 1607 530 instrumenta,
1636 483 1803 529 Testes
1828 480 1934 528 fue-

155 574 271 619 runt
294 573 395 618 DD.
429 573 666 628 Ventura,
690 568 946 633 episcopus
979 569 1250 625 Massanus,
1273 565 1451 614 Paulus
1476 565 1535 612 de
1562 564 1758 623 Planca,
1785 564 1934 612 Justi-

156 670 246 703 nus
289 653 348 702 de
386 653 613 711 Caroziis,
654 652 933 716 Alphonsus
968 650 1192 709 Ricenas,
1226 649 1447 698 advocati
1484 647 1846 696 consistoriales
1884 651 1932 695 et

156 737 368 786 Dioneus
389 739 637 796 Maranus,
657 735 869 799 scriptor
891 733 1206 799 apostolicus.
1227 733 1429 791 Deinde,
1455 734 1628 796 parata
1650 746 1820 779 mensa
1840 746 1932 795 pro

153 885 261 922 quam
281 872 500 911 camerarius
531 873 572 911 S.
603 873 654 913 R.
691 872 732 908 E.
761 870 905 919 requiro
938 882 1004 907 vos
1039 870 1212 915 notarios,
1244 873 1280 906 et
1308 869 1508 918 quemlibet
1533 874 1712 914 vestrum,
1743 881 1786 906 ac
1817 871 1932 905 testes

154 938 317 982 rogatos,
336 933 433 982 quod
455 932 709 971 sanctissimus
723 931 894 968 dominus
914 934 1037 967 noster
1050 930 1220 967 dominus
1234 928 1352 965 Julius
1366 939 1462 977 papa
1481 929 1514 964 II
1538 927 1744 965 subscribat
1758 932 1933 975 tanquam

152 1005 247 1043 papa
266 992 440 1043 praedicta
456 992 616 1042 capitula
634 991 780 1041 publica
799 995 835 1027 et
856 990 1012 1038 privata,
1037 1002 1120 1038 quae
1139 989 1248 1038 paulo
1267 994 1352 1026 ante
1372 988 1465 1025 inter
1491 1000 1558 1025 nos
1582 999 1708 1025 omnes
1728 985 1934 1023 cardinales

153 1053 268 1102 primo
288 1054 435 1090 fuerunt
453 1052 631 1098 ordinata,
656 1051 786 1088 deinde
804 1050 937 1099 jurata.
962 1064 979 1083 η

202 1123 221 1141 «
248 1108 368 1148 Tenor
391 1124 476 1149 vero
497 1111 658 1149 omnium
687 1115 722 1148 et
743 1109 972 1158 singulorum
1002 1109 1241 1158 capitulorum
1261 1109 1510 1158 publicorum,'
1529 1108 1574 1144 de
1601 1107 1734 1156 quibus
1755 1117 1864 1155 supra
1894 1106 1936 1143 fit

154 1169 303 1216 mentio,
337 1172 501 1221 sequitur
520 1176 557 1209 et
582 1176 640 1209 est
659 1170 743 1208 talis
765 1171 872 1207 :'Nos
898 1182 1025 1207 omnes
1052 1174 1088 1207 et
1113 1168 1249 1217 singuli
1269 1168 1314 1206 S.
1346 1168 1397 1206 R.
1421 1169 1461 1205 E.
1490 1166 1693 1204 cardinales
1713 1164 1934 1213 infrascripti

152 1238 218 1275 pro
238 1227 333 1266 bono
359 1234 395 1267 et
427 1230 518 1267 felici
540 1230 716 1279 regimine
747 1234 858 1279 atque
879 1228 1155 1266 conservatione
1188 1232 1306 1264 status
1330 1226 1547 1264 universalis
1569 1225 1752 1271 Ecclesiae,
1767 1225 1935 1274 juramus

154 1290 190 1324 et
208 1299 383 1326 vovemus
417 1291 493 1327 Deo
513 1289 768 1339 omnipotenti,
802 1293 838 1326 et
857 1289 927 1326 SS.
951 1289 1059 1325 Petro
1086 1292 1121 1324 et
1140 1287 1256 1324 Paulo
1284 1291 1396 1336 atque
1416 1286 1586 1323 omnibus
1604 1285 1742 1322 sanctis
1760 1284 1934 1321 Ecclesiae

153 1357 228 1383 suae
250 1354 385 1386 sanctae
401 1350 646 1398 promittimus
667 1350 778 1398 quod,
801 1349 833 1386 si
852 1348 986 1397 aliquis
1003 1359 1048 1384 ex
1067 1347 1175 1384 nobis
1195 1347 1332 1384 electus
1354 1346 1462 1383 fuerit
1482 1346 1518 1382 in
1537 1357 1683 1395 papam,
1708 1344 1829 1381 statim
1849 1349 1934 1393 post

152 1406 363 1445 electionem
382 1409 426 1446 de
444 1421 483 1446 se
501 1409 717 1446 celebratam
737 1408 874 1458 jurabit
891 1412 926 1445 et
944 1407 1090 1445 vovebit
1107 1419 1198 1456 pure
1225 1412 1262 1444 et
1288 1406 1502 1456 simpliciter
1520 1410 1557 1443 et
1581 1406 1679 1443 bona
1698 1404 1770 1442 fide
1790 1416 1935 1442 servare

152 1470 189 1503 et
212 1468 350 1504 servari
368 1468 487 1506 facere
511 1474 547 1508 et
566 1469 762 1518 adimplere
787 1482 869 1506 cum
889 1470 1019 1507 effectu
1045 1469 1167 1507 omnia
1190 1474 1226 1507 et
1245 1469 1393 1519 singula
1410 1469 1640 1517 infrascripta
1660 1465 1831 1516 capitula,
1854 1476 1934 1501 nec-

152 1537 227 1563 non
243 1526 360 1565 facere
385 1529 506 1577 rogari
526 1532 600 1566 tres
620 1529 795 1575 notarios,
818 1530 862 1566 de
880 1529 1091 1577 eisdemque
1111 1529 1283 1577 capitulis
1304 1529 1389 1565 dare
1403 1528 1552 1565 cedulas
1573 1539 1698 1564 eorum
1719 1530 1755 1563 et
1768 1524 1936 1574 publicas

154 1585 287 1633 bullas,
309 1593 418 1636 prout
437 1589 474 1625 in
499 1589 670 1638 capitulis
690 1589 840 1638 privatis
866 1594 923 1626 est
940 1601 1172 1637 expressum.
1205 1590 1245 1625 In
1266 1588 1394 1637 primis
1411 1587 1550 1636 jurabit
1569 1590 1606 1624 et
1632 1584 1818 1634 promittet
1838 1583 1936 1632 quod

155 1645 371 1683 adveniente
385 1660 473 1684 casu
486 1648 718 1686 necessitatis
732 1648 973 1686 subveniendi
993 1648 1162 1685 fidelibus
1180 1648 1422 1692 Christianus,
1442 1652 1510 1685 etc.
1532 1646 1639 1694 (Voy.
1656 1650 1682 1683 t.
1697 1645 1726 1691 Ι,
1742 1656 1778 1693 p.
1796 1643 1934 1690 48-54).

206 1719 224 1737 «
250 1704 385 1743 Votum
405 1711 442 1744 et
456 1708 703 1755 juramentum
723 1708 818 1745 facta
837 1719 858 1744 a
877 1707 1122 1745 cardinalibus
1144 1720 1255 1756 super
1276 1707 1495 1756 praemissis.

205 1778 224 1797 «
250 1764 325 1802 Nos
346 1777 472 1804 omnes
490 1771 526 1804 et
545 1766 683 1816 singuli
703 1767 750 1805 S.
776 1767 827 1805 R.
851 1768 898 1804 E.
920 1766 1124 1803 cardinales
1138 1767 1353 1816 congregati
1374 1767 1499 1803 Romoe
1525 1766 1562 1802 in
1582 1764 1719 1814 palatio
1738 1762 1939 1813 apostolico

155 1834 223 1871 pro
242 1824 416 1862 electione
435 1826 591 1864 Romani
611 1827 800 1864 Pontificis
826 1827 937 1864 futuri
956 1827 993 1863 in
1014 1826 1190 1871 conclavi,
1220 1831 1304 1863 ante
1324 1825 1427 1863 altari
1453 1825 1491 1862 in
1512 1837 1584 1874 quo
1604 1824 1718 1861 missa
1737 1822 1939 1860 communis

156 1882 330 1920 celebrari
350 1886 553 1931 consuevit,
576 1886 787 1935 supradicta
817 1886 974 1935 capitula
1002 1886 1096 1923 inter
1124 1898 1193 1923 nos
1212 1885 1432 1922 unanimiter
1464 1889 1500 1922 et
1518 1883 1745 1921 concorditer
1774 1883 1941 1920 ordinata

156 1953 221 1990 pro
249 1943 460 1982 defensione
491 1946 679 1983 catholicae
698 1945 784 1982 fidei
812 1950 849 1982 et
879 1945 1154 1982 conservatione
1168 1944 1338 1982 Ecclesiae
1366 1943 1557 1989 libertatis,
1588 1955 1654 1992 pro
1687 1941 1940 1980 reformatione

155 2001 340 2048 Ecclesiae,
372 2004 406 2040 in
427 2004 545 2053 capite
571 2008 608 2041 et
634 2004 672 2040 in
691 2004 879 2049 membris,
901 2016 943 2041 ac
963 2003 1105 2041 vinculo
1125 2004 1311 2041 charitatis
1341 2009 1377 2041 et
1402 2003 1504 2053 pacis
1524 2004 1617 2040 inter
1643 2014 1824 2040 summum
1844 2001 1941 2038 Pon-

154 2059 287 2097 tificem
317 2066 353 2098 et
373 2062 501 2100 fratres
527 2065 608 2112 ejus
629 2064 675 2103 S.
707 2065 752 2102 R.
776 2065 817 2102 E.
846 2064 1048 2102 cardinales
1078 2064 1341 2110 confirmando,
1357 2056 1537 2101 'vovemus
1564 2064 1641 2100 Deo
1665 2067 1701 2100 et
1729 2062 1808 2111 ejus
1837 2065 1928 2098 matr

155 2118 279 2157 MarIae
310 2120 452 2170 Virgini
484 2123 656 2172 gloriose,
689 2129 725 2162 et
754 2124 874 2161 beatis
913 2123 1088 2172 apostolis
1121 2123 1231 2161 Petro
1263 2128 1300 2161 et
1331 2124 1440 2161 Paulo
1478 2124 1618 2172 totique
1646 2122 1785 2160 coelesti
1817 2121 1939 2167 curiae,

150 2179 317 2228 jurantes
337 2182 383 2218 ad
404 2188 532 2220 sancta
552 2183 618 2220 Dei
638 2184 838 2230 Evangelia
866 2183 1103 2232 corporaliter
1133 2195 1198 2232 per
1231 2195 1298 2220 nos
1331 2184 1440 2229 facta,
1475 2188 1508 2220 et
1530 2183 1622 2220 alter
1640 2182 1743 2219 alteri
1762 2194 1803 2218 ac
1835 2181 1941 2219 etiam

154 2239 304 2277 notariis
330 2241 487 2290 publicis
519 2242 773 2295 infrascriptiS,
804 2248 980 2293 tanquam
1010 2243 1178 2292 personis
1210 2243 1398 2291 legitimis,
1429 2244 1574 2280 nomine
1602 2248 1737 2281 sanctae
1768 2243 1942 2280 Romanae

157 2298 326 2336 Ecclesiae
357 2312 399 2337 ac
436 2302 530 2338 sacri
555 2302 700 2352 collegii
730 2303 858 2347 nostri,
896 2315 938 2340 ac
970 2302 1131 2341 omnium
1166 2315 1320 2353 quorum
1349 2302 1502 2339 interest
1537 2303 1810 2351 stipulantibus,
1844 2301 1941 2350 quod

156 2358 374 2408 quicumque
411 2366 575 2399 nostrum
607 2363 670 2411 qui
702 2363 809 2401 fuerit
836 2368 1050 2412 assumptus
1083 2363 1129 2401 ad
1149 2363 1289 2412 apicem
1314 2363 1556 2412 apostolatus,
1578 2362 1674 2399 omni
1696 2362 1792 2407 dolo,
1817 2361 1941 2398 fraude

156 2421 192 2454 et
216 2418 484 2457 machinatione
510 2422 753 2468 cessantibus,
782 2428 818 2460 et
843 2424 939 2460 omni
969 2435 1119 2472 prorsus
1148 2423 1360 2472 exceptione
1393 2428 1543 2467 semota,
1578 2421 1737 2459 servabit
1764 2425 1800 2458 et
1827 2420 1941 2458 adim-

155 2476 271 2524 plebit
295 2478 416 2515 omnia
435 2484 472 2516 et
492 2480 638 2528 singula
655 2481 692 2518 in
719 2482 826 2519 dictis
845 2483 1010 2532 capitulis
1030 2488 1213 2528 contenta,
1237 2495 1304 2520 nec
1333 2483 1405 2519 illis
1429 2487 1493 2520 aut
1515 2495 1639 2520 eorum
1663 2481 1771 2519 alicui
1797 2487 1941 2519 contra-

157 2535 280 2574 veniet
301 2537 439 2575 directe
469 2544 533 2576 aut
559 2540 748 2586 indirecte,
775 2542 919 2590 publice
941 2542 998 2579 vel
1026 2542 1178 2583 occulte,
1206 2543 1379 2591 quodque
1410 2547 1494 2590 post
1519 2543 1730 2580 electionem
1762 2546 1826 2579 aut
1859 2547 1943 2579 ante

158 2597 437 2646 publicationem
471 2599 593 2636 omnia
625 2605 661 2637 et
693 2601 839 2649 singula
867 2601 1096 2639 confirmabit
1127 2606 1163 2639 et
1196 2602 1412 2651 approbabit
1449 2602 1657 2640 authentico
1690 2602 1798 2639 modo
1830 2607 1866 2639 et
1897 2602 1942 2638 de

158 2668 253 2694 novo
279 2669 407 2706 puram
428 2659 709 2707 promissionem
736 2660 841 2697 faciet
858 2660 968 2697 etiam
993 2673 1058 2710 per
1078 2660 1172 2697 viam
1196 2666 1404 2698 contractus
1430 2661 1467 2696 in
1484 2662 1655 2698 omnibus
1676 2666 1712 2698 et
1736 2672 1802 2709 per
1821 2660 1941 2697 omnia

158 2727 279 2753 coram
308 2717 477 2755 ommhus
498 2718 605 2756 nobis
623 2724 659 2756 et
679 2720 829 2757 notariis
851 2731 893 2756 ac
921 2721 1076 2758 testibus
1097 2733 1178 2757 cum
1206 2720 1475 2769 subscriptione
1495 2731 1626 2758 manus
1646 2719 1812 2768 propriae,
1836 2714 1942 2755 simili

157 2780 256 2820 voto,
286 2776 508 2825 juramento,
542 2778 766 2827 obligatione
795 2785 831 2818 et
864 2780 1098 2828 stipulatione
1135 2780 1320 2829 promittet
1350 2780 1441 2828 ipse,
1482 2779 1545 2829 qui
1580 2792 1626 2816 ex
1662 2779 1770 2816 nobis
1805 2779 1942 2816 electus

158 2836 278 2881 suerit,
300 2848 322 2873 a
341 2837 522 2886 praedictis
555 2839 810 2887 promissione,
830 2845 915 2878 voto
935 2845 972 2878 et
988 2839 1222 2888 obligatione,
1254 2846 1290 2877 et
1316 2839 1512 2889 juramenti
1543 2841 1775 2888 praestatione
1802 2847 1837 2876 et
1863 2839 1942 2887 ejus

159 2894 412 2933 observatione
439 2909 480 2934 ac
506 2899 676 2937 omnibus
709 2905 745 2937 et
776 2900 932 2949 singulis
958 2899 994 2936 in
1021 2899 1128 2937 dictis
1161 2899 1330 2948 capitulis
1359 2898 1541 2936 contentis
1570 2898 1839 2936 absolutionem
1868 2910 1943 2935 non

159 2957 280 3002 petere
298 2967 366 2992 nec
384 2956 455 2994 sibi
476 2959 623 2995 concedi
639 2959 771 3006 facere,
788 2965 851 2998 aut
865 2972 1041 2998 concessa
1058 2959 1125 3006 uti,
1138 2971 1205 2996 nec
1221 2959 1301 3008 ipsa
1319 2963 1499 3007 potestate
1514 2971 1578 3008 per
1597 2959 1716 3008 ipsum
1732 2958 1942 3007 eligendum

158 3012 261 3050 alteri
283 3015 368 3053 data
399 3028 439 3053 se
465 3017 571 3055 faciet
604 3019 768 3067 absolvi,
789 3032 856 3057 seu
881 3020 991 3058 etiam
1024 3031 1148 3057 secum
1178 3018 1215 3055 in
1240 3018 1361 3067 aliquo
1390 3018 1610 3068 dispensari,
1633 3019 1730 3067 quod
1756 3020 1784 3054 si
1818 3018 1942 3055 forsan

162 3074 273 3138 (quod
291 3074 402 3123 absit)
424 3075 555 3126 aliquis
575 3083 740 3116 nostrum
760 3081 807 3117 ad
828 3080 1086 3118 Pontificatum
1107 3080 1259 3125 electus,
1280 3085 1318 3116 ut
1336 3079 1537 3128 praefertur,
1557 3078 1742 3128 proedictis
1767 3083 1830 3115 aut
1848 3090 1944 3127 prae-

160 3131 338 3171 dictorum
359 3135 469 3184 aliqui
488 3139 755 3185 contraveniat‚
771 3144 948 3189 tanquam
967 3145 1203 3188 trangressor
1224 3139 1296 3176 voti
1317 3151 1358 3175 ac
1385 3139 1469 3176 fidei
1489 3139 1662 3188 praestitae
1688 3151 1730 3175 ac
1759 3138 1942 3186 perjurus,

161 3194 334 3239 tanquam
354 3194 462 3232 etiam
482 3199 712 3245 perturbator
738 3206 773 3237 et
794 3200 1056 3238 scandaIIzator
1075 3199 1247 3237 Ecclesiae
1268 3203 1303 3236 et
1322 3199 1436 3237 totius
1458 3197 1746 3236 Christianitatis
1766 3198 1944 3233 habeatur

162 3254 199 3286 et
223 3257 422 3317 rep-utetur,
447 3260 482 3293 et
511 3269 556 3293 ex
582 3270 681 3295 nunc
706 3261 769 3296 dat
802 3264 838 3297 et
866 3260 1035 3297 concedit
1067 3259 1275 3296 facultatem
1302 3263 1337 3296 et
1364 3263 1582 3308 potestatem
1608 3257 1752 3294 duabus
1779 3255 1944 3304 partibus

163 3307 307 3373 cellegu
327 3317 576 3364 congregandi
592 3318 792 3356 Concilium
809 3320 992 3368 generale,
1008 3320 1113 3368 cujus
1125 3318 1316 3356 sententiae
1336 3319 1387 3367 (in
1405 3330 1586 3356 concursu
1604 3328 1793 3367 poenarum
1814 3327 1942 3364 supra-

162 3367 352 3433 dictarum,
373 3378 410 3410 et
434 3373 585 3413 aliarum
606 3378 651 3414 de
675 3378 758 3426 jure
785 3385 933 3427 propter
961 3379 1220 3428 praedictorum
1247 3378 1430 3428 publicam
1459 3377 1652 3415 utilitatem
1676 3382 1712 3413 et
1738 3375 1943 3414 libertatem

164 3437 256 3463 sacri
284 3429 429 3494 collegii
449 3434 718 3484 respicientium
739 3438 1071 3488 transgressionem
1091 3438 1390 3488 infligendarum)
1412 3450 1451 3475 se
1472 3435 1621 3485 subjicit
1640 3439 1676 3473 et
1696 3435 1892 3473 submittit.

213 3501 231 3520 «
261 3487 303 3523 Et
322 3499 470 3538 insuper
500 3505 568 3532 nos
586 3507 715 3534 omnes
741 3497 945 3535 cardinales
964 3498 1208 3546 promittimus
1237 3503 1273 3535 et
1288 3498 1455 3546 juramus
1488 3508 1529 3533 ac
1547 3507 1736 3541 vovemus,
1759 3495 1788 3532 si
1820 3495 1856 3531 in
1876 3494 1941 3532 ali-
