2228 3938
277 404 349 440 248
845 416 849 419 ·
885 402 1117 440 JOHANNIS
1154 403 1452 449 BURCHARDI,
1831 406 2053 448 [Aont15oal

281 522 348 553 se.
390 504 575 568 Deponi
606 504 698 552 feci
737 520 824 568 per
860 505 1082 569 proprios
1121 506 1383 555 servitores
1412 507 1670 570 cujuslibet
1704 522 1882 570 cappas
1907 507 2052 556 etiam

279 593 538 651 antequam
571 603 720 651 equos
752 589 1106 647 descenderent
1130 595 1177 637 et
1206 590 1421 653 recipere
1448 590 1758 654 cappucinOS.
1787 590 2052 639 Cardinalis

278 672 626 735 Neapolitanus
658 671 806 719 voluit
831 672 900 720 eis
923 672 1089 720 venire
1121 674 1310 721 obviam
1335 677 1500 737 preter
1534 674 1832 723 voluntatem
1870 690 2047 734 meam,

278 771 388 803 cum
409 746 506 802 non
530 770 621 818 pro
647 771 704 803 eo
741 755 825 802 sed
859 771 949 819 pro
981 756 1175 818 publico
1206 757 1448 816 venirent3
1484 757 1721 821 aliquibus
1741 757 1871 806 venit
1901 774 2050 821 usque

279 839 339 886 ad
364 837 550 885 medias
575 838 746 897 scalas,
776 838 1017 900 aliquibus
1043 839 1102 886 ad
1130 839 1282 898 aulas,
1316 839 1552 903 aliquibus
1582 840 1719 887 nihil.
1755 843 1862 903 Ipse
1902 840 2051 888 voluit

278 920 446 969 sedere
482 920 678 968 ultimus
708 926 818 984 post
845 920 1097 980 diaconos,
1138 922 1222 970 sed
1246 922 1503 986 collegium
1538 922 1691 971 noluit
1727 923 2007 986 permittere
2038 939 2047 970 z

278 1005 346 1052 sic
376 1004 501 1052 sedit
530 1004 736 1068 primus
770 1004 1099 1052 Interfuerunt
1135 1006 1304 1054 decem
1330 1011 1376 1054 et
1406 1022 1576 1054 novem
1608 1006 1892 1065 cardinaleS,
1918 1006 2053 1054 vide-

275 1087 388 1136 licet
403 1087 762 1150 Neapolitanus,
781 1087 1132 1147 Ulixbonensis,
1153 1090 1515 1148 Recanatensis,
1532 1091 1914 1148 BeneventanuS,
1933 1089 2055 1153 epis-

275 1171 410 1235 copi3
439 1171 810 1229 Alexandrinus,
840 1187 881 1219 s.
907 1171 1089 1231 Crucis,
1121 1171 1391 1231 Grimanus,
1410 1168 1718 1231 Arborensis,
1745 1173 2048 1230 CusentinuS‚

276 1254 625 1314 SalernitanuS,
665 1255 1066 1318 Caputaquensis,
1103 1255 1437 1314 Bononiensis,
1480 1255 1682 1314 FliscuS,
1720 1256 2050 1320 Legionensis,

275 1338 570 1402 presbyteri3
595 1338 840 1398 Senensis,
869 1338 1100 1397 Medices,
1133 1355 1171 1385 s.
1210 1339 1443 1398 Severini,
1479 1339 1753 1399 Cesarinus,
1792 1339 2050 1399 Alibretus,

278 1420 486 1468 diaconi.
511 1421 809 1468 Audiverunt
832 1423 888 1469 D.
914 1421 1188 1484 Agabitum,
1213 1422 1532 1469 secretarium
1558 1422 1695 1469 ducis
1721 1422 1800 1485 qui
1813 1422 2053 1470 excusavit

277 1504 450 1551 ducem
476 1505 604 1566 quod
627 1503 736 1550 heri
762 1519 859 1552 non
884 1505 1163 1567 approbavit
1187 1521 1343 1567 neque
1359 1505 1688 1568 juravitjuxta
1707 1506 1912 1553 sormam
1943 1521 2054 1553 con-

278 1592 477 1645 tractus,
510 1588 594 1635 sed
615 1587 763 1635 hodie
790 1587 918 1635 fecit.
949 1587 1160 1646 Deinde,
1186 1588 1363 1656 hahita,
1378 1588 1631 1648 relatione,
1660 1593 1892 1637 statutum
1914 1593 1986 1636 est
2008 1594 2053 1637 et

278 1670 623 1735 approbatum,
647 1686 702 1718 ac
730 1670 768 1717 si
794 1669 902 1718 heri
923 1671 1166 1734 jurasset;
1199 1671 1355 1733 quoad
1388 1671 1545 1734 capita
1577 1669 1912 1733 squadrarum,
1937 1671 2055 1719 dixit

277 1754 384 1801 illos
406 1757 606 1817 paratos
634 1769 740 1800 esse
763 1759 876 1800 tunc
901 1769 1011 1801 cum
1035 1753 1292 1816 collegium
1316 1753 1579 1801 satisfaciet
1603 1754 1672 1800 eis
1694 1754 1753 1802 de
1778 1769 1951 1801 eorum
1977 1754 2056 1802 sti-

278 1836 456 1900 pendio
477 1836 696 1895 restanti,
711 1851 808 1884 non
824 1836 982 1884 aliter.
1009 1836 1309 1884 Audiverunt
1331 1836 1474 1884 etiam
1497 1836 1776 1900 episcopum
1793 1838 2058 1885 Cotronen-

220 1980 227 1987 ἡ
279 1935 382 1967 sem
399 1919 595 1967 nomine
613 1923 669 1967 D.
694 1921 914 1982 Prosperi
932 1919 1186 1978 Columne,
1211 1919 1424 1982 quidixit
1441 1923 1497 1967 D.
1519 1922 1812 1983 Prosperum
1824 1920 1928 1967 heri
1949 1935 2057 1968 sero

280 2018 430 2066 prope
469 2002 647 2049 Urbem
686 2002 980 2050 intellexisse
1012 2005 1227 2049 mentem
1269 2003 1662 2051 Dominationum
1696 2019 1892 2050 suarum
1923 2019 2058 2052 reve-

279 2085 685 2132 rendissimarum
719 2085 776 2132 de
810 2100 908 2133 non
939 2085 1185 2143 intrand03
1212 2086 1340 2147 quod
1365 2101 1461 2132 non
1494 2086 1734 2144 intrasset,
1774 2086 1934 2133 animo
1961 2101 2057 2134 non

281 2168 539 2216 obediendi
556 2169 625 2215 vel
653 2168 794 2216 alicui
817 2168 1118 2231 displicendi,
1148 2167 1235 2215 sed
1261 2168 1370 2230 quia
1386 2184 1535 2231 prope
1553 2171 1674 2225 erat,
1695 2174 1741 2216 et
1766 2169 1803 2216 si
1828 2168 2056 2217 Domina-

282 2252 491 2299 tionibus
514 2252 613 2299 suis
640 2251 879 2315 placuerit
906 2257 951 2298 et
982 2251 1234 2310 voluerint,
1263 2251 1350 2299 ibit
1375 2256 1421 2299 et
1447 2251 1621 2300 redibit
1648 2252 1708 2299 ad
1737 2256 1889 2300 terras
1925 2268 2052 2300 suas.

284 2334 546 2397 Collegium
590 2335 690 2398 egit
724 2335 834 2383 sibit
876 2335 1055 2398 gratias
1092 2335 1151 2381 de
1186 2339 1318 2382 tanta
1346 2334 1622 2382 obedientia
1661 2338 1708 2382 et
1745 2334 1894 2398 [dixit]
1930 2334 2058 2397 quod

286 2408 581 2481 significaret
604 2418 645 2465 ei
673 2418 711 2464 si
733 2418 847 2480 quid
871 2418 999 2465 circa
1022 2417 1117 2465 hoc
1143 2417 1289 2465 fuerit
1310 2417 1368 2465 ab
1395 2417 1464 2465 eis
1490 2417 1783 2465 ordinatum.

354 2502 492 2549 Circa
519 2502 689 2548 horam
727 2501 1008 2564 vigesimam
1042 2501 1322 2560 secundam,
1359 2500 1657 2548 intraverunt
1687 2501 1864 2548 Urbem
1897 2501 2057 2549 Ludo-

285 2586 415 2633 vicus
452 2584 512 2632 de
551 2583 766 2631 Pitiliano
807 2589 853 2631 et
887 2583 1061 2631 Fabius
1094 2584 1293 2632 Ursinus
1329 2599 1439 2631 cum
1483 2582 1700 2632 ducentis
1741 2583 1982 2646 equitibus
2015 2588 2062 2632 et

287 2670 419 2716 circa
458 2667 588 2715 mille
627 2667 876 2730 peditibus*
912 2683 1000 2731 per
1042 2672 1231 2730 portam
1274 2684 1312 2715 s.
1349 2667 1605 2726 pancratii,
1636 2666 1715 2730 qui
1747 2667 1807 2714 ad
1840 2682 1981 2714 suum
2015 2671 2063 2716 et

288 2766 459 2799 eorum
480 2750 730 2798 introitum
756 2750 804 2797 in
825 2750 974 2798 vineis
1000 2751 1344 2800 interfecerunt
1367 2754 1468 2798 tres
1493 2749 1731 2813 Hispanos
1761 2749 2058 2806 innocentes,

289 2849 372 2882 eos
394 2833 650 2881 casualiter
667 2836 906 2896 repertos,
935 2838 982 2881 et
997 2833 1350 2897 depopularunt
1372 2833 1501 2880 circa
1516 2837 1710 2880 centum
1723 2832 1892 2880 domos
1913 2846 2062 2894 prope

289 2918 488 2965 domum
513 2917 890 2965 vicecancellarii
917 2922 961 2966 et
986 2920 1189 2965 Puteum
1214 2916 1406 2963 Album.
1673 2903 1675 2905 ¹

356 3000 442 3048 Die
472 3000 613 3063 joviS,
658 3004 716 3047 24
752 3000 957 3062 augusti,
998 2999 1086 3046 fuit
1127 3002 1262 3046 sexta
1298 2997 1611 3061 congregatio
1658 2999 1706 3045 in
1749 2997 1894 3045 domo
1938 2997 2062 3045 Rmi.

290 3083 589 3146 Neapolitani
620 3083 698 3144 qui
731 3083 842 3130 fecit
876 3083 1067 3146 pulsare
1106 3097 1389 3144 campanam
1423 3097 1559 3128 suam
1592 3097 1648 3129 ac
1684 3081 1722 3128 si
1762 3081 2066 3143 equitaturus

291 3171 436 3225 esset,
464 3166 545 3229 qui
572 3166 689 3212 nulli
717 3166 844 3213 venit
867 3166 1055 3213 obviam
1086 3181 1175 3213 nec
1201 3165 1409 3226 aliquem
1432 3179 1490 3211 ex
1515 3180 1710 3212 recessu
1735 3164 1988 3213 associavit
2009 3165 2069 3212 ad

292 3266 441 3298 unum
467 3264 691 3314 passum:
727 3248 894 3296 habuit
924 3253 1085 3296 tamen
1113 3248 1208 3295 hoc
1233 3247 1478 3309 singulare
1505 3248 1633 3310 quod
1660 3263 1747 3311 per
1773 3252 1922 3295 totam
1953 3263 2071 3297 con·-

293 3334 626 3399 gregationem
655 3332 821 3381 habuit
854 3347 999 3395 super
1033 3331 1253 3379 rochetto
1292 3330 1644 3380 mantellettum
1671 3331 1939 3380 violaceum
1963 3337 2070 3381 tan-

295 3422 487 3480 gentem
526 3423 725 3464 terram.
760 3413 1090 3464 Cardinalibus
1126 3413 1219 3462 hoc
1255 3413 1586 3478 arguentibus,
1629 3414 1746 3462 dixit
1781 3414 1875 3463 hoc
1910 3414 2070 3463 facere

294 3504 495 3563 propter
515 3499 682 3563 frigus,
714 3497 1041 3547 Interfuerunt
1065 3495 1342 3560 quindecim
1373 3496 1660 3556 cardinales,
1696 3496 1915 3545 videlicet
1944 3498 2067 3545 Nea-
