2202 3918
173 402 330 444 [Janvier
348 403 438 444 1505]
621 401 790 438 RERUM
823 400 1125 437 URBANARUM
1152 399 1501 437 COMMENTARII.
1884 401 1954 437 375

171 508 336 556 tanum
370 505 497 571 (dico
519 502 895 565 Salernitanum)
926 518 954 550 a
989 502 1171 550 dextris
1204 507 1251 551 et
1284 503 1566 567 episcopum
1589 503 1946 561 Redonensem,

172 592 421 639 oratorem
453 589 581 653 regis
614 587 815 636 Francie
851 602 880 634 a
912 585 1143 645 sinistris;
1178 586 1258 634 alii
1292 602 1429 635 more
1461 587 1620 636 solito.
1661 586 1950 650 Equitarunt

171 689 258 740 per
281 690 319 721 s.
344 673 549 723 Mariam
572 673 618 720 in
640 672 716 720 via
739 673 873 728 Lata,
904 671 1140 733 Campum
1178 670 1320 718 Flore
1345 670 1406 718 ad
1429 670 1684 734 palatium,
1709 669 1790 718 ubi
1818 672 1960 734 Papa·

171 757 443 822 expectavit
464 773 548 805 eos
568 756 618 804 in
640 769 834 804 camera
854 768 1001 816 supra
1025 757 1219 816 portam
1235 754 1428 817 palatii3
1455 757 1503 802 et
1527 770 1639 802 cum
1663 756 1792 818 Papa
1811 755 1951 803 erant

171 841 441 890 cardinales
474 839 851 897 Alexandrinus,
884 854 923 885 S.
963 837 1157 900 Georgii
1188 841 1234 886 et
1264 854 1303 885 s.
1340 837 1471 886 Petri
1502 838 1563 885 ad
1591 837 1814 887 Vincula.
1843 840 1950 885 Dux

167 928 391 990 portatus
429 924 521 972 fuit
558 938 647 987 per
684 923 804 972 duos
838 937 952 970 suos
991 920 1229 980 brachiis,
1267 921 1380 985 quia
1419 937 1517 969 non
1555 921 1714 984 potuit
1751 925 1950 985 propter

168 1010 436 1075 podagram
464 1007 727 1057 ambulare.

237 1097 254 1141 1
284 1096 332 1142 et
353 1096 380 1140 2
405 1092 549 1156 hujus
569 1090 749 1140 mensis
767 1090 998 1154 januarii,
1021 1090 1109 1138 fuit
1131 1088 1369 1138 maximus
1393 1091 1526 1137 terre
1542 1093 1703 1137 motus
1729 1087 1948 1137 Bononie

167 1180 213 1224 et
240 1177 422 1225 Mutine
446 1176 496 1224 in
517 1175 740 1223 noctibus
766 1174 1010 1238 preteritis
1032 1177 1080 1223 et
1102 1172 1435 1238 Sequentibus,
1468 1189 1527 1220 ex
1557 1173 1730 1237 quibus
1755 1171 1949 1220 cecide-

162 1264 280 1309 runt
299 1263 509 1324 quatuor
530 1259 662 1307 mille
689 1260 862 1307 domus
884 1259 961 1307 vel
992 1258 1188 1306 circiter
1211 1258 1260 1305 in
1286 1257 1479 1306 civitate
1505 1256 1740 1316 Bononie,
1767 1271 1866 1304 non
1898 1255 1949 1303 in

159 1346 334 1403 totum,
365 1343 451 1391 sed
471 1343 630 1406 alique
650 1342 698 1390 in
724 1342 879 1401 tectis,
911 1341 1005 1390 alie
1031 1341 1080 1389 in
1110 1341 1215 1389 aliis
1242 1341 1461 1404 partibus
1487 1340 1790 1397 ceciderunt,
1816 1354 1950 1387 cam-

159 1441 287 1490 pane
320 1426 370 1473 in
403 1426 622 1490 pluribus
657 1425 1043 1489 campanalibus,
1069 1424 1292 1473 videlicet
1326 1426 1594 1472 conventus
1625 1439 1666 1471 s.
1703 1422 1948 1471 Francisci

156 1509 207 1557 in
248 1509 416 1558 Platea
439 1512 632 1574 Magna,
661 1509 710 1557 in
740 1511 893 1557 Turre
916 1508 1153 1567 Asinaria,
1188 1512 1237 1557 et
1270 1508 1391 1568 alie;
1425 1512 1473 1556 et
1495 1507 1656 1555 nullus
1689 1506 1945 1555 hominum

158 1596 379 1642 mortuus
397 1596 472 1641 est
492 1593 569 1641 vel
590 1593 764 1641 exinde
784 1593 933 1640 lesus.

225 1677 495 1737 Dominica,
522 1680 549 1726 5
582 1676 813 1742 januarii,
844 1692 1046 1741 vespere
1084 1675 1282 1740 papales
1304 1675 1355 1724 in
1387 1673 1574 1739 capella
1598 1673 1788 1739 maj0ri,
1831 1688 1946 1739 pre-

159 1764 296 1809 sente
321 1762 467 1824 Papa.

225 1846 279 1891 In
305 1843 383 1892 die
406 1842 681 1907 epiphanie,
712 1846 739 1891 6
763 1843 996 1908 januarii,
1024 1843 1174 1891 missa
1195 1841 1244 1889 in
1270 1857 1308 1890 S.
1338 1843 1484 1890 Petro
1512 1856 1658 1905 quam
1680 1840 1945 1890 celebravit

159 1930 325 1974 RmuS.
348 1942 390 1974 S.
420 1927 654 1975 Praxedis
676 1927 955 1986 cardinalis,
981 1930 1111 1991 Papa
1127 1927 1373 1990 presente,
1396 1939 1676 1972 sermonem
1699 1923 1814 1973 fecit
1835 1938 1945 1988 pro-

159 2014 358 2058 curator
379 2010 564 2058 ordinis
588 2026 839 2058 servorum
866 2013 914 2059 et
938 2011 1175 2074 optimam
1202 2008 1482 2057 facundiam
1506 2007 1736 2056 ostendit.

224 2093 311 2143 Die
338 2093 586 2152 mercurii,
617 2097 644 2141 8
666 2094 897 2157 Januarii,
924 2094 974 2141 in
988 2094 1085 2141 fine
1109 2095 1232 2152 rote,
1261 2091 1444 2155 recepti
1468 2091 1724 2140 fueruntet
1742 2089 1942 2140 admissi

158 2182 216 2227 D.
235 2177 504 2226 Mercurius
523 2178 583 2225 de
597 2178 797 2241 Vipera,
815 2180 1200 2236 Beneventanus,
1219 2175 1445 2224 inlocum
1459 2177 1516 2224 N.
1534 2175 1594 2224 de
1612 2174 1872 2234 Porcariis,
1894 2177 1943 2223 et

153 2262 399 2311 Johannes
423 2261 660 2309 Antonius
677 2262 737 2309 de
759 2261 1018 2320 Trivultiis,
1041 2261 1269 2309 inlocum
1285 2262 1342 2307 D.
1364 2259 1562 2309 Antonii
1583 2258 1754 2318 Floris,
1783 2258 1943 2308 archi-

155 2345 371 2410 episcopi
409 2344 782 2406 Avenionensis,
811 2345 1062 2394 auditores
1094 2346 1218 2402 rote,
1245 2346 1294 2391 et
1317 2343 1550 2391 sederunt
1572 2342 1713 2406 juxta
1741 2344 1940 2391 Petrum

156 2430 216 2479 de
241 2428 490 2488 Accolitis,
509 2428 769 2488 decanum,
788 2429 1058 2478 Mercurius
1083 2444 1111 2476 a
1131 2427 1313 2476 dextris
1339 2429 1386 2475 et
1405 2425 1644 2475 Antonius
1662 2441 1691 2474 a
1709 2425 1934 2496 sinistris.

166 2558 169 2560 ,
216 2512 465 2570 Mercurii,
508 2516 564 2560 15
586 2513 818 2576 januarii,
854 2515 912 2560 D.
952 2512 1198 2560 Johannes
1233 2510 1492 2570 Oradinus,
1531 2511 1792 2559 advocatus
1821 2526 1940 2559 con-

154 2595 421 2654 sistorialis,
448 2594 537 2643 fuit
561 2594 800 2643 admissus
823 2595 873 2643 in
897 2595 1128 2643 clericum
1150 2609 1365 2653 camere,
1389 2593 1618 2642 inlocum
1639 2596 1696 2642 D.
1720 2596 1938 2644 Venture

155 2679 374 2744 episcopi
404 2678 750 2738 Massanensis,
776 2679 858 2743 qui
891 2678 1036 2727 cessit
1061 2693 1159 2725 non
1190 2680 1382 2741 sponte,
1408 2678 1457 2725 et
1489 2692 1518 2724 a
1541 2677 1619 2724 die
1641 2676 1715 2724 vel
1747 2676 1938 2725 veneris

151 2763 466 2827 precedente,
498 2766 556 2811 10
592 2762 756 2827 hujuS,
793 2762 842 2810 in
872 2762 1163 2811 consistorio
1197 2765 1405 2819 secrem,
1444 2762 1609 2808 Rmus,
1643 2776 1684 2807 S.
1724 2760 1852 2807 Petri
1876 2760 1939 2808 ad

150 2846 358 2896 Vincula
387 2846 475 2894 fuit
515 2846 808 2910 subrogatus
842 2847 891 2894 in
926 2847 1035 2910 jure
1057 2845 1188 2909 quod
1225 2844 1459 2908 competit
1495 2842 1726 2892 cardinali
1758 2843 1936 2891 Montis

150 2930 360 2995 Regalis,
389 2930 470 2994 qui
508 2946 664 2994 nuper
687 2930 736 2977 in
770 2930 1001 2994 Hispania
1028 2931 1103 2977 est
1123 2929 1224 2978 vita
1255 2927 1465 2988 functuS,
1498 2927 1546 2975 in
1569 2927 1743 2991 quibus
1764 2926 1935 2975 diebus

148 3014 282 3062 venit
305 3014 546 3063 certitudo
567 3014 875 3078 requiescere
899 3014 946 3061 in
972 3028 1094 3077 pace
1120 3012 1200 3078 (1).

201 3174 235 3209 1.
262 3186 281 3206 ‹<
302 3172 368 3209 Die
387 3175 409 3210 8
428 3173 565 3210 mensis
587 3173 747 3222 januarii
774 3178 954 3211 venerunt
981 3185 1073 3211 nove
1096 3174 1142 3210 ad
1170 3173 1304 3221 Urbem
1333 3184 1378 3210 ex
1406 3171 1576 3210 Valentia
1601 3169 1782 3220 quomodo
1802 3169 1934 3209 Rmus.

152 3231 197 3269 D.
226 3230 310 3267 olim
329 3232 521 3269 cardinalis
548 3233 761 3279 Tranensis,
793 3233 1090 3282 archiepiscopus
1118 3234 1253 3270 Montis
1280 3232 1436 3281 Regalis
1467 3231 1516 3269 sit
1542 3234 1728 3274 mortuus3
1751 3233 1787 3266 et
1812 3229 1937 3267 dicunt

151 3289 289 3326 obiisse
308 3302 354 3326 ex
372 3290 491 3339 lapide
511 3293 641 3338 vesice,
664 3305 746 3329 cum
765 3305 831 3342 per
849 3293 986 3341 aliquot
1012 3298 1095 3330 ante
1122 3305 1269 3330 menses
1295 3304 1341 3330 ex
1363 3296 1545 3341 quartana
1561 3290 1766 3327 laborasset
1788 3293 1935 3327 :tamen

152 3348 397 3386 invalescente
417 3350 513 3388 dicto
530 3352 666 3398 dolore,
688 3353 804 3401 prima
824 3354 962 3390 mensis
991 3353 1101 3401 hujus
1127 3354 1310 3390 extinctus
1339 3357 1420 3398 est;
1449 3352 1555 3399 cujus
1582 3349 1703 3386 anima
1729 3348 1934 3396 requieseat

151 3408 189 3444 in
208 3420 311 3456 pace.
326 3409 458 3449 Amen.
485 3425 504 3444 »
520 3412 568 3450 P.
587 3412 631 3449 de
651 3412 812 3455 Grassis,
826 3412 851 3449 f.
866 3413 948 3449 114.
965 3413 1014 3449 Le
1030 3413 1191 3449 cardinal
1207 3413 1251 3449 de
1267 3408 1753 3453 Saint-Pierre-aux-Liens‚
1767 3409 1932 3447 Galeotto

154 3467 349 3505 Franciotti
381 3468 474 3505 della
503 3470 660 3516 Rovere,
687 3471 805 3509 herita
834 3472 878 3508 de
909 3475 992 3510 tous
1023 3471 1075 3508 les
1107 3471 1289 3510 benefices
1321 3471 1368 3507 du
1397 3470 1538 3507 desunt.
1569 3468 1664 3519 Voy.
1695 3466 1930 3513 GiustIniani,

157 3528 184 3562 t.
202 3527 266 3573 III,
288 3539 328 3575 p.
353 3526 441 3566 367.
