2222 3932
0 3840 22 3932 'mv-'v
0 3739 19 3829 ’π’-Ἰ*

110 357 220 399 [Mars
242 358 336 398 1504]
557 357 726 394 RERUM
758 355 1060 394 URBANARUM
1094 354 1444 394 COMMENTARII.
1821 356 1891 392 337

110 464 262 525 Caput
291 476 376 525 pro
408 460 647 525 episcopis
676 463 724 508 et
760 459 1053 523 presbyteris
1091 459 1413 507 cardinalibus
1450 459 1538 507 fuit
1575 459 1635 507 ad
1668 458 1890 529 dextram

111 544 336 592 intrantis
371 544 593 592 eamdem
629 542 863 607 capellam
897 542 1023 589 illius
1050 542 1161 600 loci,
1194 559 1280 606 pro
1310 542 1524 590 dIaconis
1556 543 1615 590 ad
1647 542 1890 590 sinistram

111 627 334 675 intrantis
380 628 603 676 eamdem
649 625 903 690 capellam.
948 625 1229 673 Intimatum
1262 626 1350 673 fuit
1391 625 1717 674 cardinalibus
1764 624 1892 688 quod

109 711 329 759 venirent
350 711 411 758 ad
434 710 682 774 populum,
713 709 834 757 hora
850 708 1083 773 vigesima
1103 709 1259 757 tertia.
1289 709 1478 756 Primus
1502 708 1631 757 venit
1657 708 1886 767 Medices,

112 795 353 842 secundus
372 795 431 842 de
448 793 621 851 Flisco,
644 792 810 840 tertius
830 792 1083 850 Ascanius,
1107 792 1282 840 deinde
1308 792 1405 849 alii,
1438 794 1486 840 et
1512 793 1724 856 primum
1746 808 1892 841 vene-

109 880 222 924 runt
263 877 531 925 cardinales
568 875 782 940 palatini.
831 875 1159 938 Equitavimus
1200 880 1334 923 recta
1378 876 1452 923 via
1497 881 1606 923 ante
1653 875 1892 939 hospitale

112 960 410 1019 Sclavorum,
436 959 633 1007 domum
648 960 907 1017 Casanove,
933 957 1049 1006 olim
1071 958 1363 1017 Parmensis,
1385 959 1443 1006 ad
1464 958 1714 1022 palatium.
1734 961 1893 1006 Novus

111 1041 371 1090 cardinalis
398 1041 628 1104 equitavit
652 1041 778 1088 inter
800 1041 1084 1089 Columnam
1108 1044 1156 1088 et
1173 1041 1433 1089 Ascanium
1457 1041 1627 1088 ultimo
1653 1041 1760 1088 loco
1783 1057 1893 1089 cum

112 1125 298 1189 capello
328 1124 616 1188 episcopali:
648 1125 849 1172 transito
883 1129 1047 1188 ponte,
1080 1125 1398 1188 equitavimus
1424 1124 1551 1173 inter
1580 1125 1819 1172 Medicem
1847 1130 1896 1172 et

112 1207 407 1255 cardinalem
445 1224 483 1254 s.
522 1207 763 1266 Severini,
798 1212 845 1255 et
879 1207 945 1255 illi
981 1207 1075 1256 duo
1113 1211 1458 1271 processerunt
1497 1208 1557 1255 ad
1597 1210 1775 1270 Papam
1813 1206 1894 1269 qui

110 1290 298 1354 accepit
320 1294 603 1354 paramenta
625 1294 672 1339 et
693 1291 835 1339 exivit
856 1290 916 1339 ad
937 1291 1184 1354 publicum
1207 1290 1551 1339 consistorium
1579 1290 1768 1338 obviam
1794 1306 1897 1338 car-

110 1373 347 1421 dinalibus
368 1373 668 1422 venientibus
695 1374 775 1437 qui
797 1374 1097 1423 intraverunt
1120 1390 1367 1423 cameram
1389 1374 1676 1438 paramenti.
1708 1376 1896 1436 Propo-

110 1456 198 1504 site
229 1456 424 1505 suerunt
456 1457 550 1505 due
585 1457 983 1505 commissiones:
1022 1458 1228 1521 primam
1255 1458 1509 1522 proposuit
1541 1460 1598 1505 D.
1635 1457 1810 1505 Paulus
1836 1457 1895 1504 de

112 1539 304 1598 Planca,
335 1541 599 1588 secundam
626 1544 682 1588 D.
711 1541 995 1591 Vincentius
1017 1542 1076 1588 de
1102 1541 1315 1589 Perusia.
1349 1543 1399 1588 In
1426 1541 1519 1588 fine
1542 1541 1713 1604 prime,
1741 1539 1898 1587 cardi-

109 1623 244 1671 nales
259 1623 494 1671 Columna
512 1627 557 1671 et
578 1625 813 1672 Ascanius
833 1625 1023 1672 iverunt
1044 1641 1133 1687 pro
1149 1624 1383 1672 cardinali
1407 1639 1549 1682 novo,
1575 1627 1623 1671 et
1646 1623 1896 1671 Cornelius

114 1710 161 1754 et
191 1706 413 1754 Elnensis
443 1706 521 1769 qui
552 1722 661 1754 cum
688 1723 744 1755 eo
784 1711 1115 1756 remanserant
1148 1723 1157 1754 :
1192 1710 1428 1755 venerunt
1450 1707 1511 1755 ad
1532 1706 1892 1764 consistorium,

114 1789 340 1837 fecerunt
366 1790 685 1837 reverentiam
714 1793 843 1854 Pape
879 1795 926 1838 et
952 1790 1182 1838 sederunt
1211 1791 1272 1838 ad
1306 1790 1415 1838 loca
1451 1807 1551 1838 sua.
1587 1792 1716 1837 Novo
1746 1789 1898 1837 cardi-

113 1873 208 1920 nali
236 1876 507 1937 (postquam
536 1872 622 1920 fuit
655 1873 902 1922 osculatus
931 1874 1078 1937 pedes
1110 1877 1237 1937 Pape
1263 1878 1309 1921 et
1337 1875 1396 1921 ab
1425 1873 1651 1921 omnibus
1674 1873 1895 1921 cardina-

113 1955 238 2003 libus
279 1955 538 2019 receptus)‚
587 1955 810 2005 dedimus
849 1957 1010 2006 locum
1051 1963 1158 2022 post
1198 1957 1492 2005 cardinalem
1535 1957 1892 2004 Mimatensem.

115 2038 278 2085 Finitis
303 2038 543 2098 omnibus,
568 2045 792 2088 cantores
811 2042 1062 2090 dixerunt:
1092 2041 1156 2089 Te
1175 2041 1333 2088 Deum
1354 2059 1363 2099 ;
1389 2046 1436 2089 et
1459 2040 1651 2098 deinde,
1676 2056 1897 2088 reversus

114 2122 175 2169 ad
203 2124 401 2185 Papam,
427 2122 559 2171 dedit
586 2123 630 2172 ei
654 2126 784 2188 Papa
807 2125 1046 2189 capellum
1070 2125 1201 2189 quod
1223 2125 1419 2172 tenebat
1448 2126 1698 2182 Erasmus,
1734 2138 1898 2172 came-

114 2204 268 2252 rarius
287 2210 520 2266 secretus,
548 2206 652 2254 aliis
678 2208 1002 2257 cardinalibus
1023 2209 1217 2258 interim
1244 2208 1292 2256 in
1312 2208 1432 2256 locis
1459 2207 1557 2254 suis
1583 2207 1893 2264 sedentibus;

117 2287 211 2335 alia
241 2304 376 2336 more
416 2289 575 2338 solito.
609 2291 834 2340 Osculato
872 2292 994 2356 pede
1030 2296 1157 2356 Pape
1195 2308 1223 2340 a
1259 2291 1442 2339 familia
1477 2291 1586 2338 novi
1618 2289 1893 2348 cardinalis,

117 2373 248 2435 Papa
271 2371 463 2420 intravit
485 2374 815 2438 Papagallum,
837 2376 1055 2439 prefecto
1071 2376 1290 2423 fimbrias
1313 2375 1559 2423 deferente
1583 2377 1647 2433 et,
1665 2373 1896 2437 depositis

117 2469 204 2516 per
229 2456 408 2517 Papam
430 2458 741 2518 paramentiS,
773 2473 923 2506 novus
944 2459 1034 2506 fuit
1059 2459 1322 2507 associatus
1342 2458 1401 2506 ad
1429 2474 1468 2505 s.
1498 2460 1732 2514 Marcum,
1761 2471 1896 2504 more

119 2536 292 2584 solito:
340 2538 566 2600 equitavit
602 2539 729 2588 inter
766 2542 1049 2590 Columnam
1086 2547 1132 2590 et
1170 2532 1469 2590 Ascanium(
1496 2543 1547 2588 In
1586 2539 1892 2594 consistorio,

118 2618 438 2668 interfuerunt
481 2621 645 2686 viginti
678 2628 864 2686 septem
890 2625 1160 2672 cardinales
1189 2625 1291 2672 sine
1321 2639 1462 2683 novo,
1493 2623 1739 2671 videlicet:
1776 2624 1900 2669 Nea-

118 2702 378 2765 politanus,
421 2706 781 2766 Recanatensis,
821 2723 859 2754 s.
892 2707 1136 2766 Praxedis,
1178 2707 1492 2764 camerarius,
1526 2704 1896 2763 Alexandrinus,

119 2777 482 2850 Agrigentinus,
518 2788 792 2848 Grimanus,
829 2791 1135 2850 Arborensis,
1166 2789 1437 2853 Regiensis,
1475 2788 1783 2845 Cusentinus,
1814 2788 1901 2834 Sa-

117 2866 412 2929 lernitanus,
454 2873 857 2935 Caputaquensis,
903 2875 1169 2933 Cumanus,
1215 2861 1579 2926 Volaterranus,
1618 2871 1677 2918 de
1712 2869 1894 2927 Flisco,

121 2950 454 3015 Legionensis,
482 2953 739 3014 Adrianus,
763 2955 1079 3016 Mimatensis,
1107 2956 1359 3014 Columna,
1386 2953 1638 3010 Ascanius,
1665 2950 1895 3009 Medices,

121 3048 168 3079 s.
220 3035 459 3094 Severini,
509 3039 793 3098 Farnesius,
834 3040 1096 3104 Aragonia,
1149 3039 1207 3087 de
1250 3038 1510 3096 Alibretto,
1557 3034 1807 3085 Cornelius
1853 3037 1902 3081 et

120 3114 356 3165 Elnensis.
401 3121 579 3168 Omnes
616 3121 915 3171 associarunt
951 3139 1126 3170 novum
1159 3122 1454 3170 cardinalem
1493 3120 1553 3167 ad
1589 3135 1627 3166 S.
1664 3120 1895 3175 Marcum,

124 3197 333 3262 demptis
359 3201 681 3252 Alexandrino
708 3207 756 3253 et
778 3205 1110 3269 Agrigentino.

191 3283 241 3329 In
283 3297 322 3329 s.
366 3285 545 3345 Marco,
590 3286 679 3334 fuit
720 3288 988 3336 convivium
1027 3289 1076 3336 in
1119 3289 1259 3336 tertia
1298 3287 1406 3335 aula
1448 3285 1562 3350 [ubi]
1602 3285 1692 3332 due
1734 3298 1900 3331 mense

129 3363 316 3428 [parate
342 3366 577 3433 suerunt]:
607 3370 653 3417 in
677 3386 772 3418 una
792 3373 1111 3420 comederunt
1133 3372 1342 3435 quinque
1368 3368 1651 3426 cardinales,
1678 3366 1903 3414 videlicet

127 3464 167 3496 s.
210 3450 454 3510 Praxedis,
490 3454 808 3514 camerarius,
844 3457 1111 3513 CumanuS‚
1154 3455 1213 3503 de
1244 3454 1398 3501 Flisco
1432 3456 1479 3499 et
1511 3466 1688 3508 novus;
1724 3449 1772 3496 in
1810 3448 1904 3497 alia

314 3561 347 3584 τ.
378 3561 426 3586 m.
858 3562 861 3570 ’-
1526 3550 1572 3585 22
