2202 3918
293 399 363 436 360
724 427 731 437 ,
900 393 1134 431 JOHANNIS
1166 391 1460 439 BURCHARDI,
1857 393 2068 434 [Juin1504]

357 498 611 548 Dominica
659 500 737 556 23,
780 496 830 544 in
863 511 1026 555 mane,
1069 495 1119 544 in
1150 495 1373 544 domibus
1403 494 1666 544 residentie
1706 494 1966 543 cardinalis
2007 497 2066 546 de

291 582 552 646 Aragonia,
592 580 847 644 episcopus
879 579 1246 643 Gallipolitanus
1278 579 1511 629 ordinavit
1552 578 1776 627 eumdem
1811 582 1871 627 D.
1909 580 2069 628 cardi-

290 666 450 714 nalem
492 665 552 712 ad
589 663 967 711 subdiaconatus
1002 662 1253 711 ordinem:
1291 661 1580 710 ordinationi
1607 661 1928 711 interfuerunt
1964 665 2063 712 DD.

291 748 423 797 Paris
451 751 498 796 et
536 746 742 795 Michael
778 746 858 809 qui
894 745 1162 793 retulerunt
1189 745 1307 793 mihi
1336 745 1484 793 fuisse
1518 744 1722 793 omissas
1746 745 2063 804 monitiones;

291 831 454 880 omnia
475 830 568 878 alia
589 829 840 877 observata
859 832 1006 892 prout
1028 828 1077 876 in
1097 828 1361 892 pontificali
1380 845 1389 887 ;
1414 832 1461 877 et
1485 827 1656 877 obtulit
1676 828 1856 887 vinum,
1892 844 2066 892 panem

289 919 334 962 et
359 913 604 962 intorticia
628 927 766 959 more
786 911 943 959 solito.

353 997 534 1045 Eadem
562 995 637 1044 die
662 995 805 1059 junii,
851 998 908 1043 D.
944 994 1200 1059 episcopus
1237 995 1621 1059 GallipolitanuS,
1647 998 1815 1056 Rome,
1842 996 1893 1047 in
1922 996 2066 1045 domo

288 1080 521 1128 Columne
559 1093 705 1141 supra
738 1077 1013 1140 ApostOIOS,
1055 1080 1247 1126 Rmum.
1294 1080 1352 1127 D.
1387 1077 1683 1126 cardinalem
1720 1078 1779 1127 de
1823 1078 2067 1143 Aragonia

286 1167 399 1211 tunc
425 1162 473 1209 in
504 1161 877 1209 subdiaconatus
920 1160 1088 1215 ordine
1114 1161 1444 1220 constitutum,
1482 1162 1726 1224 promovit
1755 1161 1818 1210 ad
1841 1161 2064 1213 ordinem

285 1246 596 1294 diaconatus:
627 1259 718 1308 ego
744 1259 842 1292 non
867 1244 1080 1304 interfui,
1111 1245 1195 1292 sed
1213 1244 1349 1292 Paris
1368 1252 1416 1292 et
1435 1244 1645 1293 Michael
1668 1244 1749 1310 (1).

350 1329 437 1377 Die
460 1328 702 1387 mercurii,
741 1330 801 1375 26
836 1327 951 1375 dicti
987 1327 1185 1386 mensis,
1222 1327 1312 1376 fuit
1342 1327 1688 1376 consistorium
1726 1329 1976 1392 publicum
2013 1330 2063 1378 in

283 1413 416 1460 dicta
436 1412 547 1459 aula
567 1410 751 1474 palatii,
777 1411 827 1458 in
846 1426 941 1474 quo
967 1411 1061 1458 duo
1086 1414 1306 1459 oratores
1331 1411 1638 1459 illustrissimi
1673 1413 1729 1460 D.
1767 1412 2063 1462 marchionis

281 1494 634 1543 Montisserrati
675 1493 994 1557 prestiterunt
1028 1494 1353 1542 obedientiam
1385 1494 1629 1558 publicam
1669 1496 1753 1543 SS.
1793 1498 1850 1544 D.
1875 1499 2058 1545 nostro.

281 1581 426 1627 Lecte
458 1577 653 1625 fuerunt
680 1576 837 1639 primo
869 1575 1032 1624 littere
1065 1576 1281 1640 ejusdem
1316 1577 1633 1636 marchionis,
1677 1577 1850 1626 deinde
1880 1578 2059 1628 instru-

280 1664 500 1710 mentum
546 1660 788 1724 publicum
838 1675 924 1723 per
965 1659 1207 1707 notarium
1248 1660 1571 1724 subscriptum
1613 1660 1663 1708 in
1696 1675 1790 1723 quo
1822 1661 2057 1711 nominati

279 1745 475 1793 fuerunt
520 1743 735 1792 Andreas
788 1743 847 1790 de
891 1742 1114 1802 Novellis,
1160 1742 1414 1806 episcopus
1452 1743 1755 1802 Albanensis,
1810 1744 2057 1793 Johannes

279 1828 563 1877 Franciscus
586 1828 645 1875 de
677 1841 714 1874 s,
753 1827 960 1890 Georgio
992 1842 1157 1875 comes
1191 1826 1249 1875 de
1287 1827 1575 1875 Blandracte
1603 1831 1651 1876 et
1687 1827 1971 1877 Franciscus
1994 1828 2056 1876 de

279 1912 482 1970 Grassis,
503 1910 627 1975 juris
649 1909 895 1973 utriusque
917 1910 1105 1958 doctor.
1142 1910 1408 1973 Episcopus
1442 1910 1678 1958 remansit
1713 1911 1934 1959 infirmus
1969 1927 2058 1975 per

276 1994 421 2054 viam,
448 1994 530 2042 alii
554 1994 650 2041 duo
674 1996 916 2041 venerunt
939 1993 998 2039 ad
1024 1992 1388 2051 consistorium3
1419 1993 1687 2041 orationem
1713 1993 1828 2042 fecit
1843 1993 1923 2042 ille
1950 1994 2058 2044 ulti-

277 2093 384 2125 mus
423 2076 728 2125 Franciscus.
758 2074 1012 2138 Proposite
1050 2075 1245 2123 fuerunt
1278 2075 1370 2122 due
1404 2075 1773 2123 commissiones
1805 2091 1818 2133 :⁴
1847 2076 2055 2139 primam

278 2164 335 2209 D.
392 2160 682 2224 Alphonsus.
713 2158 949 2218 Ricenas,
997 2158 1260 2207 secundam
1313 2161 1371 2206 D.
1413 2158 1657 2206 Johannes
1710 2158 2001 2207 Gozzadinus
2040 2175 2050 2207 :

278 2243 441 2291 omnia
482 2242 574 2290 alia
610 2258 745 2290 more
796 2241 957 2289 solito.
1011 2241 1343 2290 Interfuerunt
1379 2241 1549 2289 decem
1593 2242 1641 2288 et
1674 2245 1861 2304 septem
1899 2242 2056 2290 cardi-

277 2327 429 2385 nales,
466 2325 692 2374 videlicet
751 2324 1127 2383 Ulixbonensis,
1176 2323 1554 2382 RecanatensiS‚
1614 2339 1654 2370 s,
1711 2323 1981 2383 Praxedis,
2013 2340 2052 2371 s.

278 2409 490 2473 Georgii,
528 2407 905 2466 AlexandrinUS,
930 2407 1227 2471 Agrigensis,
1259 2407 1531 2465 GrimanUS,
1562 2406 1867 2467 CusentinuS,
1896 2407 2057 2465 Saler-

279 2494 494 2553 nitanus,
538 2494 929 2551 Beneventanum
977 2491 1314 2551 Bononiensis,
1353 2491 1719 2547 VolaterranuS‚
1770 2490 1829 2539 de
1881 2490 2055 2549 Elisco,

280 2576 537 2635 AdrianuS,
576 2574 892 2633 Mimatensis,
938 2590 974 2623 s.
1011 2574 1139 2622 Petri
1176 2574 1237 2622 ad
1274 2574 1495 2634 Vincula,
1533 2573 1781 2632 Columna,
1816 2573 2060 2637 Aragonia

279 2664 326 2707 et
363 2659 601 2707 Elnensis.
654 2660 769 2706 Post
826 2657 1104 2722 prandium,
1141 2657 1439 2706 intraverunt
1480 2656 1660 2705 Urbem
1695 2657 1789 2704 duo
1839 2659 2058 2711 oratores

280 2743 411 2807 regis
438 2743 616 2791 Scotie.
1694 2791 1696 2793 ,
1833 2786 1841 2795 .

347 2828 492 2887 Jovis,
522 2827 598 2874 die
636 2830 693 2874 27
735 2825 877 2889 junii,
922 2825 1165 2873 celebrate
1205 2824 1403 2872 fuerunt
1440 2823 1489 2871 in
1531 2823 1735 2872 ecclesia
1774 2823 1834 2870 de
1875 2822 2057 2886 Populo

282 2911 481 2974 exequie
500 2911 625 2958 bone
648 2908 881 2956 memorie
907 2907 1163 2955 cardinalis
1191 2910 1432 2955 Casanove
1458 2925 1466 2954 :
1499 2905 1792 2978 paucissima
1814 2919 1926 2963 cera
1948 2903 2053 2952 fuit.

282 2993 532 3042 Intorticia
552 2991 867 3040 cardinalium
894 2991 1089 3038 fuerunt
1110 2992 1320 3053 quatuor
1356 2989 1427 3037 vel
1454 2989 1663 3051 quinque
1686 2983 1937 3045 librarum,
1966 2985 2057 3033 alia

329 3154 364 3189 1.
392 3152 440 3189 Ce
460 3150 686 3200 paragraphe
707 3152 762 3186 est
782 3149 813 3185 le
834 3151 948 3184 meme
970 3148 1060 3184 dans
1082 3148 1133 3184 les
1162 3159 1252 3184 mss.
1276 3147 1319 3183 de
1350 3146 1538 3183 Burchard
1566 3149 1602 3182 et
1626 3145 1670 3181 de
1698 3143 1803 3181 Paris
1825 3143 1870 3180 de
1892 3143 2055 3181 Grassis.

283 3212 468 3248 Burchard
486 3210 580 3246 alors
600 3210 742 3254 absent,
765 3208 829 3244 dut
851 3219 889 3244 se
910 3207 1124 3254 renseigner
1143 3209 1273 3254 aupres
1295 3206 1338 3242 de
1360 3206 1401 3241 P.
1425 3206 1469 3241 de
1491 3204 1651 3242 Grassis.
1675 3202 1833 3240 Celui-ci
1860 3203 1993 3251 charge
2014 3204 2058 3240 de

280 3269 399 3318 regler
424 3270 458 3306 la
477 3268 692 3314 ceremonie,
715 3267 815 3303 remit
832 3269 851 3304 ξι
873 3278 939 3303 son
960 3266 1138 3313 collegae,
1160 3276 1225 3312 par
1242 3264 1345 3308 ecrit,
1370 3268 1462 3300 cette
1485 3263 1603 3300 notice
1630 3274 1700 3310 que
1726 3262 1915 3299 Burchard
1936 3263 2058 3299 insera

282 3331 373 3366 dans
395 3341 459 3365 son
474 3327 633 3377 joui-nal,
656 3338 742 3364 sans
763 3338 787 3374 y
808 3326 882 3362 rien
902 3326 1080 3373 changer.
1104 3325 1155 3360 La
1183 3324 1291 3360 chose
1318 3323 1518 3371 s'explique
1546 3322 1712 3359 d'autant
1728 3321 1850 3357 mieux
1871 3332 1942 3370 que
1962 3321 2056 3358 Bur-

282 3389 390 3424 cbard
410 3401 455 3425 ne
475 3387 692 3425 considerait
712 3398 777 3423 son
794 3384 939 3434 joui-nal
955 3395 1024 3432 que
1046 3395 1182 3419 comme
1196 3395 1242 3418 un
1257 3382 1389 3418 recueil
1405 3382 1448 3418 (le
1463 3381 1791 3429 renseignements,
1805 3392 1892 3416 sans
1910 3390 2053 3417 aucune

284 3447 363 3482 idce
382 3447 424 3482 de
445 3447 476 3482 le
496 3447 636 3494 publici·
658 3459 665 3484 :
687 3445 787 3483 aussi
808 3443 1103 3492 s'explique-t-on
1123 3441 1208 3490 qu'il
1235 3442 1322 3478 n'ait
1341 3453 1407 3489 pas
1429 3443 1544 3488 songe
1575 3443 1596 3476 a
1617 3439 1782 3476 modifier
1809 3439 1845 3475 la
1873 3438 2057 3475 redaction

286 3506 329 3541 de
349 3510 440 3541 cette
462 3506 593 3542 notice.
