<?xml version="1.0" encoding="UTF-8"?>
<!DOCTYPE html PUBLIC "-//W3C//DTD XHTML 1.0 Transitional//EN"
    "http://www.w3.org/TR/xhtml1/DTD/xhtml1-transitional.dtd">
<html xmlns="http://www.w3.org/1999/xhtml" xml:lang="en" lang="en">
 <head>
  <title>
</title>
<meta http-equiv="Content-Type" content="text/html;charset=utf-8" />
  <meta name='ocr-system' content='tesseract 3.04.00' />
  <meta name='ocr-capabilities' content='ocr_page ocr_carea ocr_par ocr_line ocrx_word'/>
</head>
<body>
  <div class='ocr_page' id='page_1' title='image "./diariumsivererum03burcuoft_0435.png"; bbox 0 0 2202 3918; ppageno 0'>
   <div class='ocr_carea' id='block_1_1' title="bbox 164 383 1945 427">
    <p class='ocr_par' dir='ltr' id='par_1_1' title="bbox 164 383 1945 427">
     <span class='ocr_line' id='line_1_1' title="bbox 164 383 1945 427; baseline 0.002 -9"><span class='ocrx_word' id='word_1_1' title='bbox 164 385 245 426; x_wconf 80' lang='lat' dir='ltr'>[Mai</span> <span class='ocrx_word' id='word_1_2' title='bbox 267 385 360 427; x_wconf 75' lang='lat'><strong>1504]</strong></span> <span class='ocrx_word' id='word_1_3' title='bbox 615 385 784 422; x_wconf 80' lang='lat' dir='ltr'>RERUM</span> <span class='ocrx_word' id='word_1_4' title='bbox 810 383 1114 422; x_wconf 82' lang='lat' dir='ltr'><strong>URBANARUM</strong></span> <span class='ocrx_word' id='word_1_5' title='bbox 1147 383 1498 423; x_wconf 87' lang='lat' dir='ltr'><strong>COMMENTARII.</strong></span> <span class='ocrx_word' id='word_1_6' title='bbox 1875 386 1945 423; x_wconf 89' lang='grc'>353</span> 
     </span>
    </p>
   </div>
   <div class='ocr_carea' id='block_1_2' title="bbox 141 486 1945 3219">
    <p class='ocr_par' dir='ltr' id='par_1_2' title="bbox 150 486 1945 2384">
     <span class='ocr_line' id='line_1_2' title="bbox 163 486 1944 552; baseline 0 -17"><span class='ocrx_word' id='word_1_7' title='bbox 163 487 289 548; x_wconf 90' lang='lat' dir='ltr'>albo,</span> <span class='ocrx_word' id='word_1_8' title='bbox 338 489 527 552; x_wconf 92' lang='lat' dir='ltr'>accepit</span> <span class='ocrx_word' id='word_1_9' title='bbox 567 488 828 552; x_wconf 86' lang='lat' dir='ltr'>pulchrum</span> <span class='ocrx_word' id='word_1_10' title='bbox 869 487 1442 550; x_wconf 85' lang='lat' dir='ltr'>biretum,capuccinum</span> <span class='ocrx_word' id='word_1_11' title='bbox 1477 503 1536 536; x_wconf 87' lang='lat' dir='ltr'>ex</span> <span class='ocrx_word' id='word_1_12' title='bbox 1581 486 1859 535; x_wconf 88' lang='lat' dir='ltr'>cremesino</span> <span class='ocrx_word' id='word_1_13' title='bbox 1897 492 1944 535; x_wconf 90' lang='lat' dir='ltr'>et</span> 
     </span>
     <span class='ocr_line' id='line_1_3' title="bbox 163 570 1942 636; baseline -0.001 -17"><span class='ocrx_word' id='word_1_14' title='bbox 163 571 336 620; x_wconf 83' lang='lat' dir='ltr'>stolam</span> <span class='ocrx_word' id='word_1_15' title='bbox 361 572 659 636; x_wconf 87' lang='lat' dir='ltr'>preciosam;</span> <span class='ocrx_word' id='word_1_16' title='bbox 688 571 906 620; x_wconf 86' lang='lat' dir='ltr'>ascendit</span> <span class='ocrx_word' id='word_1_17' title='bbox 928 570 1094 619; x_wconf 88' lang='lat' dir='ltr'>sedem</span> <span class='ocrx_word' id='word_1_18' title='bbox 1115 570 1164 617; x_wconf 91' lang='lat' dir='ltr'>in</span> <span class='ocrx_word' id='word_1_19' title='bbox 1192 586 1286 633; x_wconf 90' lang='lat' dir='ltr'>qua</span> <span class='ocrx_word' id='word_1_20' title='bbox 1307 575 1526 634; x_wconf 87' lang='lat' dir='ltr'>portatus</span> <span class='ocrx_word' id='word_1_21' title='bbox 1551 570 1639 619; x_wconf 87' lang='lat' dir='ltr'>fuit</span> <span class='ocrx_word' id='word_1_22' title='bbox 1661 571 1722 618; x_wconf 87' lang='lat' dir='ltr'>ad</span> <span class='ocrx_word' id='word_1_23' title='bbox 1749 576 1942 619; x_wconf 88' lang='lat' dir='ltr'>sanctos</span> 
     </span>
     <span class='ocr_line' id='line_1_4' title="bbox 162 654 1942 719; baseline -0.001 -15"><span class='ocrx_word' id='word_1_24' title='bbox 162 656 410 719; x_wconf 84' lang='lat' dir='ltr'>apostolos</span> <span class='ocrx_word' id='word_1_25' title='bbox 453 656 530 703; x_wconf 91' lang='lat' dir='ltr'>ubi</span> <span class='ocrx_word' id='word_1_26' title='bbox 560 655 608 703; x_wconf 89' lang='lat' dir='ltr'>in</span> <span class='ocrx_word' id='word_1_27' title='bbox 636 655 765 703; x_wconf 91' lang='lat' dir='ltr'>lodia</span> <span class='ocrx_word' id='word_1_28' title='bbox 800 654 928 713; x_wconf 75' lang='lat' dir='ltr'>ostii,</span> <span class='ocrx_word' id='word_1_29' title='bbox 969 654 1084 702; x_wconf 83' lang='lat' dir='ltr'>fecit</span> <span class='ocrx_word' id='word_1_30' title='bbox 1116 654 1374 718; x_wconf 90' lang='lat' dir='ltr'>prandium</span> <span class='ocrx_word' id='word_1_31' title='bbox 1406 654 1455 701; x_wconf 87' lang='lat' dir='ltr'>in</span> <span class='ocrx_word' id='word_1_32' title='bbox 1481 670 1652 702; x_wconf 90' lang='lat' dir='ltr'>mensa</span> <span class='ocrx_word' id='word_1_33' title='bbox 1687 655 1872 717; x_wconf 87' lang='lat' dir='ltr'>quadra</span> <span class='ocrx_word' id='word_1_34' title='bbox 1894 654 1942 701; x_wconf 92' lang='lat' dir='ltr'>in</span> 
     </span>
     <span class='ocr_line' id='line_1_5' title="bbox 160 737 1943 803; baseline -0.001 -17"><span class='ocrx_word' id='word_1_35' title='bbox 160 739 321 787; x_wconf 89' lang='lat' dir='ltr'>medio</span> <span class='ocrx_word' id='word_1_36' title='bbox 340 739 476 803; x_wconf 86' lang='lat' dir='ltr'>juxta</span> <span class='ocrx_word' id='word_1_37' title='bbox 499 753 692 786; x_wconf 91' lang='lat' dir='ltr'>murum</span> <span class='ocrx_word' id='word_1_38' title='bbox 713 753 723 797; x_wconf 90' lang='grc'>;</span> <span class='ocrx_word' id='word_1_39' title='bbox 743 738 883 802; x_wconf 87' lang='lat' dir='ltr'>juxta</span> <span class='ocrx_word' id='word_1_40' title='bbox 906 741 1095 801; x_wconf 83' lang='lat' dir='ltr'>portam</span> <span class='ocrx_word' id='word_1_41' title='bbox 1130 753 1322 786; x_wconf 88' lang='lat' dir='ltr'>camere</span> <span class='ocrx_word' id='word_1_42' title='bbox 1347 738 1408 786; x_wconf 89' lang='lat' dir='ltr'>ad</span> <span class='ocrx_word' id='word_1_43' title='bbox 1432 737 1536 801; x_wconf 92' lang='lat' dir='ltr'>ejus</span> <span class='ocrx_word' id='word_1_44' title='bbox 1575 738 1824 786; x_wconf 87' lang='lat' dir='ltr'>dexteram</span> <span class='ocrx_word' id='word_1_45' title='bbox 1854 754 1943 801; x_wconf 87' lang='lat' dir='ltr'>per</span> 
     </span>
     <span class='ocr_line' id='line_1_6' title="bbox 158 820 1942 885; baseline 0 -16"><span class='ocrx_word' id='word_1_46' title='bbox 158 821 359 885; x_wconf 86' lang='lat' dir='ltr'>longum</span> <span class='ocrx_word' id='word_1_47' title='bbox 379 822 467 870; x_wconf 78' lang='lat' dir='ltr'>fuit</span> <span class='ocrx_word' id='word_1_48' title='bbox 487 821 644 885; x_wconf 83' lang='lat' dir='ltr'>posita</span> <span class='ocrx_word' id='word_1_49' title='bbox 668 820 832 869; x_wconf 90' lang='lat' dir='ltr'>tabula</span> <span class='ocrx_word' id='word_1_50' title='bbox 856 821 1003 884; x_wconf 86' lang='lat' dir='ltr'>longa</span> <span class='ocrx_word' id='word_1_51' title='bbox 1020 821 1069 868; x_wconf 92' lang='lat' dir='ltr'>in</span> <span class='ocrx_word' id='word_1_52' title='bbox 1092 837 1185 884; x_wconf 90' lang='lat' dir='ltr'>qua</span> <span class='ocrx_word' id='word_1_53' title='bbox 1207 820 1436 869; x_wconf 88' lang='lat' dir='ltr'>sederunt</span> <span class='ocrx_word' id='word_1_54' title='bbox 1454 824 1502 868; x_wconf 88' lang='lat' dir='ltr'>et</span> <span class='ocrx_word' id='word_1_55' title='bbox 1526 821 1688 884; x_wconf 89' lang='lat' dir='ltr'>pransi</span> <span class='ocrx_word' id='word_1_56' title='bbox 1714 826 1821 869; x_wconf 92' lang='lat' dir='ltr'>sunt</span> <span class='ocrx_word' id='word_1_57' title='bbox 1833 837 1942 869; x_wconf 88' lang='lat' dir='ltr'>car-</span> 
     </span>
     <span class='ocr_line' id='line_1_7' title="bbox 160 903 1942 968; baseline 0.001 -17"><span class='ocrx_word' id='word_1_58' title='bbox 160 904 361 964; x_wconf 91' lang='lat' dir='ltr'>dinales,</span> <span class='ocrx_word' id='word_1_59' title='bbox 384 904 605 954; x_wconf 87' lang='lat' dir='ltr'>videlicet</span> <span class='ocrx_word' id='word_1_60' title='bbox 629 921 667 951; x_wconf 93' lang='grc'>5.</span> <span class='ocrx_word' id='word_1_61' title='bbox 693 904 900 968; x_wconf 77' lang='lat' dir='ltr'>Georgii,</span> <span class='ocrx_word' id='word_1_62' title='bbox 918 904 1292 964; x_wconf 88' lang='lat' dir='ltr'>Alexandrinus,</span> <span class='ocrx_word' id='word_1_63' title='bbox 1315 903 1666 964; x_wconf 88' lang='lat' dir='ltr'>Salernitanus,</span> <span class='ocrx_word' id='word_1_64' title='bbox 1694 907 1942 953; x_wconf 91' lang='lat' dir='ltr'>Beneven—</span> 
     </span>
     <span class='ocr_line' id='line_1_8' title="bbox 159 987 1941 1052; baseline 0.001 -17"><span class='ocrx_word' id='word_1_65' title='bbox 159 991 318 1047; x_wconf 80' lang='lat' dir='ltr'><strong>tanus,</strong></span> <span class='ocrx_word' id='word_1_66' title='bbox 343 988 658 1047; x_wconf 81' lang='lat' dir='ltr'>Mimatensis,</span> <span class='ocrx_word' id='word_1_67' title='bbox 687 988 940 1047; x_wconf 86' lang='lat' dir='ltr'>Ascanius,</span> <span class='ocrx_word' id='word_1_68' title='bbox 970 1005 1008 1035; x_wconf 94' lang='grc'>5.</span> <span class='ocrx_word' id='word_1_69' title='bbox 1036 987 1269 1046; x_wconf 79' lang='lat' dir='ltr'>Severini,</span> <span class='ocrx_word' id='word_1_70' title='bbox 1301 987 1572 1047; x_wconf 89' lang='lat' dir='ltr'>Cesarinus,</span> <span class='ocrx_word' id='word_1_71' title='bbox 1596 989 1857 1052; x_wconf 85' lang='lat' dir='ltr'>Aragonia,</span> <span class='ocrx_word' id='word_1_72' title='bbox 1881 989 1941 1036; x_wconf 92' lang='lat' dir='ltr'>de</span> 
     </span>
     <span class='ocr_line' id='line_1_9' title="bbox 158 1071 1943 1135; baseline 0.001 -17"><span class='ocrx_word' id='word_1_73' title='bbox 158 1071 413 1132; x_wconf 88' lang='lat' dir='ltr'>Alibretto,</span> <span class='ocrx_word' id='word_1_74' title='bbox 441 1072 1004 1135; x_wconf 85' lang='lat' dir='ltr'>Constantinopolitanus</span> <span class='ocrx_word' id='word_1_75' title='bbox 1026 1075 1074 1120; x_wconf 85' lang='lat' dir='ltr'>et</span> <span class='ocrx_word' id='word_1_76' title='bbox 1096 1071 1331 1120; x_wconf 81' lang='lat' dir='ltr'>Columna</span> <span class='ocrx_word' id='word_1_77' title='bbox 1361 1071 1444 1135; x_wconf 92' lang='lat' dir='ltr'>qui</span> <span class='ocrx_word' id='word_1_78' title='bbox 1479 1072 1606 1119; x_wconf 87' lang='lat' dir='ltr'>sedit</span> <span class='ocrx_word' id='word_1_79' title='bbox 1642 1072 1853 1131; x_wconf 85' lang='lat' dir='ltr'>ultimus,</span> <span class='ocrx_word' id='word_1_80' title='bbox 1893 1075 1943 1120; x_wconf 89' lang='lat' dir='ltr'>et</span> 
     </span>
     <span class='ocr_line' id='line_1_10' title="bbox 156 1151 1942 1220; baseline 0 -18"><span class='ocrx_word' id='word_1_81' title='bbox 156 1158 266 1217; x_wconf 91' lang='lat' dir='ltr'>post</span> <span class='ocrx_word' id='word_1_82' title='bbox 287 1170 370 1203; x_wconf 86' lang='lat' dir='ltr'>eos</span> <span class='ocrx_word' id='word_1_83' title='bbox 394 1155 490 1203; x_wconf 87' lang='lat' dir='ltr'>dux</span> <span class='ocrx_word' id='word_1_84' title='bbox 512 1155 694 1203; x_wconf 90' lang='lat' dir='ltr'>Urbini.</span> <span class='ocrx_word' id='word_1_85' title='bbox 721 1155 874 1202; x_wconf 89' lang='lat' dir='ltr'>Finito</span> <span class='ocrx_word' id='word_1_86' title='bbox 897 1155 1127 1218; x_wconf 88' lang='lat' dir='ltr'>prandio,·</span> <span class='ocrx_word' id='word_1_87' title='bbox 1157 1151 1260 1219; x_wconf 81' lang='lat' dir='ltr'>ego&#39;</span> <span class='ocrx_word' id='word_1_88' title='bbox 1289 1154 1356 1201; x_wconf 87' lang='lat' dir='ltr'>sui</span> <span class='ocrx_word' id='word_1_89' title='bbox 1398 1158 1693 1218; x_wconf 81' lang='lat' dir='ltr'>conquestus</span> <span class='ocrx_word' id='word_1_90' title='bbox 1724 1155 1783 1203; x_wconf 87' lang='lat' dir='ltr'>de</span> <span class='ocrx_word' id='word_1_91' title='bbox 1817 1155 1942 1220; x_wconf 89' lang='lat' dir='ltr'>inju-</span> 
     </span>
     <span class='ocr_line' id='line_1_11' title="bbox 156 1237 1945 1302; baseline 0 -17"><span class='ocrx_word' id='word_1_92' title='bbox 156 1238 232 1286; x_wconf 87' lang='lat' dir='ltr'>ria</span> <span class='ocrx_word' id='word_1_93' title='bbox 249 1237 622 1287; x_wconf 84' lang='lat' dir='ltr'>locumtenentis</span> <span class='ocrx_word' id='word_1_94' title='bbox 648 1238 763 1288; x_wconf 88' lang='lat' dir='ltr'>Cani</span> <span class='ocrx_word' id='word_1_95' title='bbox 802 1243 849 1286; x_wconf 89' lang='lat' dir='ltr'>et</span> <span class='ocrx_word' id='word_1_96' title='bbox 882 1237 1080 1286; x_wconf 88' lang='lat' dir='ltr'>Achillis</span> <span class='ocrx_word' id='word_1_97' title='bbox 1109 1238 1168 1286; x_wconf 93' lang='lat' dir='ltr'>de</span> <span class='ocrx_word' id='word_1_98' title='bbox 1206 1238 1424 1296; x_wconf 86' lang='lat' dir='ltr'>Grassis;</span> <span class='ocrx_word' id='word_1_99' title='bbox 1463 1242 1512 1286; x_wconf 87' lang='lat' dir='ltr'>et</span> <span class='ocrx_word' id='word_1_100' title='bbox 1541 1240 1675 1302; x_wconf 86' lang='lat' dir='ltr'>Papa</span> <span class='ocrx_word' id='word_1_101' title='bbox 1700 1238 1945 1286; x_wconf 84' lang='lat' dir='ltr'><strong>commisit</strong></span> 
     </span>
     <span class='ocr_line' id='line_1_12' title="bbox 154 1321 1943 1386; baseline 0 -17"><span class='ocrx_word' id='word_1_102' title='bbox 154 1321 478 1371; x_wconf 85' lang='lat' dir='ltr'>Alexandrino</span> <span class='ocrx_word' id='word_1_103' title='bbox 491 1323 569 1386; x_wconf 92' lang='lat' dir='ltr'>qui</span> <span class='ocrx_word' id='word_1_104' title='bbox 586 1322 773 1370; x_wconf 87' lang='lat' dir='ltr'>audiret</span> <span class='ocrx_word' id='word_1_105' title='bbox 794 1338 899 1381; x_wconf 86' lang='lat' dir='ltr'>nos,</span> <span class='ocrx_word' id='word_1_106' title='bbox 921 1322 1145 1370; x_wconf 89' lang='lat' dir='ltr'>videlicet</span> <span class='ocrx_word' id='word_1_107' title='bbox 1162 1322 1390 1370; x_wconf 78' lang='lat' dir='ltr'>Paridem</span> <span class='ocrx_word' id='word_1_108' title='bbox 1411 1326 1457 1371; x_wconf 91' lang='lat' dir='ltr'>et</span> <span class='ocrx_word' id='word_1_109' title='bbox 1472 1337 1549 1370; x_wconf 90' lang='lat' dir='ltr'>me</span> <span class='ocrx_word' id='word_1_110' title='bbox 1572 1338 1582 1370; x_wconf 77' lang='grc' dir='ltr'>ε</span> <span class='ocrx_word' id='word_1_111' title='bbox 1615 1321 1791 1370; x_wconf 92' lang='lat' dir='ltr'>deinde</span> <span class='ocrx_word' id='word_1_112' title='bbox 1814 1324 1943 1385; x_wconf 83' lang='lat' dir='ltr'>Papa</span> 
     </span>
     <span class='ocr_line' id='line_1_13' title="bbox 154 1404 1942 1469; baseline 0.001 -17"><span class='ocrx_word' id='word_1_113' title='bbox 154 1404 286 1453; x_wconf 84' lang='lat' dir='ltr'>dedit</span> <span class='ocrx_word' id='word_1_114' title='bbox 307 1420 357 1454; x_wconf 90' lang='lat' dir='ltr'>se</span> <span class='ocrx_word' id='word_1_115' title='bbox 377 1406 529 1469; x_wconf 80' lang='lat' dir='ltr'>quieti</span> <span class='ocrx_word' id='word_1_116' title='bbox 550 1406 612 1454; x_wconf 90' lang='lat' dir='ltr'>ad</span> <span class='ocrx_word' id='word_1_117' title='bbox 635 1406 752 1454; x_wconf 89' lang='lat' dir='ltr'>duas</span> <span class='ocrx_word' id='word_1_118' title='bbox 777 1405 921 1454; x_wconf 89' lang='lat' dir='ltr'>horas</span> <span class='ocrx_word' id='word_1_119' title='bbox 942 1414 1013 1454; x_wconf 82' lang='lat' dir='ltr'>vel</span> <span class='ocrx_word' id='word_1_120' title='bbox 1042 1406 1188 1454; x_wconf 87' lang='lat' dir='ltr'>circa.</span> <span class='ocrx_word' id='word_1_121' title='bbox 1212 1405 1348 1453; x_wconf 83' lang='lat' dir='ltr'>Dicte</span> <span class='ocrx_word' id='word_1_122' title='bbox 1372 1409 1484 1453; x_wconf 88' lang='lat' dir='ltr'>sunt</span> <span class='ocrx_word' id='word_1_123' title='bbox 1510 1421 1711 1469; x_wconf 90' lang='lat' dir='ltr'>vespere</span> <span class='ocrx_word' id='word_1_124' title='bbox 1739 1410 1787 1453; x_wconf 91' lang='lat' dir='ltr'>et</span> <span class='ocrx_word' id='word_1_125' title='bbox 1812 1407 1942 1469; x_wconf 86' lang='lat' dir='ltr'>Papa</span> 
     </span>
     <span class='ocr_line' id='line_1_14' title="bbox 154 1487 1937 1552; baseline 0 -17"><span class='ocrx_word' id='word_1_126' title='bbox 154 1487 373 1537; x_wconf 89' lang='lat' dir='ltr'>ascendit</span> <span class='ocrx_word' id='word_1_127' title='bbox 413 1490 475 1537; x_wconf 89' lang='lat' dir='ltr'>ad</span> <span class='ocrx_word' id='word_1_128' title='bbox 515 1490 676 1538; x_wconf 89' lang='lat' dir='ltr'>locum</span> <span class='ocrx_word' id='word_1_129' title='bbox 719 1490 914 1537; x_wconf 88' lang='lat' dir='ltr'>solitum</span> <span class='ocrx_word' id='word_1_130' title='bbox 958 1494 1129 1538; x_wconf 88' lang='lat' dir='ltr'>contra</span> <span class='ocrx_word' id='word_1_131' title='bbox 1164 1489 1397 1552; x_wconf 77' lang='lat' dir='ltr'>reliquias</span> <span class='ocrx_word' id='word_1_132' title='bbox 1431 1505 1550 1552; x_wconf 87' lang='lat' dir='ltr'>quas</span> <span class='ocrx_word' id='word_1_133' title='bbox 1575 1489 1755 1537; x_wconf 86' lang='lat' dir='ltr'>ibidem</span> <span class='ocrx_word' id='word_1_134' title='bbox 1791 1488 1937 1536; x_wconf 89' lang='lat' dir='ltr'>vidit:</span> 
     </span>
     <span class='ocr_line' id='line_1_15' title="bbox 153 1571 1939 1636; baseline 0 -17"><span class='ocrx_word' id='word_1_135' title='bbox 153 1571 344 1631; x_wconf 91' lang='lat' dir='ltr'>deinde,</span> <span class='ocrx_word' id='word_1_136' title='bbox 367 1575 537 1636; x_wconf 88' lang='lat' dir='ltr'>aperta</span> <span class='ocrx_word' id='word_1_137' title='bbox 561 1579 723 1636; x_wconf 87' lang='lat' dir='ltr'>sporta</span> <span class='ocrx_word' id='word_1_138' title='bbox 736 1574 823 1620; x_wconf 90' lang='lat' dir='ltr'>sub</span> <span class='ocrx_word' id='word_1_139' title='bbox 842 1573 1056 1620; x_wconf 77' lang='lat' dir='ltr'>trabibus</span> <span class='ocrx_word' id='word_1_140' title='bbox 1077 1572 1213 1630; x_wconf 81' lang='lat' dir='ltr'>tecti,</span> <span class='ocrx_word' id='word_1_141' title='bbox 1235 1573 1462 1620; x_wconf 85' lang='lat' dir='ltr'>exierunt</span> <span class='ocrx_word' id='word_1_142' title='bbox 1478 1572 1590 1620; x_wconf 90' lang='lat' dir='ltr'>inde</span> <span class='ocrx_word' id='word_1_143' title='bbox 1606 1572 1766 1634; x_wconf 90' lang='lat' dir='ltr'>qualie</span> <span class='ocrx_word' id='word_1_144' title='bbox 1789 1571 1939 1619; x_wconf 85' lang='lat' dir='ltr'>multe</span> 
     </span>
     <span class='ocr_line' id='line_1_16' title="bbox 155 1654 1940 1719; baseline 0.001 -19"><span class='ocrx_word' id='word_1_145' title='bbox 155 1657 203 1701; x_wconf 92' lang='lat' dir='ltr'>et</span> <span class='ocrx_word' id='word_1_146' title='bbox 227 1654 439 1702; x_wconf 86' lang='lat' dir='ltr'>faisanus</span> <span class='ocrx_word' id='word_1_147' title='bbox 463 1671 603 1714; x_wconf 92' lang='lat' dir='ltr'>unus,</span> <span class='ocrx_word' id='word_1_148' title='bbox 628 1659 676 1703; x_wconf 84' lang='lat' dir='ltr'>et</span> <span class='ocrx_word' id='word_1_149' title='bbox 698 1659 827 1718; x_wconf 83' lang='lat' dir='ltr'>Papa</span> <span class='ocrx_word' id='word_1_150' title='bbox 847 1660 894 1703; x_wconf 90' lang='lat' dir='ltr'>et</span> <span class='ocrx_word' id='word_1_151' title='bbox 910 1655 1181 1703; x_wconf 76' lang='lat' dir='ltr'>cardinales</span> <span class='ocrx_word' id='word_1_152' title='bbox 1201 1656 1514 1719; x_wconf 89' lang='lat' dir='ltr'>projecerunt</span> <span class='ocrx_word' id='word_1_153' title='bbox 1530 1655 1708 1703; x_wconf 87' lang='lat' dir='ltr'>multos</span> <span class='ocrx_word' id='word_1_154' title='bbox 1730 1654 1940 1702; x_wconf 86' lang='lat' dir='ltr'>faisanos</span> 
     </span>
     <span class='ocr_line' id='line_1_17' title="bbox 155 1737 1942 1801; baseline 0 -17"><span class='ocrx_word' id='word_1_155' title='bbox 155 1741 203 1784; x_wconf 90' lang='lat' dir='ltr'>et</span> <span class='ocrx_word' id='word_1_156' title='bbox 223 1737 537 1785; x_wconf 88' lang='lat' dir='ltr'>multissimas</span> <span class='ocrx_word' id='word_1_157' title='bbox 576 1738 797 1801; x_wconf 87' lang='lat' dir='ltr'>qualias:</span> <span class='ocrx_word' id='word_1_158' title='bbox 842 1737 1033 1786; x_wconf 87' lang='lat' dir='ltr'>tandem</span> <span class='ocrx_word' id='word_1_159' title='bbox 1068 1737 1226 1786; x_wconf 84' lang='lat' dir='ltr'>factus</span> <span class='ocrx_word' id='word_1_160' title='bbox 1271 1737 1414 1785; x_wconf 91' lang='lat' dir='ltr'>ludus</span> <span class='ocrx_word' id='word_1_161' title='bbox 1457 1738 1587 1801; x_wconf 84' lang='lat' dir='ltr'>galli,</span> <span class='ocrx_word' id='word_1_162' title='bbox 1629 1737 1705 1785; x_wconf 89' lang='lat' dir='ltr'>cui</span> <span class='ocrx_word' id='word_1_163' title='bbox 1750 1737 1942 1785; x_wconf 90' lang='lat' dir='ltr'>fuerunt</span> 
     </span>
     <span class='ocr_line' id='line_1_18' title="bbox 153 1820 1942 1884; baseline 0 -17"><span class='ocrx_word' id='word_1_164' title='bbox 153 1824 366 1868; x_wconf 85' lang='lat' dir='ltr'>extracte</span> <span class='ocrx_word' id='word_1_165' title='bbox 389 1835 557 1868; x_wconf 91' lang='lat' dir='ltr'>omnes</span> <span class='ocrx_word' id='word_1_166' title='bbox 576 1836 734 1884; x_wconf 91' lang='lat' dir='ltr'>penne</span> <span class='ocrx_word' id='word_1_167' title='bbox 757 1825 803 1868; x_wconf 89' lang='lat' dir='ltr'>et</span> <span class='ocrx_word' id='word_1_168' title='bbox 827 1825 1045 1868; x_wconf 90' lang='lat' dir='ltr'>mortuus</span> <span class='ocrx_word' id='word_1_169' title='bbox 1087 1837 1097 1879; x_wconf 89' lang='grc'>;</span> <span class='ocrx_word' id='word_1_170' title='bbox 1124 1823 1290 1868; x_wconf 88' lang='lat' dir='ltr'>tamen</span> <span class='ocrx_word' id='word_1_171' title='bbox 1315 1836 1414 1868; x_wconf 90' lang='lat' dir='ltr'>non</span> <span class='ocrx_word' id='word_1_172' title='bbox 1436 1821 1526 1868; x_wconf 88' lang='lat' dir='ltr'>fuit</span> <span class='ocrx_word' id='word_1_173' title='bbox 1558 1824 1725 1884; x_wconf 81' lang='lat' dir='ltr'>captus</span> <span class='ocrx_word' id='word_1_174' title='bbox 1756 1821 1815 1868; x_wconf 86' lang='lat' dir='ltr'>ab</span> <span class='ocrx_word' id='word_1_175' title='bbox 1855 1820 1942 1868; x_wconf 89' lang='lat' dir='ltr'>ali-</span> 
     </span>
     <span class='ocr_line' id='line_1_19' title="bbox 155 1903 1942 1967; baseline 0.001 -18"><span class='ocrx_word' id='word_1_176' title='bbox 155 1917 267 1965; x_wconf 92' lang='lat' dir='ltr'>quo.</span> <span class='ocrx_word' id='word_1_177' title='bbox 291 1903 447 1952; x_wconf 91' lang='lat' dir='ltr'>Finito</span> <span class='ocrx_word' id='word_1_178' title='bbox 482 1905 592 1963; x_wconf 90' lang='lat' dir='ltr'>hoc,</span> <span class='ocrx_word' id='word_1_179' title='bbox 625 1907 755 1967; x_wconf 81' lang='lat' dir='ltr'>Papa</span> <span class='ocrx_word' id='word_1_180' title='bbox 795 1903 1047 1952; x_wconf 86' lang='lat' dir='ltr'>descendit</span> <span class='ocrx_word' id='word_1_181' title='bbox 1082 1903 1140 1951; x_wconf 89' lang='lat' dir='ltr'>ad</span> <span class='ocrx_word' id='word_1_182' title='bbox 1181 1919 1428 1951; x_wconf 87' lang='lat' dir='ltr'>cameram</span> <span class='ocrx_word' id='word_1_183' title='bbox 1472 1904 1602 1951; x_wconf 78' lang='lat' dir='ltr'>horti</span> <span class='ocrx_word' id='word_1_184' title='bbox 1640 1904 1720 1952; x_wconf 91' lang='lat' dir='ltr'>ubi</span> <span class='ocrx_word' id='word_1_185' title='bbox 1753 1904 1942 1967; x_wconf 88' lang='lat' dir='ltr'>accepit</span> 
     </span>
     <span class='ocr_line' id='line_1_20' title="bbox 154 1986 1942 2050; baseline 0.001 -17"><span class='ocrx_word' id='word_1_186' title='bbox 154 1986 598 2046; x_wconf 86' lang='lat' dir='ltr'>amictum,albam,</span> <span class='ocrx_word' id='word_1_187' title='bbox 624 1987 1111 2050; x_wconf 82' lang='lat' dir='ltr'>cingulumrubrum,</span> <span class='ocrx_word' id='word_1_188' title='bbox 1147 1987 1438 2050; x_wconf 80' lang='lat' dir='ltr'>capuccium</span> <span class='ocrx_word' id='word_1_189' title='bbox 1467 1988 1528 2035; x_wconf 92' lang='lat' dir='ltr'>de</span> <span class='ocrx_word' id='word_1_190' title='bbox 1563 1987 1858 2046; x_wconf 88' lang='lat' dir='ltr'>cremesino,</span> <span class='ocrx_word' id='word_1_191' title='bbox 1893 1990 1942 2036; x_wconf 85' lang='lat' dir='ltr'>et</span> 
     </span>
     <span class='ocr_line' id='line_1_21' title="bbox 153 2068 1942 2134; baseline 0.001 -18"><span class='ocrx_word' id='word_1_192' title='bbox 153 2068 377 2133; x_wconf 88' lang='lat' dir='ltr'>desuper,</span> <span class='ocrx_word' id='word_1_193' title='bbox 414 2070 588 2118; x_wconf 90' lang='lat' dir='ltr'>stolam</span> <span class='ocrx_word' id='word_1_194' title='bbox 627 2070 905 2134; x_wconf 80' lang='lat' dir='ltr'>pulchram3</span> <span class='ocrx_word' id='word_1_195' title='bbox 952 2073 1017 2128; x_wconf 86' lang='lat' dir='ltr'>et,</span> <span class='ocrx_word' id='word_1_196' title='bbox 1068 2076 1269 2133; x_wconf 89' lang='lat' dir='ltr'>accepto</span> <span class='ocrx_word' id='word_1_197' title='bbox 1304 2070 1460 2118; x_wconf 92' lang='lat' dir='ltr'>bireto</span> <span class='ocrx_word' id='word_1_198' title='bbox 1510 2070 1674 2131; x_wconf 90' lang='lat' dir='ltr'>rubro,</span> <span class='ocrx_word' id='word_1_199' title='bbox 1721 2071 1942 2119; x_wconf 86' lang='lat' dir='ltr'>ascendit</span> 
     </span>
     <span class='ocr_line' id='line_1_22' title="bbox 151 2152 1942 2217; baseline 0.002 -18"><span class='ocrx_word' id='word_1_200' title='bbox 151 2152 330 2200; x_wconf 88' lang='lat' dir='ltr'>mulam</span> <span class='ocrx_word' id='word_1_201' title='bbox 363 2158 410 2202; x_wconf 89' lang='lat' dir='ltr'>et</span> <span class='ocrx_word' id='word_1_202' title='bbox 445 2153 672 2217; x_wconf 85' lang='lat' dir='ltr'>equitavit</span> <span class='ocrx_word' id='word_1_203' title='bbox 703 2170 873 2203; x_wconf 88' lang='lat' dir='ltr'>versus</span> <span class='ocrx_word' id='word_1_204' title='bbox 905 2153 1171 2200; x_wconf 88' lang='lat' dir='ltr'>Minervam</span> <span class='ocrx_word' id='word_1_205' title='bbox 1211 2169 1299 2216; x_wconf 90' lang='lat' dir='ltr'>per</span> <span class='ocrx_word' id='word_1_206' title='bbox 1338 2154 1552 2217; x_wconf 86' lang='lat' dir='ltr'>plateam</span> <span class='ocrx_word' id='word_1_207' title='bbox 1585 2154 1849 2202; x_wconf 83' lang='lat' dir='ltr'>rotundam</span> <span class='ocrx_word' id='word_1_208' title='bbox 1894 2159 1942 2202; x_wconf 91' lang='lat' dir='ltr'>et</span> 
     </span>
     <span class='ocr_line' id='line_1_23' title="bbox 150 2235 1939 2301; baseline 0.001 -19"><span class='ocrx_word' id='word_1_209' title='bbox 150 2235 362 2298; x_wconf 90' lang='lat' dir='ltr'>plateam</span> <span class='ocrx_word' id='word_1_210' title='bbox 382 2237 549 2284; x_wconf 88' lang='lat' dir='ltr'>Turris</span> <span class='ocrx_word' id='word_1_211' title='bbox 565 2237 838 2301; x_wconf 83' lang='lat' dir='ltr'>Sanguinee</span> <span class='ocrx_word' id='word_1_212' title='bbox 860 2237 920 2284; x_wconf 92' lang='lat' dir='ltr'>ad</span> <span class='ocrx_word' id='word_1_213' title='bbox 941 2241 1140 2300; x_wconf 87' lang='lat' dir='ltr'>pontem</span> <span class='ocrx_word' id='word_1_214' title='bbox 1158 2251 1196 2283; x_wconf 90' lang='lat' dir='ltr'>s.</span> <span class='ocrx_word' id='word_1_215' title='bbox 1221 2236 1411 2300; x_wconf 85' lang='lat' dir='ltr'>Angeli,</span> <span class='ocrx_word' id='word_1_216' title='bbox 1432 2236 1514 2284; x_wconf 89' lang='lat' dir='ltr'>ubi</span> <span class='ocrx_word' id='word_1_217' title='bbox 1537 2236 1670 2285; x_wconf 89' lang='lat' dir='ltr'>dedit</span> <span class='ocrx_word' id='word_1_218' title='bbox 1692 2236 1939 2285; x_wconf 88' lang='lat' dir='ltr'>licentiam</span> 
     </span>
     <span class='ocr_line' id='line_1_24' title="bbox 152 2319 1431 2384; baseline 0.002 -18"><span class='ocrx_word' id='word_1_219' title='bbox 152 2319 498 2379; x_wconf 84' lang='lat' dir='ltr'>cardinalibuS,</span> <span class='ocrx_word' id='word_1_220' title='bbox 527 2325 574 2368; x_wconf 80' lang='lat' dir='ltr'>et</span> <span class='ocrx_word' id='word_1_221' title='bbox 597 2321 823 2384; x_wconf 86' lang='lat' dir='ltr'>equitavit</span> <span class='ocrx_word' id='word_1_222' title='bbox 843 2326 977 2368; x_wconf 88' lang='lat' dir='ltr'>recta</span> <span class='ocrx_word' id='word_1_223' title='bbox 1000 2319 1075 2367; x_wconf 88' lang='lat' dir='ltr'>via</span> <span class='ocrx_word' id='word_1_224' title='bbox 1097 2319 1156 2366; x_wconf 91' lang='lat' dir='ltr'>ad</span> <span class='ocrx_word' id='word_1_225' title='bbox 1182 2320 1431 2383; x_wconf 87' lang='lat' dir='ltr'>palatium.</span> 
     </span>
    </p>

    <p class='ocr_par' dir='ltr' id='par_1_3' title="bbox 141 2402 1939 3118">
     <span class='ocr_line' id='line_1_25' title="bbox 217 2402 1939 2467; baseline 0.002 -18"><span class='ocrx_word' id='word_1_226' title='bbox 217 2403 318 2450; x_wconf 91' lang='lat' dir='ltr'>Hoc</span> <span class='ocrx_word' id='word_1_227' title='bbox 340 2418 482 2450; x_wconf 90' lang='lat' dir='ltr'>mane</span> <span class='ocrx_word' id='word_1_228' title='bbox 505 2403 830 2451; x_wconf 84' lang='lat' dir='ltr'>interfuerunt</span> <span class='ocrx_word' id='word_1_229' title='bbox 849 2404 1014 2467; x_wconf 83' lang='lat' dir='ltr'>viginti</span> <span class='ocrx_word' id='word_1_230' title='bbox 1036 2402 1129 2450; x_wconf 92' lang='lat' dir='ltr'>duo</span> <span class='ocrx_word' id='word_1_231' title='bbox 1157 2403 1446 2463; x_wconf 85' lang='lat' dir='ltr'>cardinales,</span> <span class='ocrx_word' id='word_1_232' title='bbox 1477 2404 1701 2453; x_wconf 89' lang='lat' dir='ltr'>videlicet</span> <span class='ocrx_word' id='word_1_233' title='bbox 1723 2421 1762 2452; x_wconf 90' lang='grc'>5.</span> <span class='ocrx_word' id='word_1_234' title='bbox 1793 2406 1939 2452; x_wconf 84' lang='lat' dir='ltr'>Geor-</span> 
     </span>
     <span class='ocr_line' id='line_1_26' title="bbox 153 2483 1934 2553; baseline 0.002 -23"><span class='ocrx_word' id='word_1_235' title='bbox 153 2483 234 2547; x_wconf 86' lang='lat' dir='ltr'>gii,</span> <span class='ocrx_word' id='word_1_236' title='bbox 257 2485 627 2545; x_wconf 83' lang='lat' dir='ltr'>Alexandrinus,</span> <span class='ocrx_word' id='word_1_237' title='bbox 652 2503 692 2533; x_wconf 91' lang='lat' dir='ltr'>s.</span> <span class='ocrx_word' id='word_1_238' title='bbox 735 2486 918 2545; x_wconf 89' lang='lat' dir='ltr'>Crucis,</span> <span class='ocrx_word' id='word_1_239' title='bbox 946 2486 1219 2544; x_wconf 88' lang='lat' dir='ltr'>Grimanus,</span> <span class='ocrx_word' id='word_1_240' title='bbox 1250 2486 1554 2553; x_wconf 80' lang='lat' dir='ltr'>CusentinUS,</span> <span class='ocrx_word' id='word_1_241' title='bbox 1587 2488 1934 2547; x_wconf 85' lang='lat' dir='ltr'>Salernitanus,</span> 
     </span>
     <span class='ocr_line' id='line_1_27' title="bbox 154 2568 1932 2634; baseline 0.002 -20"><span class='ocrx_word' id='word_1_242' title='bbox 154 2568 543 2627; x_wconf 79' lang='lat' dir='ltr'>BeneventanuS,</span> <span class='ocrx_word' id='word_1_243' title='bbox 566 2569 901 2627; x_wconf 87' lang='lat' dir='ltr'>Bononiensis,</span> <span class='ocrx_word' id='word_1_244' title='bbox 928 2569 1294 2627; x_wconf 89' lang='lat' dir='ltr'>Volaterranus,</span> <span class='ocrx_word' id='word_1_245' title='bbox 1321 2570 1380 2618; x_wconf 93' lang='lat' dir='ltr'>de</span> <span class='ocrx_word' id='word_1_246' title='bbox 1404 2570 1576 2630; x_wconf 87' lang='lat' dir='ltr'>Flisco,</span> <span class='ocrx_word' id='word_1_247' title='bbox 1602 2571 1932 2634; x_wconf 80' lang='lat' dir='ltr'>Legionensis,</span> 
     </span>
     <span class='ocr_line' id='line_1_28' title="bbox 152 2650 1932 2711; baseline 0.002 -14"><span class='ocrx_word' id='word_1_248' title='bbox 152 2650 412 2710; x_wconf 86' lang='lat' dir='ltr'>Adrianus,</span> <span class='ocrx_word' id='word_1_249' title='bbox 472 2652 734 2710; x_wconf 90' lang='lat' dir='ltr'>Casanova,</span> <span class='ocrx_word' id='word_1_250' title='bbox 789 2652 1114 2710; x_wconf 86' lang='lat' dir='ltr'>Mimatensis,</span> <span class='ocrx_word' id='word_1_251' title='bbox 1170 2652 1430 2711; x_wconf 88' lang='lat' dir='ltr'>Columna,</span> <span class='ocrx_word' id='word_1_252' title='bbox 1488 2653 1932 2711; x_wconf 85' lang='lat' dir='ltr'>vicecancellarius,</span> 
     </span>
     <span class='ocr_line' id='line_1_29' title="bbox 151 2734 1936 2798; baseline 0.002 -18"><span class='ocrx_word' id='word_1_253' title='bbox 151 2734 383 2794; x_wconf 86' lang='lat' dir='ltr'>Medices,</span> <span class='ocrx_word' id='word_1_254' title='bbox 424 2752 462 2783; x_wconf 92' lang='lat' dir='ltr'>s.</span> <span class='ocrx_word' id='word_1_255' title='bbox 497 2736 729 2794; x_wconf 87' lang='lat' dir='ltr'>Severini,</span> <span class='ocrx_word' id='word_1_256' title='bbox 774 2735 1044 2793; x_wconf 86' lang='lat' dir='ltr'>Cesarinus,</span> <span class='ocrx_word' id='word_1_257' title='bbox 1092 2735 1152 2783; x_wconf 90' lang='lat' dir='ltr'>de</span> <span class='ocrx_word' id='word_1_258' title='bbox 1195 2735 1456 2798; x_wconf 80' lang='lat' dir='ltr'>Aragonia,</span> <span class='ocrx_word' id='word_1_259' title='bbox 1500 2736 1559 2782; x_wconf 89' lang='lat' dir='ltr'>de</span> <span class='ocrx_word' id='word_1_260' title='bbox 1605 2736 1840 2784; x_wconf 80' lang='lat' dir='ltr'>Alibrelto</span> <span class='ocrx_word' id='word_1_261' title='bbox 1888 2740 1936 2784; x_wconf 87' lang='lat' dir='ltr'>et</span> 
     </span>
     <span class='ocr_line' id='line_1_30' title="bbox 147 2818 1933 2883; baseline 0.001 -18"><span class='ocrx_word' id='word_1_262' title='bbox 147 2818 723 2883; x_wconf 88' lang='lat' dir='ltr'>Constantinopolitanus.</span> <span class='ocrx_word' id='word_1_263' title='bbox 752 2820 819 2867; x_wconf 88' lang='lat' dir='ltr'>De</span> <span class='ocrx_word' id='word_1_264' title='bbox 844 2819 1020 2867; x_wconf 88' lang='lat' dir='ltr'>sanctis</span> <span class='ocrx_word' id='word_1_265' title='bbox 1046 2818 1292 2881; x_wconf 85' lang='lat' dir='ltr'>Apostolis</span> <span class='ocrx_word' id='word_1_266' title='bbox 1334 2818 1393 2866; x_wconf 91' lang='lat' dir='ltr'>ad</span> <span class='ocrx_word' id='word_1_267' title='bbox 1433 2834 1470 2864; x_wconf 91' lang='grc'>5.</span> <span class='ocrx_word' id='word_1_268' title='bbox 1510 2821 1707 2866; x_wconf 89' lang='lat' dir='ltr'>Petrum</span> <span class='ocrx_word' id='word_1_269' title='bbox 1742 2818 1933 2867; x_wconf 86' lang='lat' dir='ltr'>suerunt</span> 
     </span>
     <span class='ocr_line' id='line_1_31' title="bbox 143 2901 1932 2966; baseline 0 -17"><span class='ocrx_word' id='word_1_270' title='bbox 143 2903 284 2965; x_wconf 88' lang='lat' dir='ltr'>pauci</span> <span class='ocrx_word' id='word_1_271' title='bbox 316 2918 427 2951; x_wconf 90' lang='lat' dir='ltr'>cum</span> <span class='ocrx_word' id='word_1_272' title='bbox 462 2919 519 2952; x_wconf 90' lang='lat' dir='ltr'>eo</span> <span class='ocrx_word' id='word_1_273' title='bbox 554 2903 840 2962; x_wconf 84' lang='lat' dir='ltr'>cardinales,</span> <span class='ocrx_word' id='word_1_274' title='bbox 882 2903 996 2966; x_wconf 88' lang='lat' dir='ltr'>quia</span> <span class='ocrx_word' id='word_1_275' title='bbox 1018 2902 1237 2950; x_wconf 89' lang='lat' dir='ltr'>intimavi</span> <span class='ocrx_word' id='word_1_276' title='bbox 1280 2902 1613 2950; x_wconf 88' lang='lat' dir='ltr'>cardinalibus</span> <span class='ocrx_word' id='word_1_277' title='bbox 1650 2901 1779 2965; x_wconf 91' lang='lat' dir='ltr'>quod</span> <span class='ocrx_word' id='word_1_278' title='bbox 1805 2904 1932 2965; x_wconf 90' lang='lat' dir='ltr'>Papa</span> 
     </span>
     <span class='ocr_line' id='line_1_32' title="bbox 143 2984 1928 3051; baseline 0 -19"><span class='ocrx_word' id='word_1_279' title='bbox 143 2990 270 3034; x_wconf 89' lang='lat' dir='ltr'>esset</span> <span class='ocrx_word' id='word_1_280' title='bbox 314 2987 621 3051; x_wconf 89' lang='lat' dir='ltr'>equitaturus</span> <span class='ocrx_word' id='word_1_281' title='bbox 660 2987 780 3036; x_wconf 86' lang='lat' dir='ltr'>hora</span> <span class='ocrx_word' id='word_1_282' title='bbox 820 2986 1050 3051; x_wconf 83' lang='lat' dir='ltr'>vigesima</span> <span class='ocrx_word' id='word_1_283' title='bbox 1089 2986 1263 3050; x_wconf 85' lang='lat' dir='ltr'>prima,</span> <span class='ocrx_word' id='word_1_284' title='bbox 1300 2989 1346 3033; x_wconf 89' lang='lat' dir='ltr'>et</span> <span class='ocrx_word' id='word_1_285' title='bbox 1383 2985 1612 3049; x_wconf 85' lang='lat' dir='ltr'>equitavit</span> <span class='ocrx_word' id='word_1_286' title='bbox 1648 2990 1758 3034; x_wconf 88' lang='lat' dir='ltr'>ante</span> <span class='ocrx_word' id='word_1_287' title='bbox 1798 2984 1928 3033; x_wconf 91' lang='lat' dir='ltr'>illam</span> 
     </span>
     <span class='ocr_line' id='line_1_33' title="bbox 141 3068 330 3118; baseline 0.011 -2"><span class='ocrx_word' id='word_1_288' title='bbox 141 3068 330 3118; x_wconf 89' lang='lat' dir='ltr'>horam.</span> 
     </span>
    </p>

    <p class='ocr_par' dir='ltr' id='par_1_4' title="bbox 204 3149 1927 3219">
     <span class='ocr_line' id='line_1_34' title="bbox 204 3149 1927 3219; baseline -0.002 -18"><span class='ocrx_word' id='word_1_289' title='bbox 204 3153 473 3214; x_wconf 86' lang='lat' dir='ltr'>Dominica,</span> <span class='ocrx_word' id='word_1_290' title='bbox 503 3156 559 3202; x_wconf 73' lang='lat'>12</span> <span class='ocrx_word' id='word_1_291' title='bbox 582 3154 696 3202; x_wconf 91' lang='lat' dir='ltr'>maii</span> <span class='ocrx_word' id='word_1_292' title='bbox 719 3153 799 3219; x_wconf 83' lang='lat'>(1),</span> <span class='ocrx_word' id='word_1_293' title='bbox 826 3154 950 3203; x_wconf 85' lang='lat' dir='ltr'>hora</span> <span class='ocrx_word' id='word_1_294' title='bbox 977 3153 1212 3218; x_wconf 82' lang='lat' dir='ltr'>vigesima</span> <span class='ocrx_word' id='word_1_295' title='bbox 1246 3154 1423 3217; x_wconf 87' lang='lat' dir='ltr'>prima,</span> <span class='ocrx_word' id='word_1_296' title='bbox 1466 3167 1554 3216; x_wconf 89' lang='lat' dir='ltr'>per</span> <span class='ocrx_word' id='word_1_297' title='bbox 1583 3157 1775 3216; x_wconf 85' lang='lat' dir='ltr'>portam</span> <span class='ocrx_word' id='word_1_298' title='bbox 1804 3149 1927 3200; x_wconf 74' lang='lat' dir='ltr'>Viri-</span> 
     </span>
    </p>
   </div>
   <div class='ocr_carea' id='block_1_3' title="bbox 132 3324 1923 3554">
    <p class='ocr_par' dir='ltr' id='par_1_5' title="bbox 132 3324 1923 3554">
     <span class='ocr_line' id='line_1_35' title="bbox 191 3324 1923 3376; baseline -0.002 -14"><span class='ocrx_word' id='word_1_299' title='bbox 191 3326 220 3362; x_wconf 80' lang='lat'>1.</span> <span class='ocrx_word' id='word_1_300' title='bbox 250 3324 346 3363; x_wconf 87' lang='lat' dir='ltr'>C’est</span> <span class='ocrx_word' id='word_1_301' title='bbox 363 3327 383 3362; x_wconf 73' lang='lat' dir='ltr'>a</span> <span class='ocrx_word' id='word_1_302' title='bbox 403 3330 494 3364; x_wconf 80' lang='lat' dir='ltr'>cette</span> <span class='ocrx_word' id='word_1_303' title='bbox 514 3326 596 3364; x_wconf 86' lang='lat' dir='ltr'>date</span> <span class='ocrx_word' id='word_1_304' title='bbox 617 3327 666 3364; x_wconf 89' lang='lat' dir='ltr'>du</span> <span class='ocrx_word' id='word_1_305' title='bbox 687 3327 866 3373; x_wconf 81' lang='lat' dir='ltr'>dimache,</span> <span class='ocrx_word' id='word_1_306' title='bbox 890 3327 934 3364; x_wconf 75' lang='lat'>12</span> <span class='ocrx_word' id='word_1_307' title='bbox 957 3327 1026 3364; x_wconf 84' lang='lat' dir='ltr'>mai</span> <span class='ocrx_word' id='word_1_308' title='bbox 1047 3326 1153 3370; x_wconf 77' lang='lat'>1504,</span> <span class='ocrx_word' id='word_1_309' title='bbox 1177 3338 1246 3376; x_wconf 87' lang='lat' dir='ltr'>que</span> <span class='ocrx_word' id='word_1_310' title='bbox 1268 3325 1373 3363; x_wconf 80' lang='lat' dir='ltr'>Paris</span> <span class='ocrx_word' id='word_1_311' title='bbox 1398 3326 1443 3362; x_wconf 91' lang='lat' dir='ltr'>de</span> <span class='ocrx_word' id='word_1_312' title='bbox 1462 3324 1609 3362; x_wconf 85' lang='lat' dir='ltr'>Grassis</span> <span class='ocrx_word' id='word_1_313' title='bbox 1631 3334 1837 3360; x_wconf 87' lang='lat' dir='ltr'>commence</span> <span class='ocrx_word' id='word_1_314' title='bbox 1857 3334 1923 3360; x_wconf 89' lang='lat' dir='ltr'>son</span> 
     </span>
     <span class='ocr_line' id='line_1_36' title="bbox 132 3382 1921 3436; baseline -0.002 -15"><span class='ocrx_word' id='word_1_315' title='bbox 132 3385 307 3434; x_wconf 74' lang='lat' dir='ltr'>Journal:</span> <span class='ocrx_word' id='word_1_316' title='bbox 329 3399 347 3419; x_wconf 92' lang='lat'>«</span> <span class='ocrx_word' id='word_1_317' title='bbox 370 3386 469 3423; x_wconf 84' lang='lat' dir='ltr'>Licet</span> <span class='ocrx_word' id='word_1_318' title='bbox 489 3391 684 3436; x_wconf 83' lang='lat' dir='ltr'>antequam</span> <span class='ocrx_word' id='word_1_319' title='bbox 711 3388 748 3423; x_wconf 91' lang='lat' dir='ltr'>in</span> <span class='ocrx_word' id='word_1_320' title='bbox 779 3387 937 3424; x_wconf 82' lang='lat' dir='ltr'>officium</span> <span class='ocrx_word' id='word_1_321' title='bbox 963 3398 1033 3435; x_wconf 84' lang='lat' dir='ltr'>ego</span> <span class='ocrx_word' id='word_1_322' title='bbox 1064 3387 1256 3435; x_wconf 85' lang='lat' dir='ltr'>ingressus</span> <span class='ocrx_word' id='word_1_323' title='bbox 1285 3385 1426 3430; x_wconf 77' lang='lat' dir='ltr'>fuerim,</span> <span class='ocrx_word' id='word_1_324' title='bbox 1463 3389 1625 3420; x_wconf 76' lang='lat' dir='ltr'>oratores</span> <span class='ocrx_word' id='word_1_325' title='bbox 1650 3382 1756 3430; x_wconf 62' lang='lat' dir='ltr'>&gt;regis</span> <span class='ocrx_word' id='word_1_326' title='bbox 1789 3382 1921 3431; x_wconf 81' lang='lat' dir='ltr'>Anglie</span> 
     </span>
     <span class='ocr_line' id='line_1_37' title="bbox 135 3442 1919 3495; baseline -0.002 -13"><span class='ocrx_word' id='word_1_327' title='bbox 135 3445 269 3482; x_wconf 87' lang='lat' dir='ltr'>Urbem</span> <span class='ocrx_word' id='word_1_328' title='bbox 290 3445 448 3493; x_wconf 82' lang='lat' dir='ltr'>ingressi</span> <span class='ocrx_word' id='word_1_329' title='bbox 465 3446 617 3494; x_wconf 87' lang='lat' dir='ltr'>fuerint,</span> <span class='ocrx_word' id='word_1_330' title='bbox 639 3451 675 3485; x_wconf 86' lang='lat' dir='ltr'>et</span> <span class='ocrx_word' id='word_1_331' title='bbox 702 3447 753 3484; x_wconf 86' lang='lat' dir='ltr'>sie</span> <span class='ocrx_word' id='word_1_332' title='bbox 782 3458 851 3495; x_wconf 84' lang='lat' dir='ltr'>ego</span> <span class='ocrx_word' id='word_1_333' title='bbox 881 3447 926 3483; x_wconf 86' lang='lat' dir='ltr'>de</span> <span class='ocrx_word' id='word_1_334' title='bbox 959 3447 1027 3483; x_wconf 87' lang='lat' dir='ltr'>hoc</span> <span class='ocrx_word' id='word_1_335' title='bbox 1053 3450 1135 3483; x_wconf 88' lang='lat' dir='ltr'>actu</span> <span class='ocrx_word' id='word_1_336' title='bbox 1165 3459 1239 3483; x_wconf 90' lang='lat' dir='ltr'>non</span> <span class='ocrx_word' id='word_1_337' title='bbox 1267 3446 1435 3482; x_wconf 87' lang='lat' dir='ltr'>deberem</span> <span class='ocrx_word' id='word_1_338' title='bbox 1462 3443 1620 3491; x_wconf 85' lang='lat' dir='ltr'>aliquam</span> <span class='ocrx_word' id='word_1_339' title='bbox 1640 3447 1766 3480; x_wconf 88' lang='lat' dir='ltr'>notam</span> <span class='ocrx_word' id='word_1_340' title='bbox 1788 3442 1919 3487; x_wconf 86' lang='lat' dir='ltr'>facere,</span> 
     </span>
     <span class='ocr_line' id='line_1_38' title="bbox 134 3501 1920 3554; baseline -0.002 -13"><span class='ocrx_word' id='word_1_341' title='bbox 134 3516 215 3541; x_wconf 89' lang='lat' dir='ltr'>cum</span> <span class='ocrx_word' id='word_1_342' title='bbox 235 3505 279 3542; x_wconf 89' lang='lat' dir='ltr'>de</span> <span class='ocrx_word' id='word_1_343' title='bbox 299 3504 358 3542; x_wconf 92' lang='lat' dir='ltr'>illo</span> <span class='ocrx_word' id='word_1_344' title='bbox 379 3510 528 3554; x_wconf 85' lang='lat' dir='ltr'>rogatus</span> <span class='ocrx_word' id='word_1_345' title='bbox 548 3519 622 3544; x_wconf 86' lang='lat' dir='ltr'>non</span> <span class='ocrx_word' id='word_1_346' title='bbox 644 3506 772 3545; x_wconf 86' lang='lat' dir='ltr'>fuerim</span> <span class='ocrx_word' id='word_1_347' title='bbox 797 3506 893 3544; x_wconf 86' lang='lat' dir='ltr'>sicut</span> <span class='ocrx_word' id='word_1_348' title='bbox 925 3505 1080 3554; x_wconf 85' lang='lat' dir='ltr'>quisque</span> <span class='ocrx_word' id='word_1_349' title='bbox 1107 3518 1153 3542; x_wconf 83' lang='lat' dir='ltr'>ex</span> <span class='ocrx_word' id='word_1_350' title='bbox 1171 3506 1315 3542; x_wconf 88' lang='lat' dir='ltr'>duobus</span> <span class='ocrx_word' id='word_1_351' title='bbox 1344 3502 1537 3551; x_wconf 81' lang='lat' dir='ltr'>magistris</span> <span class='ocrx_word' id='word_1_352' title='bbox 1562 3501 1667 3548; x_wconf 90' lang='lat' dir='ltr'>solet,</span> <span class='ocrx_word' id='word_1_353' title='bbox 1691 3506 1811 3538; x_wconf 87' lang='lat' dir='ltr'>tamen</span> <span class='ocrx_word' id='word_1_354' title='bbox 1833 3502 1920 3550; x_wconf 85' lang='lat' dir='ltr'>quia</span> 
     </span>
    </p>
   </div>
   <div class='ocr_carea' id='block_1_4' title="bbox 323 3583 1728 3628">
    <p class='ocr_par' dir='ltr' id='par_1_6' title="bbox 323 3583 1728 3628">
     <span class='ocr_line' id='line_1_39' title="bbox 323 3583 1728 3628; baseline -0.001 -4"><span class='ocrx_word' id='word_1_355' title='bbox 323 3601 356 3626; x_wconf 88' lang='grc' dir='ltr'>τ.</span> <span class='ocrx_word' id='word_1_356' title='bbox 384 3583 435 3628; x_wconf 77' lang='lat' dir='ltr'>iu.</span> <span class='ocrx_word' id='word_1_357' title='bbox 1683 3587 1728 3622; x_wconf 81' lang='lat'>‘23</span> 
     </span>
    </p>
   </div>
  </div>
 </body>
</html>
