2228 3938
143 392 249 435 [Max-s
267 393 364 433 ¹502]
581 391 750 431 RERUM
781 388 1084 429 URBANARUM
1116 387 1466 425 COMMENTARII.
1860 387 1932 424 203

146 495 213 543 dit
248 495 378 560 quod
410 509 537 554 non3
579 498 626 543 et
659 494 787 558 quod
826 493 1043 542 dicerem
1083 491 1409 542 cardinalibus
1447 491 1576 554 quod
1613 505 1785 540 omnes
1818 489 1931 540 illuc

143 578 272 628 irent
309 577 528 628 similiter
556 582 604 626 et
641 577 918 626 cantoribus
950 575 1133 639 capelle
1167 561 1443 623 Sanctitatis
1477 590 1581 633 sue,
1625 579 1672 621 et
1706 573 1931 623 forreriis

144 662 273 726 quod
302 666 534 726 pararent
564 660 768 711 chorum
802 661 1035 719 Minerve,
1074 675 1131 707 ac
1168 659 1208 707 si
1248 659 1490 707 Sanctitas
1525 674 1611 706 sua
1636 657 1780 707 vellet
1814 657 1934 705 inte-

144 761 298 804 resse,
325 745 428 793 sola
450 744 564 794 sede
587 744 742 809 papali
761 745 975 808 dempta,
1001 758 1147 808 quam
1180 743 1378 792 nolebat
1404 742 1521 791 illuc
1544 741 1759 806 portari3
1791 746 1840 789 et
1865 741 1932 793 ita

146 828 235 878 fuit
258 831 482 878 omnibus
506 830 796 879 intimatum.
819 828 927 879 Alia
948 844 1084 877 more
1109 827 1269 877 solitO.

211 913 354 961 Feria
373 914 516 962 tertia
537 914 738 972 Paschc,
763 916 823 962 29
839 913 1020 960 mensis
1036 911 1216 970 martii,
1243 913 1300 959 D.
1325 914 1489 969 Josue,
1511 909 1769 974 episcopus
1786 913 1935 961 Ascu-

145 994 309 1055 lanus,
345 996 604 1045 celebravit
642 997 840 1045 missam
873 997 932 1046 de
961 996 1339 1047 annunciatione
1371 994 1515 1042 beate
1547 994 1698 1043 Marie
1732 994 1933 1058 virginis

146 1094 256 1128 cum
275 1081 496 1130 oratione
525 1084 708 1129 tantum
732 1081 791 1129 de
815 1081 921 1145 ipsa
939 1082 1083 1130 beata
1102 1080 1288 1145 virgine
1311 1084 1357 1126 et
1378 1079 1649 1142 prefatione
1673 1078 1732 1127 de
1760 1079 1934 1128 eadem

146 1167 193 1211 et
223 1178 321 1212 non
351 1164 410 1213 de
448 1165 650 1224 Pascha,
692 1164 741 1213 in
777 1165 986 1215 ecclesia
1020 1165 1254 1214 Minerve.
1294 1164 1627 1214 Interfuerunt
1659 1161 1931 1212 octodecim

144 1248 432 1309 cardinales,
459 1249 711 1298 videlicet:
738 1250 1100 1314 Neapolitanus,
1135 1249 1528 1314 UlissiponensiS,
1561 1247 1928 1306 Recanatensis,

143 1347 182 1379 S.
220 1333 468 1391 Praxedis,
510 1333 885 1393 Alexandrinus,
930 1350 969 1382 s.
1012 1334 1194 1395 Crucis,
1234 1333 1601 1398 Agrigentinus,
1649 1326 1928 1390 Gr'imanus‚

141 1414 458 1476 Arborensis,
496 1418 811 1478 Cusentinus,
855 1418 1211 1478 Salernitanus,
1253 1416 1658 1482 Caputaquensis,
1698 1415 1928 1475 MediceS‚

144 1514 182 1548 s,
223 1499 457 1559 Severini,
495 1501 770 1560 Cesarinus,
810 1503 1084 1563 Farnesius,
1126 1503 1186 1550 de
1223 1502 1445 1550 Albretto
1483 1505 1529 1549 et
1563 1499 1753 1564 Borgia.
1788 1499 1935 1549 Missa

143 1581 294 1638 finita,
318 1599 417 1633 non
449 1585 648 1634 fuerunt
676 1586 921 1650 publicate
947 1586 1268 1650 indulgentie,
1296 1586 1407 1650 quia
1444 1584 1788 1647 Neapolitanus
1813 1582 1933 1633 dixit

145 1681 251 1715 esse
284 1667 525 1730 plenarias
559 1685 648 1733 per
684 1669 895 1729 bullam;
933 1670 1062 1734 quod
1096 1669 1213 1718 licet
1245 1684 1335 1733 ego
1371 1684 1469 1717 non
1507 1667 1780 1726 crederem,
1820 1681 1932 1716 cum

143 1749 272 1799 bulla
292 1766 391 1800 non
409 1753 701 1802 extendebat
717 1753 996 1818 hujusmodi
1019 1753 1345 1817 indulgentias
1366 1752 1427 1802 ad
1448 1752 1577 1801 diem
1598 1750 1932 1801 translationis

143 1833 318 1894 officii;
348 1836 481 1884 nolui
503 1842 666 1886 tamen
689 1843 858 1887 contra
877 1838 1246 1902 Neapolitanum
1274 1837 1528 1902 replicare.
1555 1835 1700 1885 Posui
1722 1835 1935 1884 faldisto-

105 1985 115 1991 ,
148 1917 278 1966 rium
304 1919 598 1969 celebrantis
619 1921 668 1969 in
687 1937 877 1977 summo
898 1921 1042 1985 plano
1065 1921 1229 1970 altaris
1251 1925 1363 1970 ante
1388 1936 1539 1969 cornu
1564 1918 1784 1985 epistole,
1808 1918 1937 1965 vide-

145 2001 261 2051 licet
282 2017 429 2066 super
456 2003 723 2067 predellam
755 2004 804 2051 in
828 2019 923 2067 quo
950 2004 1077 2052 sedit
1103 2003 1353 2052 celebrans
1383 2003 1609 2052 omnibus
1637 1999 1934 2066 paramentis

146 2086 420 2134 missalibus
448 2086 658 2146 indutuS,
691 2103 803 2136 cum
830 2088 974 2136 mitra
994 2087 1044 2135 in
1075 2087 1248 2151 capite.
1274 2090 1525 2138 Venerunt
1547 2087 1643 2135 duo
1670 2085 1933 2135 servitores

147 2170 390 2219 societatis
406 2171 709 2220 Annunciate
732 2187 844 2220 cum
870 2171 1060 2220 duobus
1080 2172 1333 2231 bacilibus,
1360 2172 1442 2236 qui
1471 2187 1522 2220 se
1546 2171 1803 2220 firmarunt
1823 2174 1933 2219 ante

145 2253 427 2303 inferiorem
458 2255 662 2318 gradum
697 2255 861 2304 altaris
901 2259 1012 2304 ante
1044 2257 1345 2320 episcopum,
1372 2256 1434 2304 ad
1465 2266 1587 2319 quos
1617 2256 1932 2304 accesserunt

147 2337 412 2387 confratres
446 2339 694 2388 societatis
717 2340 952 2404 predicte,
983 2355 1070 2404 pro
1096 2355 1235 2388 more
1260 2340 1554 2399 offerentes3
1590 2338 1719 2403 quod
1743 2354 1772 2387 a
1799 2338 1932 2402 prin-

147 2420 272 2484 cipio
296 2436 395 2469 non
427 2422 564 2484 potui
598 2423 863 2486 impedire3
897 2423 982 2472 sed
1008 2426 1263 2488 postquam
1289 2423 1454 2488 viginti
1481 2423 1557 2472 vel
1581 2422 1714 2473 circa
1742 2421 1932 2471 obtule·

147 2509 273 2564 runt,
302 2521 411 2554 cum
434 2506 763 2570 intelligerent
787 2523 816 2555 a
839 2523 917 2554 me
944 2507 1247 2556 offertorium
1269 2507 1550 2571 hujusmodi
1576 2522 1604 2555 a
1627 2506 1932 2571 dignioribus

148 2604 254 2638 esse
288 2589 635 2648 inchoandum,
681 2595 1008 2639 assenserunt.
1049 2591 1171 2638 Duxi
1207 2606 1358 2638 unum
1385 2606 1444 2638 ex
1473 2590 1790 2639 servitoribus
1819 2604 1930 2654 pre-

147 2673 288 2721 dictis
314 2689 424 2722 cum
444 2673 686 2737 prioribus
712 2673 956 2723 societatis
990 2673 1051 2722 ad
1074 2677 1131 2722 D.
1160 2674 1442 2733 Adrianum,
1470 2673 1676 2722 electum
1699 2672 1930 2721 Herefor-

147 2757 365 2818 densem,
390 2758 704 2806 secretarium
724 2760 771 2806 et
786 2758 1148 2807 thesaurarium
1170 2760 1316 2822 Pape,
1336 2757 1434 2821 qui,
1454 2757 1651 2806 nomine
1665 2756 1927 2822 pontificis,

147 2841 322 2891 obtulit
341 2842 541 2890 ducatos
566 2842 766 2906 triginta
785 2842 948 2906 largos
974 2842 1033 2889 de
1057 2857 1212 2890 cuneo
1235 2844 1363 2906 Pape
1384 2846 1429 2890 et
1452 2844 1649 2891 centum
1672 2845 1718 2889 et
1735 2841 1932 2904 triginta

147 2925 388 2985 carlenos,
420 2930 472 2975 ut
497 2925 598 2990 ipse
624 2926 820 2976 retulit:
859 2925 972 2973 duxi
1006 2925 1222 2986 eosdem,
1263 2926 1549 2974 servitorem
1581 2928 1630 2974 et
1658 2925 1843 2989 priores
1871 2923 1932 2972 ad

147 3009 356 3058 bancum
380 3010 777 3074 presbyterorum
802 3012 850 3058 et
874 3009 1021 3058 alium
1046 3025 1155 3058 cum
1177 3009 1271 3058 alio
1292 3009 1434 3058 bacili
1465 3013 1514 3058 et
1540 3009 1660 3057 duos
1692 3009 1749 3057 de
1780 3008 1933 3056 socie-

148 3095 247 3141 tate
268 3093 488 3157 predicta
511 3094 572 3143 ad
604 3093 815 3143 bancum
837 3093 1153 3143 diaconorum
1178 3094 1498 3142 cardinalium
1530 3094 1610 3157 qui
1644 3093 1790 3141 etiam
1819 3092 1930 3141 inde

149 3175 337 3224 iverunt
359 3177 421 3226 ad
444 3193 644 3227 scamna
666 3177 979 3243 prelatorum,
1007 3179 1056 3226 et
1090 3177 1265 3242 singuli
1291 3177 1572 3226 obtulerunt
1596 3176 1798 3225 arbitrio
1824 3191 1929 3224 suc.

151 3258 307 3307 Finita
338 3260 581 3311 oblatione
611 3262 928 3327 prelatorum,
964 3261 1168 3310 accessit
1202 3261 1498 3310 camerarius
1540 3260 1785 3309 societatis
1821 3275 1934 3323 pre-

152 3340 295 3402 dicte,
329 3358 438 3391 cum
462 3361 557 3394 uno
581 3345 724 3394 bacili
755 3346 806 3394 in
828 3361 923 3410 quo
951 3348 1090 3394 erant
1111 3346 1356 3395 sexdecim
1376 3345 1541 3403 burse,
1570 3359 1680 3391 cum
1714 3342 1933 3406 pecuniis

151 3439 239 3488 pro
260 3426 542 3476 maritandis
564 3429 809 3478 sexdecim
834 3430 1026 3493 puelliS,
1051 3429 1274 3478 ordinate
1301 3429 1360 3477 ad
1382 3427 1663 3492 episcopum
1682 3425 1934 3473 celebran-

151 3510 251 3557 tem
269 3508 396 3558 etad
416 3509 522 3575 ejus
543 3511 787 3561 sinistram
806 3528 816 3571 ;
842 3527 934 3581 ego
956 3513 1016 3562 ad
1039 3513 1307 3572 dexteram,
1334 3514 1382 3560 et
1401 3514 1510 3575 post
1529 3509 1664 3558 illum
1686 3509 1932 3558 sexdecim
