2222 3918
264 353 333 389 406
867 348 1101 386 JOHANNIS
1134 348 1432 394 BURCHARDI,
1715 350 1927 389 [Novemhre
1945 353 2040 394 1505]

262 455 461 504 domina
486 457 509 502 J
515 453 630 512 ulia,
653 454 811 522 mater
834 467 1027 516 sponse,
1049 454 1098 501 et
1119 456 1226 516 post
1251 468 1333 501 eas
1355 452 1551 501 domine
1577 455 1854 503 Genuenses
1877 461 1924 504 et
1947 457 2039 505 alie

261 539 488 587 mulieres
514 552 719 585 numero
745 535 1067 600 quadraginta
1097 536 1169 584 vel
1203 537 1357 597 circa;
1394 553 1487 600 que
1527 552 1714 596 omneS‚
1750 538 1876 587 sacta
1913 542 2036 603 Pape

265 621 534 670 successive
555 619 843 678 reverentia,
869 622 1108 668 steterunt
1129 619 1190 668 ad
1212 619 1455 669 dexteram
1478 622 1606 684 Pape
1633 621 1919 681 successive,
1941 622 2038 671 dis-

261 705 412 754 tincte
433 703 686 752 intervallo
710 703 856 751 trium
875 718 1139 751 cannarum
1159 703 1232 751 vel
1253 704 1403 763 circa,
1429 708 1475 751 et
1494 719 1591 751 non
1617 703 1812 753 fuerunt
1839 705 2041 753 deoscu-

258 789 351 837 late
377 788 528 852 pedes
560 790 708 851 Pape.
735 787 969 834 Omnibus
992 786 1060 834 sic
1084 787 1364 836 sedentibus
1395 791 1443 835 et
1472 787 1727 848 stantibus,
1762 803 1968 851 sponsus
1992 792 2041 838 et

260 887 437 936 sponsa
463 871 830 936 genuflexerunt
847 872 960 918 ante
977 869 1260 920 Pontificem
1277 871 1338 920 ad
1355 871 1566 919 mediam
1587 886 1810 931 cannam,
1834 887 2040 936 sponsus

260 971 288 1003 a
306 954 488 1003 dextris
513 958 559 1003 et
583 969 762 1018 sponsa
786 953 847 1001 ad
867 953 996 1002 illius
1021 953 1281 1003 sinistram.
1306 957 1439 1003 Tunc
1467 956 1525 1002 D.
1557 954 1787 1003 Camillus
1813 955 2038 1003 Beneim—

257 1038 400 1098 bene,
421 1041 663 1086 Romanus
679 1037 852 1085 doctor
874 1040 920 1085 et
935 1037 1168 1096 notariuS,
1191 1037 1475 1101 genuflexus
1495 1037 1556 1085 ad
1575 1037 1823 1086 sinistram
1841 1053 2036 1102 sponse,

259 1123 324 1170 ita
346 1124 399 1170 ut
418 1123 632 1191 verteret
652 1120 826 1169 faciem
845 1122 973 1184 Pape
995 1122 1044 1169 et
1062 1135 1240 1184 sponso
1263 1123 1311 1169 et
1327 1136 1523 1184 sponse,
1541 1120 1766 1170 recitavit
1780 1125 2039 1170 tractatum

257 1205 477 1253 habitum
501 1205 627 1253 inter
649 1207 840 1252 Rmum.
870 1206 927 1252 D.
950 1204 1244 1253 cardinalem
1270 1220 1309 1252 s.
1336 1204 1463 1253 Petri
1497 1205 1558 1253 ad
1592 1205 1798 1255 Vincula
1836 1205 2039 1254 fratrem

260 1287 424 1352 sponsi
449 1292 496 1336 et
515 1287 828 1336 Franciscum
852 1288 1052 1335 fratrem
1073 1287 1244 1335 matris
1266 1303 1462 1351 sponse,
1487 1292 1534 1337 et
1558 1288 1616 1337 de
1637 1288 1804 1353 viginti
1828 1289 2040 1337 millibus

258 1372 445 1419 ducatis
482 1372 543 1419 de
581 1371 786 1419 carlenis
823 1370 1033 1434 antiquis
1079 1371 1252 1419 dandis
1292 1387 1468 1435 sponse
1516 1387 1606 1436 pro
1641 1373 1753 1420 dote
1787 1376 1833 1420 et
1870 1372 2040 1435 viginti

258 1454 470 1502 millibus
484 1470 572 1517 pro
591 1454 841 1514 acconci'o‚
861 1459 907 1502 et
932 1457 1119 1517 septem
1141 1455 1350 1502 millibus
1372 1471 1459 1519 pro
1473 1454 1843 1519 parafrenariis;
1866 1455 2039 1518 quibus

259 1538 415 1594 dictis,
456 1537 768 1601 interrogavit
801 1553 1033 1601 sponsum
1067 1554 1077 1586 :
1117 1557 1139 1581 «
1178 1538 1408 1601 Magister
1442 1541 1501 1586 D.
1541 1539 1756 1599 Nicolae,
1789 1538 1934 1587 valete
1962 1539 2042 1601 pi-

257 1621 407 1685 9l2‘are
420 1637 507 1684 per
521 1628 673 1668 vostra
694 1620 920 1684 leqz'ttima
934 1636 1069 1684 sposa
1090 1637 1114 1668 e
1133 1621 1325 1684 moqlia,
1348 1620 1510 1668 Maria
1526 1619 1691 1669 Laura
1714 1622 1797 1685 qui
1801 1629 2040 1685 presente,

259 1721 282 1752 e
318 1704 534 1752 trattarla
566 1703 762 1751 secondo
793 1703 1120 1752 l'ordz'natz‘one
1148 1703 1269 1752 della
1307 1711 1444 1752 santa
1482 1704 1644 1752 madre
1682 1703 1891 1752 Chiesa?
1912 1723 1935 1748 »
1962 1704 2044 1753 llle

262 1787 511 1851 respondit
553 1803 563 1834 :
605 1807 627 1832 «
658 1787 827 1851 voqlz'o.
871 1806 893 1831 »
925 1787 1240 1852 Interrogavit
1279 1788 1453 1836 eodem
1495 1786 1640 1836 modo
1681 1802 1909 1851 sponsam
1952 1803 2045 1852 que

261 1871 406 1919 etiam
432 1872 492 1919 ad
517 1871 724 1935 primam
747 1871 1179 1936 interrogationem
1213 1871 1463 1936 respondit
1487 1887 1498 1919 ε
1527 1871 1703 1935 voyli0;
1730 1875 1777 1920 et
1798 1871 2048 1937 quampri-

260 1970 395 2002 mum
430 1955 651 2002 notarius
685 1954 926 2018 inciperet
962 1955 1289 2018 interrogare,
1324 1957 1382 2003 D.
1419 1955 1726 2004 Constantius
1767 1955 2048 2019 capitaneus

263 2036 428 2100 palatii
475 2040 523 2084 et
559 2039 691 2084 stans
734 2037 795 2084 ad
831 2037 1081 2085 dexteram
1114 2037 1280 2101 sponsi
1314 2037 1470 2101 magis
1500 2041 1666 2086 tamen
1700 2040 1853 2096 retro,
1891 2038 2046 2087 tenuit

261 2134 428 2167 ensem
464 2119 646 2167 nudum
687 2135 835 2184 super
866 2120 1023 2184 capita
1052 2121 1216 2184 sponsi
1240 2124 1288 2170 et
1321 2136 1515 2185 sponse,
1544 2120 1607 2169 ad
1640 2136 1790 2168 unum
1826 2120 2043 2186 palmum

262 2218 407 2267 supra
430 2205 592 2266 caput,
617 2205 665 2251 et
685 2203 811 2251 facta
833 2203 1150 2267 responsione
1173 2219 1366 2268 sponse,
1393 2203 1570 2252 amovit
1596 2219 1782 2252 ensem.
1820 2206 1954 2253 Tunc
1983 2204 2043 2252 ad

256 2287 447 2350 jussum
472 2302 634 2334 meum
657 2286 815 2335 infixit
835 2303 1041 2350 sponsus
1060 2303 1235 2351 sponse
1249 2287 1479 2335 annulum
1503 2288 1554 2336 in
1577 2287 1730 2351 digito
1745 2287 1966 2336 annulari
1981 2287 2044 2337 si-

261 2370 408 2419 nistre
426 2386 598 2418 manus
624 2385 819 2434 sponse,
857 2374 904 2419 et
935 2371 1143 2419 alterum
1172 2370 1312 2419 alteri
1343 2371 1497 2436 digito
1520 2371 1741 2436 ejusdem
1767 2387 1957 2431 manus,
1996 2374 2045 2421 et

262 2454 406 2502 ambo
423 2455 810 2503 accesseruntad
834 2455 1056 2503 osculum
1075 2455 1211 2518 pedis
1237 2457 1382 2518 Pape,
1412 2470 1618 2519 sponsus
1638 2455 1842 2519 primus,
1870 2455 2043 2504 deinde

262 2553 458 2601 sponsa,
485 2537 559 2585 cui
582 2540 727 2602 Papa,
754 2554 831 2586 me
855 2539 1129 2601 adjuvante,
1155 2538 1386 2602 imposuit
1405 2531 1585 2587 monile
1608 2543 1776 2586 catene
1798 2538 2045 2602 alligatum

262 2621 388 2669 collo
408 2637 608 2684 sponse;
629 2622 758 2684 quod
779 2621 958 2669 monile
984 2626 1088 2669 erat
1110 2621 1308 2670 adamas
1332 2621 1608 2686 singularis,
1629 2622 1804 2670 deinde
1827 2621 2045 2669 balassus

264 2705 377 2753 satis
402 2721 603 2769 magnus
641 2710 688 2754 et
718 2706 814 2753 duo
851 2705 986 2768 parvi
1020 2705 1260 2769 smaragdi
1294 2706 1443 2769 empti
1481 2721 1570 2769 per
1608 2708 1788 2769 Papam
1825 2705 1982 2768 pridie
2017 2721 2045 2753 a

263 2788 495 2851 magistro
515 2788 704 2836 Juliano
729 2788 959 2836 Januensi
979 2788 1201 2836 ducentis
1232 2787 1434 2848 ducatis,
1475 2792 1522 2837 et
1549 2803 1638 2852 pro
1670 2792 1840 2836 catena
1875 2787 2043 2851 viginti

263 2872 473 2935 quinque
493 2871 679 2919 ducatis
704 2871 808 2919 auri
838 2871 887 2919 in
927 2886 1061 2919 auro.
1095 2873 1227 2919 Tunc
1261 2872 1469 2921 surrexit
1503 2886 1680 2936 sponsa
1718 2874 1766 2919 et
1797 2870 1940 2919 rediit
1984 2870 2044 2917 ad

262 2954 423 3002 locum
444 2970 604 3013 suum,
629 2957 760 3001 stans
798 2954 880 3002 uhi
915 2954 1070 3017 prius;
1112 2970 1317 3017 sponsus
1357 2955 1503 3003 etiam
1536 2957 1668 3002 stans
1703 2953 1785 3002 ubi
1821 2952 1956 3017 prius
1993 2951 2043 2999 in

265 3039 526 3100 conspectu
547 3036 795 3084 Pontificis
817 3041 927 3084 ante
953 3037 1192 3100 prelatos;
1228 3040 1275 3086 et
1299 3040 1356 3086 D.
1389 3037 1615 3087 Camillus
1641 3035 1861 3084 notarius
1889 3050 2042 3098 genu-

265 3120 415 3167 flexus
441 3119 521 3168 uhi
542 3119 677 3184 prius
700 3119 943 3183 stipulavit
965 3124 1268 3169 contractum
1290 3120 1416 3169 dotis
1437 3120 1563 3168 inter
1591 3122 1754 3184 partes
1786 3134 1873 3183 per
1896 3133 2040 3182 quem

266 3218 442 3265 sponsa
469 3202 755 3250 auctoritate
787 3202 955 3250 matris
994 3202 1179 3250 tutricis
1209 3203 1432 3266 promisit
1462 3203 1578 3252 dare
1608 3217 1786 3266 sponso
1813 3217 1900 3265 pro
1929 3201 2040 3250 dote

263 3285 430 3348 viginti
445 3286 575 3334 mille
591 3285 808 3343 ducatOS,
826 3285 940 3333 item
964 3289 1174 3333 castrum
1197 3285 1463 3333 Bassanelli
1489 3300 1599 3333 cum
1623 3285 1812 3332 duobus
1838 3284 2036 3344 tenutiS‚

265 3367 547 3429 palatiolum
574 3371 622 3417 et
645 3369 740 3417 alia
765 3368 994 3416 extimata
1021 3368 1079 3416 de
1111 3383 1352 3424 consensu
1389 3369 1600 3434 partium
1636 3368 1803 3433 viginti
1835 3371 2042 3432 quatuor

266 3448 475 3497 millibus
498 3451 681 3502 ducatis
707 3455 754 3503 et
775 3451 974 3502 domum
991 3451 1050 3501 de
1072 3453 1234 3502 Monte
1249 3437 1479 3510 jordano,
1496 3451 1771 3500 estimatam
1786 3451 1846 3499 de
1865 3449 2038 3499 eodem
