<?xml version="1.0" encoding="UTF-8"?>
<!DOCTYPE html PUBLIC "-//W3C//DTD XHTML 1.0 Transitional//EN"
    "http://www.w3.org/TR/xhtml1/DTD/xhtml1-transitional.dtd">
<html xmlns="http://www.w3.org/1999/xhtml" xml:lang="en" lang="en">
 <head>
  <title>
</title>
<meta http-equiv="Content-Type" content="text/html;charset=utf-8" />
  <meta name='ocr-system' content='tesseract 3.04.00' />
  <meta name='ocr-capabilities' content='ocr_page ocr_carea ocr_par ocr_line ocrx_word'/>
</head>
<body>
  <div class='ocr_page' id='page_1' title='image "./diariumsivererum03burcuoft_0239.png"; bbox 0 0 2228 3938; ppageno 0'>
   <div class='ocr_carea' id='block_1_1' title="bbox 137 352 1914 398">
    <p class='ocr_par' dir='ltr' id='par_1_1' title="bbox 137 352 1914 398">
     <span class='ocr_line' id='line_1_1' title="bbox 137 352 1914 398; baseline 0.001 -8"><span class='ocrx_word' id='word_1_1' title='bbox 137 358 246 398; x_wconf 72' lang='lat' dir='ltr'>[Aom</span> <span class='ocrx_word' id='word_1_2' title='bbox 269 358 362 396; x_wconf 71' lang='lat'><strong>¹50¹]</strong></span> <span class='ocrx_word' id='word_1_3' title='bbox 582 355 751 392; x_wconf 68' lang='lat' dir='ltr'>RERUM</span> <span class='ocrx_word' id='word_1_4' title='bbox 785 354 1084 392; x_wconf 71' lang='lat' dir='ltr'>URBANARUM</span> <span class='ocrx_word' id='word_1_5' title='bbox 1119 352 1468 390; x_wconf 64' lang='lat' dir='ltr'>COMMENTARH.</span> <span class='ocrx_word' id='word_1_6' title='bbox 1854 359 1914 393; x_wconf 74' lang='lat'>157</span> 
     </span>
    </p>
   </div>
   <div class='ocr_carea' id='block_1_2' title="bbox 118 456 1938 2106">
    <p class='ocr_par' dir='ltr' id='par_1_2' title="bbox 141 456 1920 938">
     <span class='ocr_line' id='line_1_2' title="bbox 141 456 1916 521; baseline -0.001 -13"><span class='ocrx_word' id='word_1_7' title='bbox 141 458 349 508; x_wconf 77' lang='lat' dir='ltr'>ecclesie</span> <span class='ocrx_word' id='word_1_8' title='bbox 388 457 656 516; x_wconf 87' lang='lat' dir='ltr'>Caurieusi,</span> <span class='ocrx_word' id='word_1_9' title='bbox 699 473 788 521; x_wconf 90' lang='lat' dir='ltr'>per</span> <span class='ocrx_word' id='word_1_10' title='bbox 821 456 1040 521; x_wconf 89' lang='lat' dir='ltr'>ejusdem</span> <span class='ocrx_word' id='word_1_11' title='bbox 1081 456 1267 504; x_wconf 89' lang='lat' dir='ltr'>obitum</span> <span class='ocrx_word' id='word_1_12' title='bbox 1307 456 1518 514; x_wconf 85' lang='lat' dir='ltr'>vacanti,</span> <span class='ocrx_word' id='word_1_13' title='bbox 1563 461 1614 505; x_wconf 90' lang='lat' dir='ltr'>ut</span> <span class='ocrx_word' id='word_1_14' title='bbox 1654 457 1916 506; x_wconf 86' lang='lat' dir='ltr'>dimitteret</span> 
     </span>
     <span class='ocr_line' id='line_1_3' title="bbox 144 538 1920 590; baseline 0 0"><span class='ocrx_word' id='word_1_15' title='bbox 144 541 510 590; x_wconf 89' lang='lat' dir='ltr'>Ferrariensem.</span> <span class='ocrx_word' id='word_1_16' title='bbox 533 541 583 588; x_wconf 95' lang='lat' dir='ltr'>in</span> <span class='ocrx_word' id='word_1_17' title='bbox 615 540 826 588; x_wconf 87' lang='lat' dir='ltr'>favorem</span> <span class='ocrx_word' id='word_1_18' title='bbox 857 538 1112 588; x_wconf 80' lang='lat' dir='ltr'>cardinalis</span> <span class='ocrx_word' id='word_1_19' title='bbox 1152 538 1383 587; x_wconf 88' lang='lat' dir='ltr'>Estensis.</span> <span class='ocrx_word' id='word_1_20' title='bbox 1425 540 1692 589; x_wconf 81' lang='lat' dir='ltr'>Ecclesiam</span> <span class='ocrx_word' id='word_1_21' title='bbox 1727 541 1920 590; x_wconf 87' lang='lat' dir='ltr'>Perusi-</span> 
     </span>
     <span class='ocr_line' id='line_1_4' title="bbox 144 621 1919 689; baseline 0.001 -17"><span class='ocrx_word' id='word_1_22' title='bbox 144 640 254 672; x_wconf 87' lang='lat' dir='ltr'>nam</span> <span class='ocrx_word' id='word_1_23' title='bbox 285 624 497 674; x_wconf 90' lang='lat' dir='ltr'>vendidit</span> <span class='ocrx_word' id='word_1_24' title='bbox 528 624 574 672; x_wconf 92' lang='lat' dir='ltr'>in</span> <span class='ocrx_word' id='word_1_25' title='bbox 609 621 887 688; x_wconf 80' lang='lat' dir='ltr'>precedenti</span> <span class='ocrx_word' id='word_1_26' title='bbox 917 621 1204 671; x_wconf 84' lang='lat' dir='ltr'>consistorio</span> <span class='ocrx_word' id='word_1_27' title='bbox 1235 621 1294 670; x_wconf 87' lang='lat' dir='ltr'>de</span> <span class='ocrx_word' id='word_1_28' title='bbox 1326 638 1566 672; x_wconf 91' lang='lat' dir='ltr'>consensu</span> <span class='ocrx_word' id='word_1_29' title='bbox 1594 625 1803 689; x_wconf 88' lang='lat' dir='ltr'>Capuani</span> <span class='ocrx_word' id='word_1_30' title='bbox 1833 625 1919 674; x_wconf 83' lang='lat' dir='ltr'>de-</span> 
     </span>
     <span class='ocr_line' id='line_1_5' title="bbox 144 705 1919 772; baseline 0.002 -18"><span class='ocrx_word' id='word_1_31' title='bbox 144 708 293 756; x_wconf 84' lang='lat' dir='ltr'>functi</span> <span class='ocrx_word' id='word_1_32' title='bbox 315 706 643 772; x_wconf 78' lang='lat' dir='ltr'>protonotario</span> <span class='ocrx_word' id='word_1_33' title='bbox 667 705 882 754; x_wconf 76' lang='lat' dir='ltr'>Bellieno</span> <span class='ocrx_word' id='word_1_34' title='bbox 908 721 995 770; x_wconf 92' lang='lat' dir='ltr'>pro</span> <span class='ocrx_word' id='word_1_35' title='bbox 1024 705 1235 768; x_wconf 89' lang='lat' dir='ltr'>quinque</span> <span class='ocrx_word' id='word_1_36' title='bbox 1265 706 1399 754; x_wconf 91' lang='lat' dir='ltr'>mille</span> <span class='ocrx_word' id='word_1_37' title='bbox 1425 710 1480 754; x_wconf 68' lang='lat' dir='ltr'>&#39;et</span> <span class='ocrx_word' id='word_1_38' title='bbox 1510 709 1749 757; x_wconf 80' lang='lat' dir='ltr'>sexcentis</span> <span class='ocrx_word' id='word_1_39' title='bbox 1778 708 1919 758; x_wconf 87' lang='lat' dir='ltr'>duca-</span> 
     </span>
     <span class='ocr_line' id='line_1_6' title="bbox 143 788 1919 853; baseline 0.001 -15"><span class='ocrx_word' id='word_1_40' title='bbox 143 791 230 851; x_wconf 72' lang='lat' dir='ltr'>tis3</span> <span class='ocrx_word' id='word_1_41' title='bbox 258 795 355 840; x_wconf 89' lang='lat' dir='ltr'>tres</span> <span class='ocrx_word' id='word_1_42' title='bbox 376 790 592 839; x_wconf 80' lang='lat' dir='ltr'>abbatias</span> <span class='ocrx_word' id='word_1_43' title='bbox 616 789 747 838; x_wconf 88' lang='lat' dir='ltr'>dedit</span> <span class='ocrx_word' id='word_1_44' title='bbox 762 788 990 837; x_wconf 83' lang='lat' dir='ltr'>cardinali</span> <span class='ocrx_word' id='word_1_45' title='bbox 1011 788 1272 838; x_wconf 82' lang='lat' dir='ltr'>Arborensi</span> <span class='ocrx_word' id='word_1_46' title='bbox 1293 805 1386 853; x_wconf 89' lang='lat' dir='ltr'>que</span> <span class='ocrx_word' id='word_1_47' title='bbox 1409 791 1607 839; x_wconf 91' lang='lat' dir='ltr'>omnino</span> <span class='ocrx_word' id='word_1_48' title='bbox 1627 795 1919 841; x_wconf 73' lang='lat' dir='ltr'>vacaverunt</span> 
     </span>
     <span class='ocr_line' id='line_1_7' title="bbox 146 872 1628 938; baseline 0 -16"><span class='ocrx_word' id='word_1_49' title='bbox 146 890 233 938; x_wconf 89' lang='lat' dir='ltr'>per</span> <span class='ocrx_word' id='word_1_50' title='bbox 252 874 435 923; x_wconf 90' lang='lat' dir='ltr'>obitum</span> <span class='ocrx_word' id='word_1_51' title='bbox 455 873 667 937; x_wconf 85' lang='lat' dir='ltr'>Capuani</span> <span class='ocrx_word' id='word_1_52' title='bbox 687 872 918 921; x_wconf 86' lang='lat' dir='ltr'>defuncti.</span> <span class='ocrx_word' id='word_1_53' title='bbox 1626 920 1628 922; x_wconf 78' lang='grc'>,</span> 
     </span>
    </p>

    <p class='ocr_par' dir='ltr' id='par_1_3' title="bbox 118 956 1934 1760">
     <span class='ocr_line' id='line_1_8' title="bbox 212 956 1921 1021; baseline 0.002 -16"><span class='ocrx_word' id='word_1_54' title='bbox 212 957 351 1006; x_wconf 87' lang='lat' dir='ltr'>Feria</span> <span class='ocrx_word' id='word_1_55' title='bbox 381 961 567 1021; x_wconf 84' lang='lat' dir='ltr'>quarta,</span> <span class='ocrx_word' id='word_1_56' title='bbox 608 960 659 1004; x_wconf 92' lang='lat'>11</span> <span class='ocrx_word' id='word_1_57' title='bbox 705 956 818 1005; x_wconf 92' lang='lat' dir='ltr'>dicti</span> <span class='ocrx_word' id='word_1_58' title='bbox 844 956 1026 1005; x_wconf 88' lang='lat' dir='ltr'>mensis</span> <span class='ocrx_word' id='word_1_59' title='bbox 1056 957 1265 1020; x_wconf 82' lang='lat' dir='ltr'>augusti,</span> <span class='ocrx_word' id='word_1_60' title='bbox 1301 956 1404 1005; x_wconf 90' lang='lat' dir='ltr'>dies</span> <span class='ocrx_word' id='word_1_61' title='bbox 1430 957 1757 1006; x_wconf 87' lang='lat' dir='ltr'>anniversaria</span> <span class='ocrx_word' id='word_1_62' title='bbox 1783 975 1921 1008; x_wconf 84' lang='lat' dir='ltr'>crea-</span> 
     </span>
     <span class='ocr_line' id='line_1_9' title="bbox 151 1040 1919 1105; baseline 0.001 -17"><span class='ocrx_word' id='word_1_63' title='bbox 151 1041 291 1089; x_wconf 84' lang='lat' dir='ltr'>tionis</span> <span class='ocrx_word' id='word_1_64' title='bbox 318 1057 404 1090; x_wconf 89' lang='lat' dir='ltr'>seu</span> <span class='ocrx_word' id='word_1_65' title='bbox 433 1040 772 1105; x_wconf 80' lang='lat' dir='ltr'>assumptionis</span> <span class='ocrx_word' id='word_1_66' title='bbox 806 1041 888 1088; x_wconf 88' lang='lat' dir='ltr'>SS.</span> <span class='ocrx_word' id='word_1_67' title='bbox 925 1043 981 1088; x_wconf 91' lang='lat' dir='ltr'>D.</span> <span class='ocrx_word' id='word_1_68' title='bbox 1020 1042 1074 1088; x_wconf 92' lang='lat' dir='ltr'>N.</span> <span class='ocrx_word' id='word_1_69' title='bbox 1104 1040 1359 1092; x_wconf 87' lang='lat' dir='ltr'>Alexandri</span> <span class='ocrx_word' id='word_1_70' title='bbox 1398 1057 1520 1105; x_wconf 84' lang='lat' dir='ltr'>pape</span> <span class='ocrx_word' id='word_1_71' title='bbox 1546 1045 1625 1100; x_wconf 91' lang='lat' dir='ltr'>VI,</span> <span class='ocrx_word' id='word_1_72' title='bbox 1657 1045 1824 1090; x_wconf 88' lang='lat' dir='ltr'>Rmus.</span> <span class='ocrx_word' id='word_1_73' title='bbox 1863 1045 1919 1090; x_wconf 90' lang='lat' dir='ltr'>D.</span> 
     </span>
     <span class='ocr_line' id='line_1_10' title="bbox 146 1123 1922 1190; baseline 0.001 -18"><span class='ocrx_word' id='word_1_74' title='bbox 146 1125 400 1173; x_wconf 89' lang='lat' dir='ltr'>cardinalis</span> <span class='ocrx_word' id='word_1_75' title='bbox 433 1124 776 1188; x_wconf 86' lang='lat' dir='ltr'>Agrigentinus</span> <span class='ocrx_word' id='word_1_76' title='bbox 810 1123 1066 1178; x_wconf 87' lang='lat' dir='ltr'>celebravit</span> <span class='ocrx_word' id='word_1_77' title='bbox 1103 1124 1301 1172; x_wconf 87' lang='lat' dir='ltr'>missam</span> <span class='ocrx_word' id='word_1_78' title='bbox 1337 1124 1607 1174; x_wconf 92' lang='lat' dir='ltr'>solemnem</span> <span class='ocrx_word' id='word_1_79' title='bbox 1644 1125 1695 1173; x_wconf 93' lang='lat' dir='ltr'>in</span> <span class='ocrx_word' id='word_1_80' title='bbox 1737 1126 1922 1190; x_wconf 83' lang='lat' dir='ltr'>capella</span> 
     </span>
     <span class='ocr_line' id='line_1_11' title="bbox 149 1207 1926 1273; baseline 0 -17"><span class='ocrx_word' id='word_1_81' title='bbox 149 1209 351 1273; x_wconf 86' lang='lat' dir='ltr'>majore,</span> <span class='ocrx_word' id='word_1_82' title='bbox 377 1211 505 1273; x_wconf 88' lang='lat' dir='ltr'>Papa</span> <span class='ocrx_word' id='word_1_83' title='bbox 520 1212 762 1273; x_wconf 80' lang='lat' dir='ltr'>presente.</span> <span class='ocrx_word' id='word_1_84' title='bbox 789 1208 928 1256; x_wconf 91' lang='lat' dir='ltr'>Dicta</span> <span class='ocrx_word' id='word_1_85' title='bbox 948 1207 1038 1256; x_wconf 89' lang='lat' dir='ltr'>fuit</span> <span class='ocrx_word' id='word_1_86' title='bbox 1063 1223 1225 1272; x_wconf 86' lang='lat' dir='ltr'>prosa,</span> <span class='ocrx_word' id='word_1_87' title='bbox 1256 1224 1335 1257; x_wconf 89' lang='lat' dir='ltr'>me</span> <span class='ocrx_word' id='word_1_88' title='bbox 1370 1209 1648 1267; x_wconf 87' lang='lat' dir='ltr'>ordinante;</span> <span class='ocrx_word' id='word_1_89' title='bbox 1678 1208 1771 1257; x_wconf 89' lang='lat' dir='ltr'>alia</span> <span class='ocrx_word' id='word_1_90' title='bbox 1791 1225 1926 1257; x_wconf 89' lang='lat' dir='ltr'>more</span> 
     </span>
     <span class='ocr_line' id='line_1_12' title="bbox 118 1290 1930 1356; baseline 0.002 -18"><span class='ocrx_word' id='word_1_91' title='bbox 118 1320 124 1322; x_wconf 59' lang='lat'>&gt;</span> <span class='ocrx_word' id='word_1_92' title='bbox 151 1292 309 1341; x_wconf 87' lang='lat' dir='ltr'>solito.</span> <span class='ocrx_word' id='word_1_93' title='bbox 343 1293 664 1341; x_wconf 83' lang='lat' dir='ltr'>Interfuerunt</span> <span class='ocrx_word' id='word_1_94' title='bbox 699 1290 1047 1356; x_wconf 84' lang='lat' dir='ltr'>septemdecim</span> <span class='ocrx_word' id='word_1_95' title='bbox 1081 1291 1369 1351; x_wconf 81' lang='lat' dir='ltr'>cardinales,</span> <span class='ocrx_word' id='word_1_96' title='bbox 1399 1292 1620 1340; x_wconf 89' lang='lat' dir='ltr'>videlicet</span> <span class='ocrx_word' id='word_1_97' title='bbox 1652 1292 1930 1356; x_wconf 87' lang='lat' dir='ltr'>Neapolita-</span> 
     </span>
     <span class='ocr_line' id='line_1_13' title="bbox 150 1375 1932 1441; baseline 0.001 -18"><span class='ocrx_word' id='word_1_98' title='bbox 150 1391 257 1434; x_wconf 90' lang='lat' dir='ltr'>nus,</span> <span class='ocrx_word' id='word_1_99' title='bbox 284 1375 675 1440; x_wconf 82' lang='lat' dir='ltr'>Ulissiponensis,</span> <span class='ocrx_word' id='word_1_100' title='bbox 697 1392 735 1423; x_wconf 90' lang='lat' dir='ltr'>s.</span> <span class='ocrx_word' id='word_1_101' title='bbox 762 1375 1009 1434; x_wconf 86' lang='lat' dir='ltr'>Praxedis,</span> <span class='ocrx_word' id='word_1_102' title='bbox 1034 1375 1208 1424; x_wconf 87' lang='lat' dir='ltr'>Montis</span> <span class='ocrx_word' id='word_1_103' title='bbox 1234 1375 1446 1441; x_wconf 86' lang='lat' dir='ltr'>Regalis,</span> <span class='ocrx_word' id='word_1_104' title='bbox 1475 1376 1695 1435; x_wconf 88' lang='lat' dir='ltr'>Ursinus,</span> <span class='ocrx_word' id='word_1_105' title='bbox 1721 1376 1932 1425; x_wconf 86' lang='lat' dir='ltr'>Alexan-</span> 
     </span>
     <span class='ocr_line' id='line_1_14' title="bbox 151 1458 1932 1524; baseline 0.002 -19"><span class='ocrx_word' id='word_1_106' title='bbox 151 1458 336 1519; x_wconf 88' lang='lat' dir='ltr'>drinus,</span> <span class='ocrx_word' id='word_1_107' title='bbox 367 1476 405 1507; x_wconf 88' lang='lat' dir='ltr'>s.</span> <span class='ocrx_word' id='word_1_108' title='bbox 437 1460 618 1518; x_wconf 89' lang='lat' dir='ltr'>Crucis,</span> <span class='ocrx_word' id='word_1_109' title='bbox 644 1458 953 1517; x_wconf 88' lang='lat' dir='ltr'>Arborensis,</span> <span class='ocrx_word' id='word_1_110' title='bbox 985 1459 1290 1518; x_wconf 90' lang='lat' dir='ltr'>Cusentinus,</span> <span class='ocrx_word' id='word_1_111' title='bbox 1319 1460 1718 1523; x_wconf 84' lang='lat' dir='ltr'>Caputaquensis,</span> <span class='ocrx_word' id='word_1_112' title='bbox 1746 1462 1932 1524; x_wconf 88' lang='lat' dir='ltr'>Capua-</span> 
     </span>
     <span class='ocr_line' id='line_1_15' title="bbox 151 1541 1933 1602; baseline 0.002 -14"><span class='ocrx_word' id='word_1_113' title='bbox 151 1557 259 1601; x_wconf 92' lang='lat' dir='ltr'>nus,</span> <span class='ocrx_word' id='word_1_114' title='bbox 302 1541 602 1602; x_wconf 83' lang='lat' dir='ltr'>MutinensiS,</span> <span class='ocrx_word' id='word_1_115' title='bbox 647 1541 894 1599; x_wconf 86' lang='lat' dir='ltr'>Senensis,</span> <span class='ocrx_word' id='word_1_116' title='bbox 936 1541 1166 1601; x_wconf 87' lang='lat' dir='ltr'>Medices,</span> <span class='ocrx_word' id='word_1_117' title='bbox 1211 1559 1250 1590; x_wconf 88' lang='lat' dir='ltr'>s.</span> <span class='ocrx_word' id='word_1_118' title='bbox 1299 1543 1532 1602; x_wconf 88' lang='lat' dir='ltr'>Severini,</span> <span class='ocrx_word' id='word_1_119' title='bbox 1578 1543 1834 1592; x_wconf 89' lang='lat' dir='ltr'>Cesarinus</span> <span class='ocrx_word' id='word_1_120' title='bbox 1886 1549 1933 1592; x_wconf 90' lang='lat' dir='ltr'>et</span> 
     </span>
     <span class='ocr_line' id='line_1_16' title="bbox 154 1616 1934 1691; baseline 0.002 -20"><span class='ocrx_word' id='word_1_121' title='bbox 154 1624 348 1688; x_wconf 87' lang='lat' dir='ltr'>Borgia..</span> <span class='ocrx_word' id='word_1_122' title='bbox 389 1625 536 1673; x_wconf 91' lang='lat' dir='ltr'>Missa</span> <span class='ocrx_word' id='word_1_123' title='bbox 567 1625 718 1686; x_wconf 87' lang='lat' dir='ltr'>finita,</span> <span class='ocrx_word' id='word_1_124' title='bbox 764 1628 892 1688; x_wconf 86' lang='lat' dir='ltr'>Papa</span> <span class='ocrx_word' id='word_1_125' title='bbox 930 1626 1286 1674; x_wconf 85' lang='lat' dir='ltr'>commendavit</span> <span class='ocrx_word' id='word_1_126' title='bbox 1311 1616 1835 1691; x_wconf 83' lang='lat' dir='ltr'>archipresbyteratum</span> <span class='ocrx_word' id='word_1_127' title='bbox 1853 1627 1934 1675; x_wconf 84' lang='lat' dir='ltr'>ba-</span> 
     </span>
     <span class='ocr_line' id='line_1_17' title="bbox 156 1706 1803 1760; baseline 0.001 -7"><span class='ocrx_word' id='word_1_128' title='bbox 156 1706 288 1755; x_wconf 88' lang='lat' dir='ltr'>silice</span> <span class='ocrx_word' id='word_1_129' title='bbox 312 1723 351 1753; x_wconf 89' lang='lat' dir='ltr'>s.</span> <span class='ocrx_word' id='word_1_130' title='bbox 376 1707 504 1757; x_wconf 88' lang='lat' dir='ltr'>Petri</span> <span class='ocrx_word' id='word_1_131' title='bbox 529 1711 667 1756; x_wconf 90' lang='lat' dir='ltr'>Rmo.</span> <span class='ocrx_word' id='word_1_132' title='bbox 699 1710 755 1756; x_wconf 92' lang='lat' dir='ltr'>D.</span> <span class='ocrx_word' id='word_1_133' title='bbox 785 1708 1014 1756; x_wconf 83' lang='lat' dir='ltr'>cardinali</span> <span class='ocrx_word' id='word_1_134' title='bbox 1036 1709 1242 1757; x_wconf 90' lang='lat' dir='ltr'>Estensi.</span> <span class='ocrx_word' id='word_1_135' title='bbox 1470 1757 1475 1760; x_wconf 78' lang='grc'><strong>,</strong></span> <span class='ocrx_word' id='word_1_136' title='bbox 1800 1752 1803 1754; x_wconf 86' lang='grc'>,</span> 
     </span>
    </p>

    <p class='ocr_par' dir='ltr' id='par_1_4' title="bbox 157 1790 1938 2106">
     <span class='ocr_line' id='line_1_18' title="bbox 174 1790 1932 1856; baseline 0.003 -19"><span class='ocrx_word' id='word_1_137' title='bbox 174 1821 181 1827; x_wconf 79' lang='lat'>·-</span> <span class='ocrx_word' id='word_1_138' title='bbox 220 1790 358 1838; x_wconf 90' lang='lat' dir='ltr'>Feria</span> <span class='ocrx_word' id='word_1_139' title='bbox 379 1794 529 1850; x_wconf 85' lang='lat' dir='ltr'>sexta,</span> <span class='ocrx_word' id='word_1_140' title='bbox 561 1792 615 1838; x_wconf 88' lang='lat'>13</span> <span class='ocrx_word' id='word_1_141' title='bbox 644 1790 757 1839; x_wconf 88' lang='lat' dir='ltr'>dicti</span> <span class='ocrx_word' id='word_1_142' title='bbox 778 1792 959 1839; x_wconf 89' lang='lat' dir='ltr'>mensis</span> <span class='ocrx_word' id='word_1_143' title='bbox 984 1793 1192 1856; x_wconf 87' lang='lat' dir='ltr'>augusti,</span> <span class='ocrx_word' id='word_1_144' title='bbox 1218 1793 1264 1840; x_wconf 92' lang='lat' dir='ltr'>in</span> <span class='ocrx_word' id='word_1_145' title='bbox 1291 1809 1453 1852; x_wconf 84' lang='lat' dir='ltr'>mane,</span> <span class='ocrx_word' id='word_1_146' title='bbox 1479 1794 1623 1841; x_wconf 85' lang='lat' dir='ltr'>affixa</span> <span class='ocrx_word' id='word_1_147' title='bbox 1650 1794 1735 1842; x_wconf 84' lang='lat' dir='ltr'>suit</span> <span class='ocrx_word' id='word_1_148' title='bbox 1761 1795 1932 1844; x_wconf 89' lang='lat' dir='ltr'>cedula</span> 
     </span>
     <span class='ocr_line' id='line_1_19' title="bbox 157 1874 1930 1942; baseline 0.003 -21"><span class='ocrx_word' id='word_1_149' title='bbox 157 1877 314 1922; x_wconf 87' lang='lat' dir='ltr'>statue</span> <span class='ocrx_word' id='word_1_150' title='bbox 349 1874 565 1938; x_wconf 87' lang='lat' dir='ltr'>magistri</span> <span class='ocrx_word' id='word_1_151' title='bbox 597 1875 838 1938; x_wconf 87' lang='lat' dir='ltr'>Pasquino</span> <span class='ocrx_word' id='word_1_152' title='bbox 865 1880 1158 1940; x_wconf 85' lang='lat' dir='ltr'>nuncupate,</span> <span class='ocrx_word' id='word_1_153' title='bbox 1195 1876 1282 1924; x_wconf 90' lang='lat' dir='ltr'>site</span> <span class='ocrx_word' id='word_1_154' title='bbox 1310 1877 1360 1924; x_wconf 93' lang='lat' dir='ltr'>in</span> <span class='ocrx_word' id='word_1_155' title='bbox 1389 1877 1567 1942; x_wconf 84' lang='lat' dir='ltr'>angulo</span> <span class='ocrx_word' id='word_1_156' title='bbox 1597 1877 1772 1925; x_wconf 91' lang='lat' dir='ltr'>domus</span> <span class='ocrx_word' id='word_1_157' title='bbox 1806 1880 1930 1926; x_wconf 91' lang='lat' dir='ltr'>Rmi.</span> 
     </span>
     <span class='ocr_line' id='line_1_20' title="bbox 160 1955 1938 2024; baseline 0.003 -20"><span class='ocrx_word' id='word_1_158' title='bbox 160 1959 215 2004; x_wconf 91' lang='lat' dir='ltr'>D.</span> <span class='ocrx_word' id='word_1_159' title='bbox 241 1957 499 2006; x_wconf 87' lang='lat' dir='ltr'>cardinalis</span> <span class='ocrx_word' id='word_1_160' title='bbox 520 1959 841 2022; x_wconf 89' lang='lat' dir='ltr'>Neapolitani,</span> <span class='ocrx_word' id='word_1_161' title='bbox 869 1958 927 2008; x_wconf 91' lang='lat' dir='ltr'>de</span> <span class='ocrx_word' id='word_1_162' title='bbox 952 1959 1084 2007; x_wconf 89' lang='lat' dir='ltr'>obitu</span> <span class='ocrx_word' id='word_1_163' title='bbox 1108 1962 1256 2024; x_wconf 89' lang='lat' dir='ltr'>Pape,</span> <span class='ocrx_word' id='word_1_164' title='bbox 1284 1958 1321 2007; x_wconf 94' lang='lat' dir='ltr'>si</span> <span class='ocrx_word' id='word_1_165' title='bbox 1342 1961 1536 2009; x_wconf 86' lang='lat' dir='ltr'>recedat</span> <span class='ocrx_word' id='word_1_166' title='bbox 1553 1959 1613 2008; x_wconf 89' lang='lat' dir='ltr'>ab</span> <span class='ocrx_word' id='word_1_167' title='bbox 1630 1955 1783 2021; x_wconf 62' lang='lat' dir='ltr'>Urbe,</span> <span class='ocrx_word' id='word_1_168' title='bbox 1810 1961 1938 2024; x_wconf 91' lang='lat' dir='ltr'>quod</span> 
     </span>
     <span class='ocr_line' id='line_1_21' title="bbox 158 2039 1936 2106; baseline 0.003 -19"><span class='ocrx_word' id='word_1_169' title='bbox 158 2039 260 2088; x_wconf 88' lang='lat' dir='ltr'>sine</span> <span class='ocrx_word' id='word_1_170' title='bbox 300 2055 438 2089; x_wconf 89' lang='lat' dir='ltr'>mora</span> <span class='ocrx_word' id='word_1_171' title='bbox 467 2056 557 2104; x_wconf 92' lang='lat' dir='ltr'>per</span> <span class='ocrx_word' id='word_1_172' title='bbox 591 2046 742 2090; x_wconf 87' lang='lat' dir='ltr'>totam</span> <span class='ocrx_word' id='word_1_173' title='bbox 778 2042 958 2090; x_wconf 91' lang='lat' dir='ltr'>Urbem</span> <span class='ocrx_word' id='word_1_174' title='bbox 991 2042 1286 2106; x_wconf 87' lang='lat' dir='ltr'>divulgatum</span> <span class='ocrx_word' id='word_1_175' title='bbox 1321 2047 1410 2102; x_wconf 89' lang='lat' dir='ltr'>est,</span> <span class='ocrx_word' id='word_1_176' title='bbox 1450 2047 1498 2092; x_wconf 88' lang='lat' dir='ltr'>et</span> <span class='ocrx_word' id='word_1_177' title='bbox 1530 2042 1725 2091; x_wconf 88' lang='lat' dir='ltr'>fuerunt</span> <span class='ocrx_word' id='word_1_178' title='bbox 1761 2045 1936 2093; x_wconf 91' lang='lat' dir='ltr'>eodem</span> 
     </span>
    </p>
   </div>
   <div class='ocr_carea' id='block_1_3' title="bbox 157 2123 1937 2256">
    <p class='ocr_par' dir='ltr' id='par_1_5' title="bbox 157 2123 1937 2256">
     <span class='ocr_line' id='line_1_22' title="bbox 157 2123 1937 2204; baseline 0.003 -34"><span class='ocrx_word' id='word_1_179' title='bbox 157 2138 298 2172; x_wconf 87' lang='lat' dir='ltr'>mane</span> <span class='ocrx_word' id='word_1_180' title='bbox 320 2123 499 2173; x_wconf 90' lang='lat' dir='ltr'>similes</span> <span class='ocrx_word' id='word_1_181' title='bbox 525 2125 696 2174; x_wconf 91' lang='lat' dir='ltr'>cedule</span> <span class='ocrx_word' id='word_1_182' title='bbox 719 2125 768 2173; x_wconf 92' lang='lat' dir='ltr'>in</span> <span class='ocrx_word' id='word_1_183' title='bbox 787 2125 1007 2204; x_wconf 82' lang='lat' dir='ltr'>pluribus</span> <span class='ocrx_word' id='word_1_184' title='bbox 1030 2125 1150 2174; x_wconf 88' lang='lat' dir='ltr'>locis</span> <span class='ocrx_word' id='word_1_185' title='bbox 1172 2142 1258 2190; x_wconf 87' lang='lat' dir='ltr'>per</span> <span class='ocrx_word' id='word_1_186' title='bbox 1288 2126 1464 2175; x_wconf 88' lang='lat' dir='ltr'>Urbem</span> <span class='ocrx_word' id='word_1_187' title='bbox 1489 2126 1635 2175; x_wconf 86' lang='lat' dir='ltr'>affixe</span> <span class='ocrx_word' id='word_1_188' title='bbox 1657 2127 1937 2192; x_wconf 88' lang='lat' dir='ltr'>hujusmodi</span> 
     </span>
     <span class='ocr_line' id='line_1_23' title="bbox 160 2207 370 2256; baseline 0.005 -2"><span class='ocrx_word' id='word_1_189' title='bbox 160 2207 370 2256; x_wconf 87' lang='lat' dir='ltr'>tenoris:</span> 
     </span>
    </p>
   </div>
   <div class='ocr_carea' id='block_1_4' title="bbox 389 2339 1479 2575">
    <p class='ocr_par' dir='ltr' id='par_1_6' title="bbox 389 2339 1479 2575">
     <span class='ocr_line' id='line_1_24' title="bbox 393 2339 1316 2405; baseline 0.001 -17"><span class='ocrx_word' id='word_1_190' title='bbox 393 2339 593 2388; x_wconf 65' lang='lat' dir='ltr'>Predioei</span> <span class='ocrx_word' id='word_1_191' title='bbox 610 2340 711 2400; x_wconf 68' lang='lat' dir='ltr'>tibi,</span> <span class='ocrx_word' id='word_1_192' title='bbox 735 2341 890 2405; x_wconf 78' lang='lat' dir='ltr'>Papa,</span> <span class='ocrx_word' id='word_1_193' title='bbox 922 2341 998 2389; x_wconf 78' lang='lat' dir='ltr'>bos</span> <span class='ocrx_word' id='word_1_194' title='bbox 1018 2341 1147 2405; x_wconf 82' lang='lat' dir='ltr'>quod</span> <span class='ocrx_word' id='word_1_195' title='bbox 1163 2359 1281 2389; x_wconf 72' lang='lat' dir='ltr'>esse-5</span> <span class='ocrx_word' id='word_1_196' title='bbox 1299 2359 1316 2399; x_wconf 90' lang='lat'>,·</span> 
     </span>
     <span class='ocr_line' id='line_1_25' title="bbox 389 2423 1225 2482; baseline 0 -10"><span class='ocrx_word' id='word_1_197' title='bbox 389 2423 607 2482; x_wconf 82' lang='lat' dir='ltr'>Predico,</span> <span class='ocrx_word' id='word_1_198' title='bbox 630 2423 836 2474; x_wconf 78' lang='lat' dir='ltr'>Moriere</span> <span class='ocrx_word' id='word_1_199' title='bbox 859 2425 899 2471; x_wconf 79' lang='lat' dir='ltr'>si</span> <span class='ocrx_word' id='word_1_200' title='bbox 917 2425 1026 2472; x_wconf 81' lang='lat' dir='ltr'>binc</span> <span class='ocrx_word' id='word_1_201' title='bbox 1044 2425 1190 2472; x_wconf 80' lang='lat' dir='ltr'>abibis</span> <span class='ocrx_word' id='word_1_202' title='bbox 1206 2443 1225 2482; x_wconf 91' lang='lat'>,·</span> 
     </span>
     <span class='ocr_line' id='line_1_26' title="bbox 391 2506 1479 2575; baseline 0.004 -21"><span class='ocrx_word' id='word_1_203' title='bbox 391 2506 618 2554; x_wconf 80' lang='lat' dir='ltr'>Succedet</span> <span class='ocrx_word' id='word_1_204' title='bbox 640 2507 767 2554; x_wconf 80' lang='lat' dir='ltr'>Rota</span> <span class='ocrx_word' id='word_1_205' title='bbox 790 2523 1073 2571; x_wconf 75' lang='lat' dir='ltr'>consequens</span> <span class='ocrx_word' id='word_1_206' title='bbox 1098 2508 1366 2557; x_wconf 74' lang='lat' dir='ltr'>Bubulcum</span> <span class='ocrx_word' id='word_1_207' title='bbox 1396 2510 1479 2575; x_wconf 89' lang='lat'>(1).</span> 
     </span>
    </p>
   </div>
   <div class='ocr_carea' id='block_1_5' title="bbox 167 2641 1942 2791">
    <p class='ocr_par' dir='ltr' id='par_1_7' title="bbox 167 2641 1942 2791">
     <span class='ocr_line' id='line_1_27' title="bbox 230 2641 1942 2709; baseline 0.002 -17"><span class='ocrx_word' id='word_1_208' title='bbox 230 2641 499 2700; x_wconf 90' lang='lat' dir='ltr'>Dominica,</span> <span class='ocrx_word' id='word_1_209' title='bbox 533 2644 588 2691; x_wconf 84' lang='lat'>15</span> <span class='ocrx_word' id='word_1_210' title='bbox 616 2642 830 2706; x_wconf 86' lang='lat' dir='ltr'>ejusdem</span> <span class='ocrx_word' id='word_1_211' title='bbox 866 2644 1047 2692; x_wconf 82' lang='lat' dir='ltr'>mensis</span> <span class='ocrx_word' id='word_1_212' title='bbox 1074 2645 1278 2709; x_wconf 85' lang='lat' dir='ltr'>augusti,</span> <span class='ocrx_word' id='word_1_213' title='bbox 1299 2645 1521 2694; x_wconf 84' lang='lat' dir='ltr'>intimari</span> <span class='ocrx_word' id='word_1_214' title='bbox 1551 2647 1640 2695; x_wconf 88' lang='lat' dir='ltr'>feci</span> <span class='ocrx_word' id='word_1_215' title='bbox 1671 2647 1799 2696; x_wconf 91' lang='lat' dir='ltr'>diem</span> <span class='ocrx_word' id='word_1_216' title='bbox 1828 2663 1942 2696; x_wconf 84' lang='lat' dir='ltr'>exe—</span> 
     </span>
     <span class='ocr_line' id='line_1_28' title="bbox 167 2725 1939 2791; baseline 0.003 -18"><span class='ocrx_word' id='word_1_217' title='bbox 167 2726 391 2790; x_wconf 87' lang='lat' dir='ltr'>quiarum</span> <span class='ocrx_word' id='word_1_218' title='bbox 411 2725 539 2774; x_wconf 90' lang='lat' dir='ltr'>bone</span> <span class='ocrx_word' id='word_1_219' title='bbox 560 2725 796 2774; x_wconf 87' lang='lat' dir='ltr'>memorie</span> <span class='ocrx_word' id='word_1_220' title='bbox 816 2726 1072 2775; x_wconf 85' lang='lat' dir='ltr'>cardinalis</span> <span class='ocrx_word' id='word_1_221' title='bbox 1090 2728 1303 2791; x_wconf 86' lang='lat' dir='ltr'>Capuani</span> <span class='ocrx_word' id='word_1_222' title='bbox 1323 2727 1535 2777; x_wconf 76' lang='lat' dir='ltr'>defuncti</span> <span class='ocrx_word' id='word_1_223' title='bbox 1559 2729 1645 2778; x_wconf 90' lang='lat' dir='ltr'>sub</span> <span class='ocrx_word' id='word_1_224' title='bbox 1660 2730 1734 2777; x_wconf 89' lang='lat' dir='ltr'>his</span> <span class='ocrx_word' id='word_1_225' title='bbox 1755 2730 1939 2778; x_wconf 88' lang='lat' dir='ltr'>verbis:</span> 
     </span>
    </p>
   </div>
   <div class='ocr_carea' id='block_1_6' title="bbox 218 2905 1439 2956">
    <p class='ocr_par' dir='ltr' id='par_1_8' title="bbox 218 2905 1439 2956">
     <span class='ocr_line' id='line_1_29' title="bbox 218 2905 1439 2956; baseline 0.004 -10"><span class='ocrx_word' id='word_1_226' title='bbox 218 2910 249 2947; x_wconf 86' lang='lat'>1.</span> <span class='ocrx_word' id='word_1_227' title='bbox 278 2910 347 2947; x_wconf 85' lang='lat' dir='ltr'>Ces</span> <span class='ocrx_word' id='word_1_228' title='bbox 361 2921 442 2947; x_wconf 88' lang='lat' dir='ltr'>vers</span> <span class='ocrx_word' id='word_1_229' title='bbox 463 2905 545 2956; x_wconf 78' lang='lat' dir='ltr'>sont</span> <span class='ocrx_word' id='word_1_230' title='bbox 568 2909 865 2949; x_wconf 81' lang='lat' dir='ltr'>incorrectement</span> <span class='ocrx_word' id='word_1_231' title='bbox 882 2911 1024 2949; x_wconf 76' lang='lat' dir='ltr'>donnes</span> <span class='ocrx_word' id='word_1_232' title='bbox 1045 2911 1137 2950; x_wconf 80' lang='lat' dir='ltr'>dans</span> <span class='ocrx_word' id='word_1_233' title='bbox 1158 2917 1240 2950; x_wconf 85' lang='lat' dir='ltr'>tous</span> <span class='ocrx_word' id='word_1_234' title='bbox 1266 2913 1316 2951; x_wconf 84' lang='lat' dir='ltr'>les</span> <span class='ocrx_word' id='word_1_235' title='bbox 1334 2925 1411 2951; x_wconf 84' lang='lat' dir='ltr'>mss</span> <span class='ocrx_word' id='word_1_236' title='bbox 1432 2925 1439 2951; x_wconf 70' lang='grc' dir='ltr'>ε</span> 
     </span>
    </p>
   </div>
   <div class='ocr_carea' id='block_1_7' title="bbox 688 3067 1435 3165">
    <p class='ocr_par' dir='ltr' id='par_1_9' title="bbox 688 3067 1435 3165">
     <span class='ocr_line' id='line_1_30' title="bbox 691 3067 1434 3111; baseline 0.008 -14"><span class='ocrx_word' id='word_1_237' title='bbox 691 3089 1161 3102; x_wconf 80' lang='grc'><strong>..........</strong></span> <span class='ocrx_word' id='word_1_238' title='bbox 1196 3070 1228 3101; x_wconf 62' lang='grc' dir='ltr'>εἰ</span> <span class='ocrx_word' id='word_1_239' title='bbox 1248 3067 1327 3102; x_wconf 77' lang='lat' dir='ltr'>hinc</span> <span class='ocrx_word' id='word_1_240' title='bbox 1346 3070 1434 3111; x_wconf 78' lang='lat' dir='ltr'>abis,</span> 
     </span>
     <span class='ocr_line' id='line_1_31' title="bbox 688 3120 1435 3165; baseline 0.009 -15"><span class='ocrx_word' id='word_1_241' title='bbox 688 3120 854 3154; x_wconf 68' lang='lat' dir='ltr'>succedet</span> <span class='ocrx_word' id='word_1_242' title='bbox 888 3122 985 3154; x_wconf 81' lang='lat' dir='ltr'>Rota·</span> <span class='ocrx_word' id='word_1_243' title='bbox 1008 3123 1191 3165; x_wconf 78' lang='lat' dir='ltr'>insequens</span> <span class='ocrx_word' id='word_1_244' title='bbox 1214 3123 1407 3157; x_wconf 82' lang='lat' dir='ltr'>Bubulcum</span> <span class='ocrx_word' id='word_1_245' title='bbox 1422 3135 1435 3156; x_wconf 89' lang='grc'>.-</span> 
     </span>
    </p>
   </div>
   <div class='ocr_carea' id='block_1_8' title="bbox 172 3223 1953 3513">
    <p class='ocr_par' dir='ltr' id='par_1_10' title="bbox 172 3223 1953 3513">
     <span class='ocr_line' id='line_1_32' title="bbox 176 3223 1953 3281; baseline 0.003 -19"><span class='ocrx_word' id='word_1_246' title='bbox 176 3229 211 3262; x_wconf 87' lang='lat' dir='ltr'>et</span> <span class='ocrx_word' id='word_1_247' title='bbox 231 3224 323 3261; x_wconf 87' lang='lat' dir='ltr'>dans</span> <span class='ocrx_word' id='word_1_248' title='bbox 345 3223 588 3272; x_wconf 79' lang='lat' dir='ltr'>Gregorovius</span> <span class='ocrx_word' id='word_1_249' title='bbox 608 3223 669 3271; x_wconf 86' lang='lat' dir='ltr'>qui</span> <span class='ocrx_word' id='word_1_250' title='bbox 685 3223 738 3261; x_wconf 85' lang='lat' dir='ltr'>les</span> <span class='ocrx_word' id='word_1_251' title='bbox 753 3224 823 3261; x_wconf 88' lang='lat' dir='ltr'>cite</span> <span class='ocrx_word' id='word_1_252' title='bbox 841 3226 881 3271; x_wconf 84' lang='lat' dir='ltr'>(t.</span> <span class='ocrx_word' id='word_1_253' title='bbox 900 3224 981 3270; x_wconf 89' lang='lat' dir='ltr'>VII,</span> <span class='ocrx_word' id='word_1_254' title='bbox 998 3237 1034 3273; x_wconf 90' lang='lat' dir='ltr'>p.</span> <span class='ocrx_word' id='word_1_255' title='bbox 1055 3225 1139 3271; x_wconf 85' lang='lat'>534,</span> <span class='ocrx_word' id='word_1_256' title='bbox 1158 3230 1241 3263; x_wconf 89' lang='lat' dir='ltr'>note</span> <span class='ocrx_word' id='word_1_257' title='bbox 1257 3227 1372 3275; x_wconf 81' lang='lat' dir='ltr'>2).11s</span> <span class='ocrx_word' id='word_1_258' title='bbox 1389 3231 1452 3264; x_wconf 83' lang='lat' dir='ltr'>ont</span> <span class='ocrx_word' id='word_1_259' title='bbox 1473 3231 1530 3266; x_wconf 77' lang='lat' dir='ltr'>ete</span> <span class='ocrx_word' id='word_1_260' title='bbox 1548 3229 1710 3279; x_wconf 80' lang='lat' dir='ltr'>corriges</span> <span class='ocrx_word' id='word_1_261' title='bbox 1731 3231 1789 3277; x_wconf 88' lang='lat' dir='ltr'>ici,</span> <span class='ocrx_word' id='word_1_262' title='bbox 1810 3232 1953 3281; x_wconf 77' lang='lat' dir='ltr'>d‘apres</span> 
     </span>
     <span class='ocr_line' id='line_1_33' title="bbox 172 3282 1948 3332; baseline 0.003 -11"><span class='ocrx_word' id='word_1_263' title='bbox 172 3285 208 3321; x_wconf 88' lang='lat' dir='ltr'>la</span> <span class='ocrx_word' id='word_1_264' title='bbox 227 3284 329 3320; x_wconf 83' lang='lat' dir='ltr'>lettre</span> <span class='ocrx_word' id='word_1_265' title='bbox 349 3282 590 3330; x_wconf 83' lang='lat' dir='ltr'>qu&#39;Agostino</span> <span class='ocrx_word' id='word_1_266' title='bbox 610 3282 788 3332; x_wconf 85' lang='lat' dir='ltr'>Vespucci</span> <span class='ocrx_word' id='word_1_267' title='bbox 812 3284 995 3323; x_wconf 81' lang='lat' dir='ltr'>adressait</span> <span class='ocrx_word' id='word_1_268' title='bbox 1014 3287 1035 3321; x_wconf 76' lang='lat' dir='ltr'>a</span> <span class='ocrx_word' id='word_1_269' title='bbox 1053 3285 1290 3328; x_wconf 87' lang='lat' dir='ltr'>Macchiavel‚</span> <span class='ocrx_word' id='word_1_270' title='bbox 1306 3285 1338 3323; x_wconf 91' lang='lat' dir='ltr'>le</span> <span class='ocrx_word' id='word_1_271' title='bbox 1355 3288 1403 3324; x_wconf 79' lang='lat'>25</span> <span class='ocrx_word' id='word_1_272' title='bbox 1422 3291 1511 3325; x_wconf 76' lang='lat' dir='ltr'>aout</span> <span class='ocrx_word' id='word_1_273' title='bbox 1535 3289 1579 3325; x_wconf 90' lang='lat' dir='ltr'>de</span> <span class='ocrx_word' id='word_1_274' title='bbox 1600 3288 1634 3327; x_wconf 86' lang='lat' dir='ltr'>la</span> <span class='ocrx_word' id='word_1_275' title='bbox 1662 3295 1778 3328; x_wconf 82' lang='lat' dir='ltr'>meme</span> <span class='ocrx_word' id='word_1_276' title='bbox 1806 3294 1922 3327; x_wconf 79' lang='lat' dir='ltr'>annee</span> <span class='ocrx_word' id='word_1_277' title='bbox 1941 3303 1948 3327; x_wconf 93' lang='lat'>:</span> 
     </span>
     <span class='ocr_line' id='line_1_34' title="bbox 174 3342 1950 3394; baseline 0.003 -15"><span class='ocrx_word' id='word_1_278' title='bbox 174 3343 197 3379; x_wconf 88' lang='lat' dir='ltr'>il</span> <span class='ocrx_word' id='word_1_279' title='bbox 218 3343 270 3379; x_wconf 89' lang='lat' dir='ltr'>les</span> <span class='ocrx_word' id='word_1_280' title='bbox 290 3342 354 3379; x_wconf 81' lang='lat' dir='ltr'>fait</span> <span class='ocrx_word' id='word_1_281' title='bbox 367 3342 488 3378; x_wconf 89' lang='lat' dir='ltr'>suivre</span> <span class='ocrx_word' id='word_1_282' title='bbox 509 3342 553 3378; x_wconf 88' lang='lat' dir='ltr'>de</span> <span class='ocrx_word' id='word_1_283' title='bbox 573 3345 665 3379; x_wconf 84' lang='lat' dir='ltr'>cette</span> <span class='ocrx_word' id='word_1_284' title='bbox 682 3354 875 3392; x_wconf 87' lang='lat' dir='ltr'>remarque</span> <span class='ocrx_word' id='word_1_285' title='bbox 897 3358 914 3378; x_wconf 90' lang='lat'>«</span> <span class='ocrx_word' id='word_1_286' title='bbox 937 3344 989 3380; x_wconf 87' lang='lat' dir='ltr'>La</span> <span class='ocrx_word' id='word_1_287' title='bbox 1003 3342 1081 3381; x_wconf 84' lang='lat' dir='ltr'>rota</span> <span class='ocrx_word' id='word_1_288' title='bbox 1099 3347 1118 3381; x_wconf 82' lang='lat' dir='ltr'>e</span> <span class='ocrx_word' id='word_1_289' title='bbox 1133 3343 1295 3393; x_wconf 83' lang='lat' dir='ltr'>insignia</span> <span class='ocrx_word' id='word_1_290' title='bbox 1313 3345 1349 3382; x_wconf 91' lang='lat' dir='ltr'>di</span> <span class='ocrx_word' id='word_1_291' title='bbox 1369 3346 1554 3394; x_wconf 83' lang='lat' dir='ltr'>Lysbona,</span> <span class='ocrx_word' id='word_1_292' title='bbox 1576 3348 1607 3384; x_wconf 90' lang='lat' dir='ltr'>el</span> <span class='ocrx_word' id='word_1_293' title='bbox 1628 3342 1794 3386; x_wconf 87' lang='lat' dir='ltr'>Bubulco</span> <span class='ocrx_word' id='word_1_294' title='bbox 1815 3353 1833 3386; x_wconf 75' lang='lat' dir='ltr'>e</span> <span class='ocrx_word' id='word_1_295' title='bbox 1853 3349 1913 3386; x_wconf 88' lang='lat' dir='ltr'>lui.</span> <span class='ocrx_word' id='word_1_296' title='bbox 1933 3365 1950 3381; x_wconf 90' lang='lat'>»</span> 
     </span>
     <span class='ocr_line' id='line_1_35' title="bbox 177 3401 1952 3455; baseline 0.003 -16"><span class='ocrx_word' id='word_1_297' title='bbox 177 3402 305 3449; x_wconf 77' lang='lat' dir='ltr'>(Arch.</span> <span class='ocrx_word' id='word_1_298' title='bbox 331 3403 493 3438; x_wconf 69' lang='lat' dir='ltr'>Fiet-ent.</span> <span class='ocrx_word' id='word_1_299' title='bbox 525 3401 630 3447; x_wconf 85' lang='lat' dir='ltr'>Carte</span> <span class='ocrx_word' id='word_1_300' title='bbox 662 3401 722 3438; x_wconf 90' lang='lat' dir='ltr'>del</span> <span class='ocrx_word' id='word_1_301' title='bbox 747 3402 978 3448; x_wconf 87' lang='lat' dir='ltr'>Machiaveli,</span> <span class='ocrx_word' id='word_1_302' title='bbox 1001 3415 1080 3440; x_wconf 88' lang='lat' dir='ltr'>cas.</span> <span class='ocrx_word' id='word_1_303' title='bbox 1115 3404 1178 3449; x_wconf 90' lang='lat'>111,</span> <span class='ocrx_word' id='word_1_304' title='bbox 1209 3417 1249 3442; x_wconf 91' lang='lat' dir='ltr'>n.</span> <span class='ocrx_word' id='word_1_305' title='bbox 1276 3405 1352 3452; x_wconf 89' lang='grc'><strong>39).</strong></span> <span class='ocrx_word' id='word_1_306' title='bbox 1383 3405 1511 3442; x_wconf 87' lang='lat' dir='ltr'>Villari</span> <span class='ocrx_word' id='word_1_307' title='bbox 1539 3418 1561 3443; x_wconf 86' lang='lat' dir='ltr'>a</span> <span class='ocrx_word' id='word_1_308' title='bbox 1585 3407 1708 3455; x_wconf 80' lang='lat' dir='ltr'>publie</span> <span class='ocrx_word' id='word_1_309' title='bbox 1735 3413 1829 3444; x_wconf 87' lang='lat' dir='ltr'>cette</span> <span class='ocrx_word' id='word_1_310' title='bbox 1851 3408 1952 3445; x_wconf 84' lang='lat' dir='ltr'>lettre</span> 
     </span>
     <span class='ocr_line' id='line_1_36' title="bbox 176 3459 1664 3513; baseline 0.001 -14"><span class='ocrx_word' id='word_1_311' title='bbox 176 3463 269 3500; x_wconf 85' lang='lat' dir='ltr'>dans</span> <span class='ocrx_word' id='word_1_312' title='bbox 291 3473 355 3497; x_wconf 87' lang='lat' dir='ltr'>son</span> <span class='ocrx_word' id='word_1_313' title='bbox 378 3459 433 3497; x_wconf 89' lang='lat' dir='ltr'>bel</span> <span class='ocrx_word' id='word_1_314' title='bbox 455 3471 614 3508; x_wconf 84' lang='lat' dir='ltr'>ouvrage</span> <span class='ocrx_word' id='word_1_315' title='bbox 638 3471 646 3496; x_wconf 77' lang='grc' dir='ltr'>ε</span> <span class='ocrx_word' id='word_1_316' title='bbox 667 3461 811 3498; x_wconf 71' lang='lat' dir='ltr'>Nice-olo</span> <span class='ocrx_word' id='word_1_317' title='bbox 831 3462 1061 3498; x_wconf 67' lang='lat' dir='ltr'>Machiazrelli</span> <span class='ocrx_word' id='word_1_318' title='bbox 1079 3475 1097 3498; x_wconf 78' lang='lat' dir='ltr'>e</span> <span class='ocrx_word' id='word_1_319' title='bbox 1115 3464 1129 3497; x_wconf 82' lang='lat' dir='ltr'><strong><em>i</em></strong></span> <span class='ocrx_word' id='word_1_320' title='bbox 1144 3465 1225 3498; x_wconf 75' lang='lat' dir='ltr'>suoi</span> <span class='ocrx_word' id='word_1_321' title='bbox 1244 3466 1368 3513; x_wconf 70' lang='lat' dir='ltr'>tempi,</span> <span class='ocrx_word' id='word_1_322' title='bbox 1386 3469 1410 3501; x_wconf 90' lang='lat' dir='ltr'>t.</span> <span class='ocrx_word' id='word_1_323' title='bbox 1430 3466 1458 3511; x_wconf 90' lang='lat'>1,</span> <span class='ocrx_word' id='word_1_324' title='bbox 1481 3476 1515 3513; x_wconf 89' lang='lat' dir='ltr'>p.</span> <span class='ocrx_word' id='word_1_325' title='bbox 1536 3466 1664 3502; x_wconf 77' lang='lat'>560-3.</span> 
     </span>
    </p>
   </div>
  </div>
 </body>
</html>
