2254 3944
353 371 434 397 va1
946 358 1117 396 NOTICE
1154 359 1529 406 BIOGRAPHIQUE.

352 466 578 516 cardinal
604 465 886 515 Guillaume
913 464 1201 530 Briconnet,
1234 483 1452 533 evesque
1479 466 1541 516 de
1570 466 1885 517 Saint-MaIO.
1914 467 2127 520 Eoetraz‘t

345 555 416 606 da
440 554 665 606 Journal
687 554 813 605 d’an
839 554 1049 606 maistre
1075 554 1162 606 des
1181 555 1486 606 ce're'mom'es
1511 555 1572 607 de
1599 556 1651 606 la
1676 573 1798 606 coar
1823 555 1884 607 de
1908 555 2063 607 Rome
2090 578 2114 604 »

345 644 412 712 (p.
450 643 590 705 710).
628 643 827 694 Rinaldi
862 644 1029 694 faisait
1067 644 1129 695 de
1167 646 1450 696 nombreux
1494 649 1753 712 emprunts
1793 647 1823 695 a
1859 645 2121 697 Burchard

343 749 474 799 pour
514 731 735 782 enrichir
765 731 815 782 la
856 732 984 782 suite
1023 732 1112 782 des
1137 732 1365 784 Annales
1406 731 1456 782 Ε
1458 732 1758 784 eclesiastici
1788 733 1856 783 du
1897 735 2124 786 cardinal

342 821 590 871 Baronius
631 821 717 891 (1).
761 820 961 871 Bientot
999 822 1219 872 Leibnitz
1255 822 1467 889 publiait
1504 822 1704 890 d'apres
1742 840 1814 873 un
1845 825 2122 875 manuscrit
2152 855 2155 858 ,

344 911 406 960 de
440 906 703 961 Burchard
735 910 857 978 qu'il
894 911 1030 962 avait
1068 911 1343 963 decouvert
1375 914 1405 962 a
1440 912 1490 962 la
1520 912 1866 980 bibliotheque
1893 913 1955 964 de
1986 914 2125 964 Wol-

342 1000 607 1062 fenbuttel,
647 1000 736 1050 des
771 1000 978 1050 extraits
1011 1001 1079 1051 du
1117 1001 1382 1051 Pontificat
1422 1001 1759 1053 d’Alexandre
1797 1004 1881 1064 VI,
1921 1020 2039 1053 sous
2078 1003 2127 1054 le

341 1089 456 1140 titre
483 1089 545 1140 de
577 1108 588 1139 z
619 1089 885 1157 Specz'men
917 1089 1175 1141 Historiae
1200 1090 1453 1152 Arcanae,
1484 1090 1589 1141 sive
1627 1091 1897 1144 anecdotae
1928 1093 1990 1143 de
2022 1092 2127 1145 vita

339 1178 636 1230 Aleoeandri
683 1177 754 1229 VI
786 1178 960 1247 Papae
997 1197 1089 1231 Seu
1121 1187 1373 1247 eoecer’pta>
1397 1196 1461 1230 ea:
1496 1170 1690 1230 Diario'
1709 1180 1961 1232 Jolzanm's
1990 1182 2126 1232 Bar-

339 1267 520 1319 chardz‘
557 1267 966 1336 Arqentz'nensz‘s,
1012 1269 1202 1336 capelle
1239 1261 1530 1320 Aleoeandrz‘
1563 1268 1709 1320 Seoetz·
1736 1269 1911 1338 Papae
1951 1270 2126 1322 clerici

341 1357 764 1409 Ceremoniarum
789 1357 1048 1426 Maqz'stri.
1080 1360 1336 1420 Hanovre,
1373 1358 1526 1420 1696,
1558 1358 1689 1408 in-40
1715 1359 1777 1409 de
1808 1359 1907 1411 108
1933 1377 2117 1427 pages;

343 1450 393 1497 et
431 1445 557 1497 dans
589 1447 757 1516 lequel
787 1447 834 1498 le
868 1447 1007 1511 latin,
1034 1447 1243 1498 l'italien
1274 1452 1324 1498 et
1354 1447 1400 1498 le
1432 1447 1653 1513 franceis
1687 1452 1801 1498 sont
1833 1449 2123 1500 simultane-

337 1540 477 1586 ment
505 1536 778 1603 employeS.
808 1536 898 1585 Cet
929 1536 1170 1602 opuscule
1203 1536 1324 1586 etait
1359 1537 1463 1586 tres
1499 1536 1755 1604 imparfait
1781 1537 1866 1603 (2),
1899 1538 2121 1588 Leihnitz

337 1624 384 1675 le
413 1624 576 1675 savait
600 1623 719 1674 bien
756 1626 806 1673 et
842 1622 1072 1673 meditait
1104 1623 1166 1673 de
1198 1623 1397 1691 publier
1427 1640 1498 1673 un
1534 1624 1722 1674 recueil
1757 1625 1846 1676 des
1873 1626 2119 1678 ecrivains

339 1795 461 1834 officio
490 1795 625 1833 missae
649 1794 974 1843 comprehendunt.
998 1793 1065 1831 Hic
1084 1805 1169 1832 vero
1189 1793 1331 1843 privato
1351 1794 1496 1831 nomine
1521 1798 1557 1831 et
1582 1805 1603 1831 a
1629 1794 1768 1843 privata
1786 1795 1943 1843 quadam
1962 1808 2120 1845 persona

335 1856 667 1895 ecclesiasticarum
705 1860 828 1892 tamen
865 1854 1133 1892 institutionum
1182 1853 1340 1902 graviter
1378 1854 1508 1903 perita,
1542 1853 1638 1891 circa
1679 1855 1846 1904 Gregorii
1877 1856 1960 1894 VII.
1995 1857 2120 1905 Papae

339 1916 458 1965 (cujus
475 1915 697 1952 mentionem
718 1913 816 1960 facit)
838 1917 922 1950 ante
942 1913 1164 1961 quingentos
1185 1924 1301 1949 annos
1321 1912 1527 1961 descriptus
1548 1918 1605 1951 est
1623 1917 1659 1951 et
1678 1915 1921 1952 narrationem
1934 1917 2116 1965 quandam

337 1975 546 2013 historicam
567 1973 685 2022 magis
705 1985 815 2021 quam
846 1972 1037 2021 mysticam
1069 1972 1245 2018 continet,
1266 1976 1302 2009 et
1327 1983 1447 2020 neque
1479 1977 1622 2010 tantum
1654 1973 1844 2011 Pontificis
1869 1974 2026 2012 Romani
2051 1976 2116 2013 sed

336 2033 548 2084 Presbyteri
572 2045 719 2082 quoque
738 2044 872 2070 munus
893 2031 1054 2080 exponit,
1077 2030 1306 2080 potissimum
1327 2034 1447 2068 autem
1467 2032 1668 2069 secundum
1690 2032 1917 2070 Gallicanum
1937 2025 2114 2080 ordinem,

326 2093 401 2143 'qui
421 2093 586 2143 quamvis
603 2105 625 2130 a
641 2093 808 2130 Romano
828 2091 1009 2129 effluxerit
1025 2102 1200 2140 processu
1220 2094 1341 2127 tamen
1362 2090 1533 2138 temporis
1553 2091 1721 2129 nonnihil
1746 2091 1793 2129 ab
1819 2104 1862 2129 eo
1882 2092 2048 2130 variavit.

387 2169 406 2188 «
425 2153 493 2190 Hic
509 2152 652 2190 libellus
672 2152 866 2202 praecedet
884 2154 1076 2188 tractatum
1093 2161 1200 2198 quem
1221 2161 1290 2198 ego
1311 2150 1354 2187 de
1376 2149 1595 2187 stationibus
1614 2151 1789 2189 Romanis
1811 2153 1931 2202 (cujus
1945 2153 2117 2201 frequens

341 2213 378 2251 in
399 2211 457 2249 his
477 2210 578 2248 libris
598 2211 732 2248 mentio
752 2211 821 2256 est)
843 2209 955 2247 edidi.
981 2209 1072 2246 Item
1089 2207 1239 2245 aliarum
1258 2219 1389 2245 vocum
1409 2207 1666 2247 inusitatarum
1688 2214 1724 2248 et
1742 2210 2000 2258 obscurarum,
2021 2224 2115 2261 quae

340 2272 480 2322 passim
499 2271 536 2307 in
557 2271 687 2308 iisdem
709 2269 811 2307 libris
830 2269 1059 2317 reperiuntur
1083 2267 1436 2316 interpretationem,
1459 2272 1500 2305 ut
1519 2268 1741 2316 Cardinalis,
1761 2269 1891 2316 Tituli,
1919 2270 2116 2310 Diaconiae

340 2331 593 2376 confessionis,
629 2329 820 2376 sacellarii,
853 2328 970 2371 Pallii,
999 2327 1191 2373 Ambonis,
1223 2327 1389 2373 Amulae,
1417 2332 1454 2365 et
1480 2327 1665 2366 similium.
1697 2330 1831 2366 Postea
1850 2330 1966 2378 adjeci
1984 2330 2116 2367 librum

338 2391 517 2436 ritualem,
538 2390 614 2428 sive
631 2390 795 2428 ordinem
815 2389 1022 2426 Romanum
1041 2390 1125 2424 ante
1145 2387 1433 2436 quadringentos
1453 2399 1570 2424 annos
1589 2387 1627 2424 in
1648 2388 1810 2425 Ecclesia
1829 2389 1996 2426 Romana
2014 2400 2118 2426 usur-

338 2448 486 2500 patum,
507 2462 588 2487 cum
609 2448 856 2486 additionibus
882 2453 918 2486 et
937 2446 1205 2485 annotamentis
1225 2446 1336 2493 meis,
1373 2459 1481 2496 quem
1508 2447 1668 2484 Cencius
1695 2447 1880 2485 Diaconus
1915 2448 2119 2486 Cardinalis

338 2511 380 2550 S.
402 2510 536 2547 Luciae
555 2509 594 2546 in
611 2509 747 2546 Orthea
765 2508 807 2544 S.
830 2509 876 2546 R.
898 2508 940 2545 E.
959 2506 1202 2552 Camerarius,
1225 2506 1287 2554 qui
1306 2511 1435 2554 postea
1455 2519 1620 2544 summus
1641 2508 1812 2545 Pontifex
1832 2511 1917 2556 post
1937 2509 2117 2545 Innocen-

337 2570 428 2608 tium
447 2570 497 2606 111
518 2572 662 2606 creatus
685 2568 866 2605 Honorius
887 2567 936 2604 III
962 2571 1113 2604 vocatus
1134 2571 1205 2609 est,
1226 2566 1340 2604 edidit
1355 2566 1412 2603 vel
1426 2566 1646 2613 reformavit,
1662 2567 1706 2604 de
1721 2579 1792 2616 quo
1808 2579 1874 2604 suo
1884 2566 1964 2605 loco
1977 2567 2113 2605 dicam.

337 2628 542 2667 Novissime
572 2628 719 2665 brevem
748 2627 977 2675 antiquorum
1010 2627 1226 2672 verborum,
1256 2627 1554 2664 vestimentorum
1586 2630 1622 2663 et
1654 2626 1788 2663 rituum
1820 2638 1913 2675 quos
1939 2626 1977 2663 in
2002 2626 2118 2664 missa

336 2688 445 2726 hodie
465 2689 633 2726 Romana
651 2686 813 2724 Ecclesia
832 2690 986 2735 usurpat
1005 2686 1340 2735 interpretationem
1360 2690 1396 2723 et
1424 2685 1602 2734 originem
1630 2686 1804 2735 suggessi
1830 2698 1875 2723 ex
1902 2685 2062 2735 antiquis
2081 2687 2119 2723 et

338 2747 607 2797 probatissimis
627 2746 839 2784 auctoribus
859 2747 1042 2794 decerpta.
1065 2746 1164 2790 Quos
1185 2757 1312 2783 omnes
1337 2745 1451 2782 libros
1480 2744 1713 2793 amplissimis
1738 2745 2018 2794 quibuscunque
2037 2746 2116 2783 the-

338 2807 455 2844 sauris
473 2805 703 2855 pretiosiores
721 2817 793 2842 uno
813 2804 994 2842 volumine
1015 2806 1296 2853 comprehensos
1317 2809 1379 2842 tuo
1398 2803 1514 2852 ipsius
1534 2803 1616 2840 usui
1634 2806 1671 2840 et
1683 2802 1947 2841 oblectamento
1966 2803 2113 2852 collegi,

336 2870 372 2903 et
391 2866 514 2902 multis
530 2865 780 2902 additionibus
797 2868 945 2901 ornatos
966 2863 1012 2900 ad
1032 2869 1067 2900 te
1088 2864 1183 2909 misi,
1203 2875 1311 2912 quem
1340 2862 1501 2900 omnium
1519 2862 1698 2899 bonarum
1722 2862 1853 2900 artium
1878 2862 2111 2900 historiarum

335 2925 435 2970 item,
453 2929 490 2962 et
508 2923 723 2973 praesertim
740 2933 865 2960 sacrae
885 2922 1194 2959 studiosissimum
1213 2933 1296 2958 esse
1315 2920 1470 2969 cognovi
1491 2932 1646 2969 quorum
1670 2921 1824 2959 lectione
1855 2925 1892 2959 te
1918 2922 2112 2960 admodum

335 2983 612 3030 delectaturum,
633 2987 670 3020 et
687 2982 842 3019 multum
864 2980 1028 3018 utilitatis
1054 2985 1091 3018 et
1117 2980 1389 3018 ecclesiasticae
1414 2980 1627 3017 eruditionis
1654 2985 1908 3037 percepturum
1927 2981 2026 3018 haud
2046 2981 2112 3018 du-

333 3042 429 3081 bito.
454 3043 526 3079 Eos
546 3042 658 3090 igitur
676 3040 804 3078 libenti
824 3040 945 3078 animo
965 3040 1148 3089 suscipias
1169 3051 1259 3088 rogo
1279 3043 1417 3077 etcum
1442 3039 1573 3077 ceteris
1605 3040 1641 3077 id
1674 3052 1793 3089 genus
1821 3040 1924 3078 libris
1955 3051 2049 3089 quos
2077 3040 2113 3077 in
2171 3057 2174 3060 ·

336 3101 564 3139 nobilissima
595 3101 662 3138 abs
694 3105 729 3138 te
757 3103 967 3137 constructa
997 3099 1219 3136 bibliotheca
1250 3098 1447 3136 condidisti
1467 3098 1662 3136 collocabis
1679 3099 1718 3136 in
1742 3100 1809 3137 mei
1826 3099 1889 3149 qui
1909 3099 2060 3137 multum
2078 3103 2115 3137 te

337 3172 418 3198 amo
439 3164 635 3209 perpetuae
654 3159 907 3197 observantiae
926 3163 1201 3196 monumentum
1222 3162 1257 3195 et
1268 3158 1570 3196 testificationem.
1591 3158 1690 3197 Vale.
1703 3155 1843 3197 Romae
1855 3158 1937 3196 Kal.
1953 3158 2115 3196 Januarii

333 3220 481 3258 ineunte
501 3231 597 3256 anno
614 3219 802 3257 MDLXV.
828 3219 960 3257 ».Mss
982 3220 1062 3263 132,
1084 3218 1110 3254 f.
1132 3219 1169 3254 1-
1174 3219 1210 3254 9.

385 3281 418 3316 1.
449 3279 491 3315 Τ.
514 3279 587 3323 XI;
606 3283 643 3316 et
661 3279 706 3315 de
724 3277 758 3314 la
775 3278 1031 3327 reimpression
1051 3276 1121 3314 des
1133 3279 1271 3326 pretres
1292 3277 1336 3313 de
1357 3277 1544 3315 l’Oratoire
1564 3278 1701 3326 (1877),
1716 3282 1744 3315 t.
1765 3248 1882 3316 XXX.

380 3338 480 3377 2.11
498 3338 556 3376 fut
575 3337 791 3375 ne'anmoins
808 3341 883 3374 tres
907 3337 991 3375 bien
1011 3336 1172 3375 accueilli
1192 3338 1240 3373 du
1258 3337 1397 3386 public,
1420 3341 1457 3374 et
1482 3349 1554 3374 une
1573 3338 1739 3375 nouvelle
1759 3338 1896 3376 edition
1916 3339 2111 3388 paraissait

336 3398 480 3435 l’annee
501 3397 681 3440 suivante,
704 3408 792 3434 sous
819 3409 859 3434 ce
885 3396 967 3434 titre
990 3409 998 3434 :
1020 3398 1185 3434 Historia
1211 3406 1347 3432 arcana
1371 3397 1448 3432 sive
1476 3398 1520 3433 de
1538 3398 1614 3433 vita
1638 3398 1848 3434 Alemandri
1865 3399 1970 3436 Sexti
1983 3410 2108 3447 papae

334 3470 398 3496 seu
433 3462 605 3505 exem-pta
631 3469 675 3495 ea:
695 3458 817 3494 diario
845 3457 1022 3494 „Iohannis
1046 3456 1254 3494 Burchardi
1269 3456 1564 3501 Arqentinensis,
1592 3456 1749 3503 capellae
1767 3457 1974 3495 Alemandm·
2003 3459 2107 3496 Seoeti

332 3529 456 3566 papae
474 3520 763 3557 Cercmoniarmn
784 3518 970 3564 Masjislri.
993 3516 1215 3561 Hanoverae‚
1239 3515 1344 3559 1697,
1364 3514 1471 3552 ἰπὶ-40.
