2254 3944
329 401 375 437 24
939 395 1174 433 JOHANNIS
1208 395 1504 443 BURCHARDI,
1890 398 1993 439 [Mars
2017 401 2109 442 1500]

329 502 454 566 copi;
475 519 512 550 s.
534 500 815 558 Clementis,
830 500 1213 557 Beneventanus,
1234 514 1271 546 s.
1291 500 1569 558 Praexedis,
1590 499 1808 557 Ursinus,
1826 499 2110 548 Alexandri-

329 603 435 645 nus,
457 603 494 634 s.
519 585 702 643 Crucis,
727 582 1089 646 Agrigentinus,
1116 582 1392 647 Capuanus,
1414 583 1704 648 presbyteri,
1729 583 1787 631 ab
1808 599 1903 631 uno
1925 583 2105 643 latere;

328 671 386 718 ab
408 670 518 728 alio,
558 666 785 717 Senensis
820 670 866 714 et
889 665 1161 725 Farnesius,
1187 666 1394 725 diaconi,
1433 667 1513 729 qui
1548 670 1657 730 post
1690 667 1891 714 missam
1922 667 2110 716 iverunt

330 769 498 801 omnes
536 753 597 800 ad
624 752 864 799 honorem
903 749 1158 798 cardinalis
1178 750 1485 813 Neapolitani
1507 750 1567 798 ad
1588 750 1692 814 ejus
1715 750 1973 813 capellam.

394 835 648 884 Dominica
680 835 838 898 prima
865 833 1254 896 quadragesime,
1280 836 1307 880 8
1330 833 1511 892 martii,
1536 836 1590 881 R.
1618 835 1669 880 P.
1696 836 1752 881 D.
1780 835 1967 891 PetruS,
1989 833 2111 898 epis-

329 936 476 985 copus
499 918 784 977 CalmensiS,
825 916 1085 965 celebravit
1120 917 1319 964 missam
1354 916 1595 979 publicam
1630 916 1679 964 in
1712 917 1895 981 capella
1928 917 2110 981 maj0re

328 1004 513 1068 palatii,
539 1007 669 1066 Papa
690 1004 939 1066 presente3
980 1000 1250 1049 orationem
1283 999 1396 1048 fecit
1431 1002 1719 1064 procurator
1751 1002 1933 1049 ordinis
1952 1001 2111 1065 predi-

327 1093 562 1135 catorum.
608 1135 614 1139 ,

388 1173 526 1221 Feria
540 1175 725 1235 quarta,
753 1174 803 1217 11
825 1169 1008 1218 mensis
1021 1168 1181 1216 martii
1202 1168 1644 1217 fuitconsistorium
1659 1174 1898 1218 secretum
1910 1169 1970 1217 ad
1980 1170 2109 1233 quod

328 1257 520 1304 fuerunt
543 1254 701 1302 vocati
735 1268 905 1301 omnes
931 1257 1151 1300 oratores
1183 1268 1354 1315 regum
1387 1256 1433 1301 et
1456 1252 1733 1316 principum
1761 1252 1809 1300 in
1828 1253 1955 1301 Urbe
1983 1252 2108 1301 exis—

327 1343 505 1398 tentes;
540 1337 862 1386 interfuerunt
898 1337 1157 1400 episcopus
1185 1336 1492 1398 Segoviensis
1531 1343 1575 1384 et
1612 1335 1910 1384 Philibertus
1944 1339 2109 1384 orator

327 1424 454 1486 regis
476 1426 820 1480 Romanorum,
853 1422 1112 1484 episcopus
1140 1421 1467 1478 Trecorensis,
1493 1424 1658 1468 orator
1680 1420 1897 1479 Francie,
1922 1421 2108 1484 episco-

326 1524 415 1571 pus
437 1506 811 1569 Wigorniensis,
838 1508 1003 1552 orator
1031 1505 1159 1566 regis
1192 1504 1385 1567 Anglie,
1412 1505 1508 1552 duo
1531 1508 1754 1553 oratores
1775 1504 1901 1567 regis
1923 1507 2108 1568 Neapo-

329 1591 481 1648 litani,
505 1590 677 1637 unicus
699 1592 867 1636 orator
887 1588 1015 1651 regis
1037 1588 1398 1650 Hispaniarum,
1434 1593 1652 1635 oratores
1672 1591 1990 1647 Venetorum,
2023 1588 2109 1635 du-

325 1675 394 1720 cis
425 1672 667 1721 Sabaudie
690 1674 738 1719 et
759 1670 1169 1718 Florentinorum.
1210 1673 1341 1733 Papa
1378 1672 1634 1734 proposuit
1672 1671 1944 1735 periculum
1979 1671 2108 1734 quod

325 1756 607 1804 christianis
630 1771 718 1818 per
740 1757 925 1802 Turcos
941 1754 1326 1801 comminaretur
1349 1758 1395 1802 et
1411 1755 1539 1818 quod
1563 1754 1838 1818 scripsisset
1860 1754 1918 1802 de
1937 1770 2105 1803 mense

325 1839 535 1887 octobris
563 1839 675 1886 anni
707 1837 931 1901 proxime
953 1837 1173 1901 preteriti
1197 1838 1393 1899 regibus
1425 1842 1470 1886 et
1503 1838 1807 1901 principibus
1826 1837 2105 1886 christianis

326 1922 454 1985 quod
477 1922 729 1970 mitterent
750 1921 976 1968 mandata
996 1921 1056 1968 ad
1077 1921 1429 1969 consulendum
1460 1925 1506 1968 et
1526 1921 1876 1984 providendum
1898 1922 2107 1970 necessi-

326 2005 407 2053 tati
430 2004 717 2063 christiane3
742 2007 790 2052 et
828 2020 938 2052 cum
969 2004 1128 2052 nullus
1150 2004 1485 2068 responderet,
1517 2003 1772 2054 admonuit
1807 2007 1999 2054 iterum.
2031 2008 2102 2054 Ad

326 2088 454 2135 idem
477 2089 620 2135 audio
642 2088 793 2136 fuisse
814 2103 1100 2151 responsum
1129 2104 1215 2151 per
1244 2103 1393 2135 unum
1422 2088 1682 2135 convenire
1716 2090 1871 2153 magis
1893 2090 1998 2138 fieri
2023 2106 2104 2154 pa-

325 2187 431 2219 cem
455 2176 501 2219 et
521 2171 832 2219 concordiam
868 2172 995 2218 inter
1027 2172 1272 2235 principes
1295 2172 1604 2234 christianos,
1640 2174 1814 2222 deinde
1848 2189 1954 2221 rem
1989 2176 2118 2221 Tur-'

323 2270 493 2302 carum
511 2255 711 2302 tractari
733 2271 741 2302 :
768 2254 912 2302 audio
935 2255 1083 2302 etiam
1118 2257 1300 2318 Papam
1322 2257 1562 2319 premissa
1584 2256 1898 2321 proposuisse
1921 2257 1979 2304 ad
2003 2257 2100 2304 ins-

323 2338 525 2386 tantiam
546 2341 848 2388 Venetorum
869 2341 916 2386 et
937 2353 1028 2401 pro
1051 2353 1222 2385 eorum
1245 2339 1479 2387 interesse
1502 2341 1801 2404 particulari.

388 2421 527 2468 Feria
549 2421 732 2483 quinta,
763 2424 819 2468 12
843 2421 959 2468 dicti
982 2421 1179 2479 mensiS,
1206 2421 1330 2468 festo
1353 2438 1389 2469 s.
1415 2424 1632 2486 Gregorii
1652 2439 1794 2487 pape,
1820 2426 1875 2471 R.
1905 2426 1959 2472 D.
1985 2426 2096 2472 Cor-

323 2505 490 2561 settus,
524 2502 695 2550 doctor
729 2503 1080 2550 auditorandus
1115 2503 1309 2566 repetiit
1340 2504 1606 2568 capitulum
1635 2506 1683 2553 in
1704 2509 1884 2569 puncto
1907 2506 1998 2554 sibi
2021 2506 2101 2554 da-

328 2591 427 2632 tum
447 2600 557 2632 cum
577 2585 674 2632 suis
697 2584 1107 2644 conclusionibus,
1134 2588 1182 2633 et
1202 2585 1325 2633 bene
1348 2588 1613 2650 respondit.

386 2667 640 2717 Dominica
657 2668 872 2716 secunda
888 2667 1278 2731 quadragesime,
1309 2672 1365 2717 15
1386 2670 1602 2733 ejusdem
1624 2672 1806 2718 mensis
1829 2671 2008 2730 martii,
2038 2674 2091 2719 D.

320 2751 607 2814 Stephanus,
640 2751 1034 2814 archiepiscopus
1065 2751 1383 2812 Patracensis,
1409 2753 1638 2801 assistens
1667 2756 1812 2815 Pape,
1841 2753 2097 2801 celebravit

317 2835 513 2882 missam
547 2833 791 2897 publicam
827 2833 875 2881 in
907 2833 1091 2895 capella
1118 2834 1302 2897 majore
1334 2834 1495 2897 palatii
1527 2836 1795 2898 apostolici,
1833 2838 1961 2900 Papa
1989 2852 2093 2900 pre-

317 2922 475 2976 sente3
503 2917 771 2965 orationem
800 2916 913 2964 fecit
933 2920 1217 2979 procurator
1237 2916 1418 2964 ordinis
1433 2917 1689 2978 Minorum,
1716 2922 1770 2967 R.
1798 2922 1854 2967 D.
1881 2922 2091 2969 Bernar-

317 2999 475 3059 dinuS,
500 2999 896 3061 prothonotarius
918 2999 1232 3062 apostolicus;
1253 2999 1346 3047 alia
1363 3016 1498 3048 more
1522 3001 1679 3050 solito.

384 3081 719 3145 Superioribus
739 3081 908 3129 diebus
927 3082 1209 3130 nunciatum
1231 3087 1302 3131 est
1323 3083 1384 3131 ad
1406 3085 1600 3143 Urbem,
1626 3085 1703 3134 die
1719 3085 1849 3144 lune,
1879 3089 1939 3134 24
1961 3102 2095 3134 men-

318 3166 382 3213 sis
403 3164 632 3213 sebruarii
654 3164 887 3228 preteriti,
914 3164 962 3211 in
983 3180 1156 3213 aurora
1180 3165 1291 3225 diei,
1329 3167 1428 3215 sole
1451 3167 1686 3216 existente
1707 3168 1753 3215 in
1775 3169 2008 3232 piscibus,
2033 3185 2090 3218 ex

317 3247 641 3296 illustrissimo
673 3247 891 3311 Philippo
919 3248 1178 3298 archiduce
1209 3251 1402 3298 Austrie
1437 3255 1485 3299 et
1516 3251 1840 3299 illustrissima
1870 3252 2092 3302 Johanna

318 3331 415 3379 filia
435 3331 563 3394 regis
585 3335 632 3378 et
653 3330 817 3393 regine
842 3331 1179 3394 Hispaniarum
1202 3337 1366 3381 natum
1388 3349 1493 3382 esse
1515 3333 1782 3398 principem
1805 3334 1879 3382 cui
1903 3335 1951 3382 in
1972 3335 2091 3399 bap-

319 3415 460 3462 tismo
482 3413 761 3478 impositum
784 3416 855 3461 est
873 3429 1051 3463 nornen
1069 3415 1289 3475 Carolus;
1315 3416 1376 3463 ob
1395 3432 1538 3480 quam
1561 3431 1664 3464 rem
1686 3419 1740 3464 R.
1767 3420 1822 3464 D.
1846 3417 2092 3481 Philippus

320 3497 564 3558 Naturelli,
587 3500 749 3545 orator
770 3497 1064 3545 serenissimi
1096 3501 1421 3548 Romanorum
1445 3500 1590 3563 regis,
1614 3499 1762 3548 voluit
1782 3500 1912 3563 quod
1933 3500 2091 3548 eccle-
