2202 3918
307 323 377 358 352
891 321 1124 357 JOHANNIS
1158 319 1452 363 BURCHARDI,
1877 319 1956 362 [Mai
1977 321 2075 361 1504]

307 437 394 469 suo
417 421 542 468 inter
565 420 837 467 cardinales
870 424 917 468 et
947 436 1044 468 non
1077 425 1183 484 post
1208 434 1395 478 omneS,
1425 419 1693 477 celebrans,
1719 418 1830 466 data
1851 419 2078 468 benedic-

306 504 436 551 tione
470 518 556 566 per
584 504 764 565 Papam
794 502 985 550 intravit
1023 502 1287 550 sacristiam
1323 501 1403 548 ubi
1441 500 1662 564 deposuit
1697 516 1855 548 sacras
1897 506 2071 550 vestes.

306 588 419 633 Post
450 584 663 643 missam,
700 587 828 648 Papa
860 584 1087 647 depositis
1118 585 1166 631 in
1195 583 1307 632 sede
1343 599 1428 630 sua
1453 583 1664 646 pluviali,
1692 583 1835 630 mitra
1859 586 1907 630 et
1932 584 2072 641 stola,

304 666 488 730 recepit
513 666 726 729 priorem
747 666 966 713 habitum
994 682 1103 714 cum
1131 682 1224 729 quo
1247 665 1462 714 ascendit
1482 665 1710 727 palatium
1739 681 1777 712 s.
1798 665 1967 724 Marci,
1994 665 2073 712 ubi

304 749 415 797 fecit
456 748 728 811 prandium,
753 751 801 795 et
834 764 944 795 cum
979 763 1035 796 eo
1070 753 1165 796 tres
1199 748 1467 795 cardinales
1502 747 1724 795 videlicet
1757 747 2068 805 camerarius,

304 833 666 879 Beneventanus
689 834 735 878 et
755 831 1067 878 Mimatensis.
1094 833 1207 878 Post
1224 830 1492 894 prandium,
1519 831 1567 876 in
1589 830 1748 892 prima
1766 830 1875 877 aula
1891 831 2070 878 factum

303 913 389 961 fuit
419 913 747 976 spectaculum
784 913 1025 975 quoddam
1059 913 1119 960 ad
1150 913 1425 961 instantiam
1465 913 1676 976 Magistri
1706 912 1864 960 Creoli
1899 913 2069 961 calzet-

305 995 427 1051 tarii,
461 996 589 1058 quod
613 1011 707 1043 non
739 1000 841 1043 erat
873 1011 1028 1058 neque
1064 996 1279 1058 tragedia
1310 1011 1466 1058 neque
1489 995 1725 1054 comedia,
1764 995 1850 1043 sed
1866 995 2073 1058 quedam

307 1078 544 1127 inventiva
570 1079 629 1126 ad
653 1078 845 1126 laudem
874 1081 1000 1141 Pape
1031 1083 1078 1126 et
1111 1078 1311 1141 gloriam
1339 1094 1492 1136 suam,
1527 1079 1576 1125 in
1610 1095 1704 1141 qua
1736 1078 1931 1141 quidam
1957 1094 2078 1140 puer

305 1154 481 1209 novem
500 1177 737 1209 annorum
764 1162 834 1209 vel
854 1162 1013 1209 minor
1041 1161 1129 1208 fuit
1150 1161 1430 1213 Mercurius,
1463 1161 1543 1222 qui
1576 1161 1726 1208 multa
1752 1161 1931 1224 optime
1961 1160 2077 1207 dixit

304 1259 414 1290 cum
443 1244 670 1307 singulari
706 1244 875 1307 gratia,
911 1244 1186 1291 affabilitate
1220 1248 1266 1292 et
1302 1243 1449 1306 gestis
1476 1243 1889 1291 convenientibus.
1927 1246 2076 1291 Inter-

304 1325 498 1373 fuerunt
518 1329 645 1390 Papa
666 1331 712 1374 et
731 1331 917 1390 septem
940 1326 1223 1384 cardinales,
1248 1325 1467 1373 videlicet
1489 1326 1803 1385 camerarius,
1828 1342 1866 1372 s.
1887 1325 2072 1385 Crucis,

308 1409 692 1467 Beneventanus,
719 1409 967 1467 Columna,
992 1408 1428 1466 vicecancellariuS,
1452 1425 1490 1455 s.
1518 1408 1729 1455 Severini
1750 1413 1797 1456 et
1810 1409 2071 1472 Aragonia.

373 1492 458 1539 Die
499 1492 743 1549 mercurii,
798 1496 815 1538 1
858 1492 987 1550 maii,
1029 1494 1111 1539 SS.
1156 1495 1213 1539 D.
1246 1495 1411 1539 noster
1444 1492 1672 1554 equitavit
1698 1507 1808 1538 cum
1842 1492 1979 1550 stola,
2025 1497 2077 1539 ut

307 1590 468 1638 supra,
489 1574 611 1621 hora
630 1574 917 1622 duodecima
937 1575 1009 1622 vel
1028 1576 1172 1634 circa,
1212 1575 1270 1623 de
1304 1591 1342 1622 s.
1370 1577 1532 1621 Marco
1569 1574 1629 1621 ad
1657 1577 1848 1621 sanctos
1874 1576 2075 1637 Aposto-

305 1657 377 1705 los
400 1673 409 1704 :
437 1656 734 1704 Mimatensis
755 1657 969 1720 pervenit
995 1673 1082 1720 per
1111 1657 1255 1706 aliam
1282 1658 1406 1705 viam
1434 1657 1704 1704 breviorem
1740 1673 1884 1719 quam
1912 1659 2073 1720 Papa3

306 1738 532 1803 equitavit
553 1743 690 1787 recta
711 1739 787 1786 via
820 1739 880 1786 ad
908 1756 946 1786 s.
980 1740 1178 1788 Mariam
1209 1740 1256 1787 in
1290 1741 1364 1788 via
1391 1742 1521 1797 Lata,
1560 1739 1670 1787 inde
1698 1739 1834 1802 juxta
1867 1755 1904 1786 s.
1947 1742 2075 1787 Mar-

306 1821 480 1870 cellum
505 1820 566 1868 ad
589 1822 845 1884 Apostolos
871 1824 919 1869 et
941 1823 1028 1869 sub
1055 1828 1195 1885 porta
1215 1823 1344 1870 dedit
1368 1838 1562 1870 crucem
1585 1821 1894 1887 osculandam
1914 1824 2041 1885 Pape
2062 1839 2071 1881 ;

307 1904 634 1967 aspersorium
674 1909 721 1951 et
770 1905 1040 1952 naviculam
1062 1906 1348 1953 ministravit
1369 1910 1416 1953 et
1447 1905 1711 1953 incensavit
1742 1921 1871 1952 eum.
1925 1908 2072 1969 Papa,

306 1987 432 2034 facta
456 1987 675 2034 oratione
698 1987 747 2033 in
761 1987 1026 2035 faldistorio
1046 1992 1156 2035 ante
1173 1988 1337 2046 altare,
1355 1988 1579 2051 deposuit
1595 1988 1783 2046 stolam,
1800 1989 2070 2052 capucium,

303 2067 511 2115 biretum
536 2069 594 2115 de
618 2069 909 2127 cremesino,
937 2070 1348 2134 accepit=biretum
1373 2071 1552 2129 album,
1585 2070 1757 2118 stolam
1796 2072 1999 2119 rubeam
2026 2075 2074 2120 et

305 2149 532 2212 pluviale;
561 2150 733 2199 deinde
755 2151 843 2199 fuit
864 2153 1110 2200 confessus
1131 2170 1238 2201 cum
1265 2154 1553 2209 celebrante,
1581 2154 1797 2202 ascendit
1819 2155 1878 2202 ad
1907 2156 2072 2203 sedem

306 2231 367 2279 ad
390 2231 629 2280 sinistram
647 2234 868 2282 intrantis
893 2236 1126 2298 capellam
1154 2253 1244 2299 que
1262 2242 1367 2285 erat
1387 2237 1434 2284 in
1457 2236 1617 2284 medio
1640 2237 1764 2284 muri
1797 2243 2068 2301 preparata,

307 2315 493 2378 accepit
520 2316 787 2364 cardinales
818 2318 879 2365 ad
910 2319 1255 2378 reverentiam;
1291 2319 1385 2367 alia
1419 2334 1553 2366 more
1590 2319 1746 2366 solito.
1781 2321 2005 2384 Episcopi
2027 2327 2074 2369 et

307 2397 577 2462 presbyteri
595 2398 862 2446 cardinales
884 2400 1176 2448 sederuntin
1192 2405 1419 2459 muretto,
1438 2416 1589 2463 usque
1612 2401 1671 2448 ad
1692 2392 1880 2464 portam
1911 2402 2069 2459 chori;

306 2480 497 2528 diaconi
521 2479 569 2527 in
589 2480 789 2528 banchis
811 2482 1058 2530 altioribus
1079 2484 1128 2530 in
1153 2484 1374 2547 opposito
1391 2486 1517 2547 Pape
1542 2484 1600 2531 ad
1623 2484 1866 2532 dexteram
1888 2485 2074 2533 intran-

309 2563 368 2611 tis
400 2563 602 2611 chorum
640 2564 699 2611 ad
729 2564 845 2612 duas
871 2581 1048 2613 cannas
1079 2567 1139 2613 ab
1182 2567 1303 2614 ostio
1340 2566 1606 2630 preparatis
1639 2567 1765 2615 inter
1796 2572 1987 2631 portam
2025 2573 2072 2618 et

307 2646 487 2704 altare3
522 2649 570 2693 et
600 2652 730 2694 retro
762 2648 868 2695 illos
906 2649 1105 2712 prelati:
1135 2652 1182 2697 et
1215 2649 1340 2696 male
1376 2649 1567 2698 fuerunt
1602 2666 1658 2697 ea
1693 2666 1887 2698 scamna
1915 2651 2072 2715 posita

308 2745 398 2791 que
415 2729 572 2776 socius
591 2745 726 2777 meus
742 2730 809 2778 sic
831 2731 1079 2779 ordinavit.
1106 2732 1395 2780 Assistentes
1418 2731 1648 2780 sederunt
1669 2732 1898 2780 ininfimo
1919 2735 2071 2797 gradu

308 2812 415 2859 solii
440 2814 596 2875 Pape;
628 2813 688 2860 ad
717 2813 957 2860 sinistram
993 2818 1186 2862 senator
1222 2818 1269 2862 et
1298 2819 1659 2863 conservatores
1690 2814 1919 2862 sederunt
1932 2815 2070 2879 juxta

305 2899 492 2958 portam
512 2895 570 2942 ad
592 2895 842 2944 dexteram
864 2895 1100 2943 intrantis.
1130 2896 1227 2943 Soli
1253 2896 1439 2944 diaconi
1468 2902 1701 2945 venerunt
1725 2898 1771 2944 in
1801 2897 1919 2945 locis
1949 2898 2062 2956 suis,

303 2977 605 3036 subdiaconi,
633 2977 876 3025 auditores
896 2981 942 3024 et
959 2978 1134 3041 acolyti
1157 2978 1383 3026 sederunt
1408 2994 1542 3027 more
1565 2979 1703 3026 solito
1726 2980 1785 3026 ad
1822 2979 2067 3028 dexteram

303 3063 432 3124 Pape
455 3064 517 3121 et,
536 3063 760 3123 tempore
779 3059 964 3119 circuli,
989 3059 1170 3107 iverant
1190 3063 1323 3108 extra
1340 3061 1574 3109 circulum
1597 3061 1657 3108 ad
1677 3060 1919 3109 sinistram
1940 3065 2067 3127 Pape

304 3149 431 3192 retro
451 3143 679 3192 diaconos
705 3141 990 3189 cardinales
1023 3143 1216 3190 Missam
1249 3143 1509 3190 celebravit
1540 3146 1592 3190 R.
1636 3146 1686 3190 P.
1725 3146 1781 3191 D.
1814 3144 2066 3210 episcopus

304 3225 619 3285 Civitatensis,
640 3224 961 3288 prefationem
981 3223 1039 3271 de
1056 3224 1301 3287 apostolis
1328 3262 1337 3271 .
1370 3261 1379 3271 .
1411 3262 1419 3271 .
1450 3262 1459 3272 .
1493 3261 1501 3271 .
1535 3262 1543 3272 .
1571 3262 1579 3271 .
1608 3262 1615 3271 .
1647 3263 1655 3272 .
1700 3263 1709 3272 .
1734 3229 1786 3273 In
1808 3227 1901 3274 fine
1919 3231 2065 3292 Papa,

303 3313 412 3372 post
437 3307 841 3366 benedictionem,
862 3306 991 3354 dedit
1029 3306 1352 3368 indulgentias
1391 3307 1628 3370 plenarias
1663 3323 1781 3371 quas
1812 3310 2068 3374 publicavit

306 3392 587 3440 celebrans:
616 3390 848 3455 depositis
869 3390 1031 3449 mitra,
1056 3389 1336 3453 pluvialeet
1367 3389 1490 3438 stola
1515 3394 1623 3439 ante
1651 3392 1799 3440 altare
1834 3398 1881 3441 et
1914 3394 2068 3443 bireto
