<?xml version="1.0" encoding="UTF-8"?>
<!DOCTYPE html PUBLIC "-//W3C//DTD XHTML 1.0 Transitional//EN"
    "http://www.w3.org/TR/xhtml1/DTD/xhtml1-transitional.dtd">
<html xmlns="http://www.w3.org/1999/xhtml" xml:lang="en" lang="en">
 <head>
  <title>
</title>
<meta http-equiv="Content-Type" content="text/html;charset=utf-8" />
  <meta name='ocr-system' content='tesseract 3.04.00' />
  <meta name='ocr-capabilities' content='ocr_page ocr_carea ocr_par ocr_line ocrx_word'/>
</head>
<body>
  <div class='ocr_page' id='page_1' title='image "./diariumsivererum03burcuoft_0332.png"; bbox 0 0 2228 3938; ppageno 0'>
   <div class='ocr_carea' id='block_1_1' title="bbox 291 389 2059 436">
    <p class='ocr_par' dir='ltr' id='par_1_1' title="bbox 291 389 2059 436">
     <span class='ocr_line' id='line_1_1' title="bbox 291 389 2059 436; baseline 0.001 -10"><span class='ocrx_word' id='word_1_1' title='bbox 291 389 362 426; x_wconf 83' lang='lat'>250</span> <span class='ocrx_word' id='word_1_2' title='bbox 889 389 1123 428; x_wconf 89' lang='lat' dir='ltr'><strong>JOHANNIS</strong></span> <span class='ocrx_word' id='word_1_3' title='bbox 1156 389 1452 436; x_wconf 84' lang='lat' dir='ltr'>BURCHARDI,</span> <span class='ocrx_word' id='word_1_4' title='bbox 1838 394 1945 433; x_wconf 76' lang='lat' dir='ltr'>[Aont</span> <span class='ocrx_word' id='word_1_5' title='bbox 1965 397 2059 436; x_wconf 84' lang='lat'><strong>1503]</strong></span> 
     </span>
    </p>
   </div>
   <div class='ocr_carea' id='block_1_2' title="bbox 269 491 2087 3392">
    <p class='ocr_par' dir='ltr' id='par_1_2' title="bbox 291 491 2061 724">
     <span class='ocr_line' id='line_1_2' title="bbox 291 491 2060 556; baseline 0.003 -15"><span class='ocrx_word' id='word_1_6' title='bbox 291 496 482 556; x_wconf 88' lang='lat' dir='ltr'>portam</span> <span class='ocrx_word' id='word_1_7' title='bbox 509 508 548 539; x_wconf 90' lang='lat' dir='ltr'>s.</span> <span class='ocrx_word' id='word_1_8' title='bbox 583 491 850 551; x_wconf 87' lang='lat' dir='ltr'>Pancratii;</span> <span class='ocrx_word' id='word_1_9' title='bbox 879 496 927 541; x_wconf 90' lang='lat' dir='ltr'>et</span> <span class='ocrx_word' id='word_1_10' title='bbox 960 498 1011 542; x_wconf 90' lang='lat' dir='ltr'>ut</span> <span class='ocrx_word' id='word_1_11' title='bbox 1041 494 1172 542; x_wconf 91' lang='lat' dir='ltr'>illam</span> <span class='ocrx_word' id='word_1_12' title='bbox 1201 494 1289 542; x_wconf 91' lang='lat' dir='ltr'>sibi</span> <span class='ocrx_word' id='word_1_13' title='bbox 1316 494 1557 553; x_wconf 76' lang='lat' dir='ltr'>subderet,</span> <span class='ocrx_word' id='word_1_14' title='bbox 1586 494 1827 545; x_wconf 79' lang='lat' dir='ltr'>interfecit</span> <span class='ocrx_word' id='word_1_15' title='bbox 1850 496 1915 544; x_wconf 91' lang='lat' dir='ltr'>ibi</span> <span class='ocrx_word' id='word_1_16' title='bbox 1941 498 2060 547; x_wconf 89' lang='lat' dir='ltr'>duos</span> 
     </span>
     <span class='ocr_line' id='line_1_3' title="bbox 291 575 2061 643; baseline 0.004 -20"><span class='ocrx_word' id='word_1_17' title='bbox 291 579 340 623; x_wconf 90' lang='lat' dir='ltr'>et</span> <span class='ocrx_word' id='word_1_18' title='bbox 361 576 481 623; x_wconf 91' lang='lat' dir='ltr'>alios</span> <span class='ocrx_word' id='word_1_19' title='bbox 501 575 781 636; x_wconf 87' lang='lat' dir='ltr'>vulneravit,</span> <span class='ocrx_word' id='word_1_20' title='bbox 817 579 864 624; x_wconf 85' lang='lat' dir='ltr'>et</span> <span class='ocrx_word' id='word_1_21' title='bbox 884 592 980 624; x_wconf 90' lang='lat' dir='ltr'>non</span> <span class='ocrx_word' id='word_1_22' title='bbox 1003 577 1171 626; x_wconf 88' lang='lat' dir='ltr'>habuit</span> <span class='ocrx_word' id='word_1_23' title='bbox 1191 582 1398 643; x_wconf 87' lang='lat' dir='ltr'>portam.</span> <span class='ocrx_word' id='word_1_24' title='bbox 1428 580 1480 625; x_wconf 89' lang='lat' dir='ltr'>In</span> <span class='ocrx_word' id='word_1_25' title='bbox 1498 593 1639 626; x_wconf 90' lang='lat' dir='ltr'>mane</span> <span class='ocrx_word' id='word_1_26' title='bbox 1659 580 1896 642; x_wconf 80' lang='lat' dir='ltr'>sequenti,</span> <span class='ocrx_word' id='word_1_27' title='bbox 1924 580 2061 631; x_wconf 88' lang='lat' dir='ltr'>rediit</span> 
     </span>
     <span class='ocr_line' id='line_1_4' title="bbox 291 658 1214 724; baseline 0.003 -18"><span class='ocrx_word' id='word_1_28' title='bbox 291 663 337 706; x_wconf 85' lang='lat' dir='ltr'>et</span> <span class='ocrx_word' id='word_1_29' title='bbox 359 659 575 707; x_wconf 85' lang='lat' dir='ltr'>similiter</span> <span class='ocrx_word' id='word_1_30' title='bbox 595 674 702 707; x_wconf 90' lang='lat' dir='ltr'>eam</span> <span class='ocrx_word' id='word_1_31' title='bbox 722 658 902 707; x_wconf 88' lang='lat' dir='ltr'>habere</span> <span class='ocrx_word' id='word_1_32' title='bbox 924 675 1021 708; x_wconf 91' lang='lat' dir='ltr'>non</span> <span class='ocrx_word' id='word_1_33' title='bbox 1042 662 1214 724; x_wconf 82' lang='lat' dir='ltr'>potuit.</span> 
     </span>
    </p>

    <p class='ocr_par' dir='ltr' id='par_1_3' title="bbox 269 742 2087 3392">
     <span class='ocr_line' id='line_1_5' title="bbox 353 742 2058 808; baseline 0.004 -19"><span class='ocrx_word' id='word_1_34' title='bbox 353 742 437 790; x_wconf 89' lang='lat' dir='ltr'>Die</span> <span class='ocrx_word' id='word_1_35' title='bbox 459 742 662 800; x_wconf 82' lang='lat' dir='ltr'>veneriS,</span> <span class='ocrx_word' id='word_1_36' title='bbox 689 745 747 790; x_wconf 76' lang='lat'>25</span> <span class='ocrx_word' id='word_1_37' title='bbox 774 742 980 805; x_wconf 79' lang='lat' dir='ltr'>augusti,</span> <span class='ocrx_word' id='word_1_38' title='bbox 1006 743 1093 791; x_wconf 87' lang='lat' dir='ltr'>fuit</span> <span class='ocrx_word' id='word_1_39' title='bbox 1118 744 1324 808; x_wconf 89' lang='lat' dir='ltr'>septima</span> <span class='ocrx_word' id='word_1_40' title='bbox 1346 744 1663 807; x_wconf 88' lang='lat' dir='ltr'>congregatio</span> <span class='ocrx_word' id='word_1_41' title='bbox 1686 744 1734 792; x_wconf 92' lang='lat' dir='ltr'>in</span> <span class='ocrx_word' id='word_1_42' title='bbox 1764 745 1907 794; x_wconf 89' lang='lat' dir='ltr'>domo</span> <span class='ocrx_word' id='word_1_43' title='bbox 1930 747 2058 795; x_wconf 88' lang='lat' dir='ltr'>Rmi.</span> 
     </span>
     <span class='ocr_line' id='line_1_6' title="bbox 288 825 2060 892; baseline 0.002 -18"><span class='ocrx_word' id='word_1_44' title='bbox 288 825 607 889; x_wconf 78' lang='lat' dir='ltr'>Neapolitani,</span> <span class='ocrx_word' id='word_1_45' title='bbox 650 826 729 888; x_wconf 91' lang='lat' dir='ltr'>qui</span> <span class='ocrx_word' id='word_1_46' title='bbox 766 826 910 874; x_wconf 86' lang='lat' dir='ltr'>etiam</span> <span class='ocrx_word' id='word_1_47' title='bbox 940 827 1035 875; x_wconf 90' lang='lat' dir='ltr'>hoc</span> <span class='ocrx_word' id='word_1_48' title='bbox 1061 843 1201 875; x_wconf 91' lang='lat' dir='ltr'>mane</span> <span class='ocrx_word' id='word_1_49' title='bbox 1233 827 1346 875; x_wconf 90' lang='lat' dir='ltr'>fecit</span> <span class='ocrx_word' id='word_1_50' title='bbox 1378 828 1569 891; x_wconf 89' lang='lat' dir='ltr'>pulsare</span> <span class='ocrx_word' id='word_1_51' title='bbox 1607 844 1894 892; x_wconf 89' lang='lat' dir='ltr'>campanam</span> <span class='ocrx_word' id='word_1_52' title='bbox 1932 845 1989 878; x_wconf 91' lang='lat' dir='ltr'>ac</span> <span class='ocrx_word' id='word_1_53' title='bbox 2023 831 2060 878; x_wconf 90' lang='lat' dir='ltr'>si</span> 
     </span>
     <span class='ocr_line' id='line_1_7' title="bbox 287 909 2056 974; baseline 0.003 -18"><span class='ocrx_word' id='word_1_54' title='bbox 287 914 414 957; x_wconf 87' lang='lat' dir='ltr'>esset</span> <span class='ocrx_word' id='word_1_55' title='bbox 455 909 777 972; x_wconf 88' lang='lat' dir='ltr'>equitaturus;</span> <span class='ocrx_word' id='word_1_56' title='bbox 819 915 866 958; x_wconf 89' lang='lat' dir='ltr'>et</span> <span class='ocrx_word' id='word_1_57' title='bbox 901 909 1221 959; x_wconf 88' lang='lat' dir='ltr'>interfuerunt</span> <span class='ocrx_word' id='word_1_58' title='bbox 1257 911 1425 960; x_wconf 90' lang='lat' dir='ltr'>decem</span> <span class='ocrx_word' id='word_1_59' title='bbox 1467 916 1514 958; x_wconf 85' lang='lat' dir='ltr'>et</span> <span class='ocrx_word' id='word_1_60' title='bbox 1545 916 1730 974; x_wconf 82' lang='lat' dir='ltr'>septem</span> <span class='ocrx_word' id='word_1_61' title='bbox 1769 913 2056 967; x_wconf 80' lang='lat' dir='ltr'>cardinales,</span> 
     </span>
     <span class='ocr_line' id='line_1_8' title="bbox 285 993 2060 1057; baseline 0.003 -17"><span class='ocrx_word' id='word_1_62' title='bbox 285 993 537 1041; x_wconf 86' lang='lat' dir='ltr'>videlicet:</span> <span class='ocrx_word' id='word_1_63' title='bbox 588 993 951 1057; x_wconf 87' lang='lat' dir='ltr'>Neapolitanus,</span> <span class='ocrx_word' id='word_1_64' title='bbox 1001 995 1351 1054; x_wconf 79' lang='lat' dir='ltr'>Ulixbonensis‚</span> <span class='ocrx_word' id='word_1_65' title='bbox 1396 996 1759 1055; x_wconf 86' lang='lat' dir='ltr'>Recanatensis,</span> <span class='ocrx_word' id='word_1_66' title='bbox 1811 998 2060 1045; x_wconf 90' lang='lat' dir='ltr'>Beneven—</span> 
     </span>
     <span class='ocr_line' id='line_1_9' title="bbox 289 1077 2055 1142; baseline 0.003 -19"><span class='ocrx_word' id='word_1_67' title='bbox 289 1081 444 1135; x_wconf 80' lang='lat' dir='ltr'>tanus,</span> <span class='ocrx_word' id='word_1_68' title='bbox 475 1093 512 1124; x_wconf 88' lang='lat' dir='ltr'>S.</span> <span class='ocrx_word' id='word_1_69' title='bbox 548 1077 795 1136; x_wconf 85' lang='lat' dir='ltr'>Praxedis,</span> <span class='ocrx_word' id='word_1_70' title='bbox 821 1078 1063 1142; x_wconf 87' lang='lat' dir='ltr'>episcopi;</span> <span class='ocrx_word' id='word_1_71' title='bbox 1094 1078 1464 1138; x_wconf 79' lang='lat' dir='ltr'>AlexandrinUS,</span> <span class='ocrx_word' id='word_1_72' title='bbox 1501 1095 1538 1127; x_wconf 82' lang='lat' dir='ltr'>S.</span> <span class='ocrx_word' id='word_1_73' title='bbox 1570 1079 1752 1139; x_wconf 80' lang='lat' dir='ltr'>Crucis,</span> <span class='ocrx_word' id='word_1_74' title='bbox 1783 1080 2055 1139; x_wconf 77' lang='lat' dir='ltr'>Grimanus,</span> 
     </span>
     <span class='ocr_line' id='line_1_10' title="bbox 286 1161 2056 1226; baseline 0.002 -19"><span class='ocrx_word' id='word_1_75' title='bbox 286 1161 690 1224; x_wconf 88' lang='lat' dir='ltr'>Caputaquensis,</span> <span class='ocrx_word' id='word_1_76' title='bbox 740 1161 1081 1220; x_wconf 86' lang='lat' dir='ltr'>Bononiensis,</span> <span class='ocrx_word' id='word_1_77' title='bbox 1130 1162 1188 1210; x_wconf 89' lang='lat' dir='ltr'>de</span> <span class='ocrx_word' id='word_1_78' title='bbox 1228 1162 1406 1220; x_wconf 89' lang='lat' dir='ltr'>Flisco,</span> <span class='ocrx_word' id='word_1_79' title='bbox 1461 1162 1763 1226; x_wconf 77' lang='lat' dir='ltr'>presbyteri3</span> <span class='ocrx_word' id='word_1_80' title='bbox 1810 1163 2056 1221; x_wconf 89' lang='lat' dir='ltr'>Senensis,</span> 
     </span>
     <span class='ocr_line' id='line_1_11' title="bbox 284 1243 2061 1306; baseline 0.002 -16"><span class='ocrx_word' id='word_1_81' title='bbox 284 1243 513 1303; x_wconf 88' lang='lat' dir='ltr'>Medices,</span> <span class='ocrx_word' id='word_1_82' title='bbox 554 1260 592 1290; x_wconf 92' lang='lat' dir='ltr'>s.</span> <span class='ocrx_word' id='word_1_83' title='bbox 631 1244 862 1305; x_wconf 78' lang='lat' dir='ltr'>Severini,</span> <span class='ocrx_word' id='word_1_84' title='bbox 899 1245 1170 1304; x_wconf 85' lang='lat' dir='ltr'>Cesarinus,</span> <span class='ocrx_word' id='word_1_85' title='bbox 1207 1245 1265 1293; x_wconf 90' lang='lat' dir='ltr'>de</span> <span class='ocrx_word' id='word_1_86' title='bbox 1297 1245 1528 1292; x_wconf 85' lang='lat' dir='ltr'>Farnesio</span> <span class='ocrx_word' id='word_1_87' title='bbox 1564 1249 1611 1293; x_wconf 90' lang='lat' dir='ltr'>et</span> <span class='ocrx_word' id='word_1_88' title='bbox 1643 1246 1924 1306; x_wconf 80' lang='lat' dir='ltr'>Alihrettus,</span> <span class='ocrx_word' id='word_1_89' title='bbox 1962 1246 2061 1294; x_wconf 88' lang='lat' dir='ltr'>dia-</span> 
     </span>
     <span class='ocr_line' id='line_1_12' title="bbox 284 1326 2059 1392; baseline 0.002 -19"><span class='ocrx_word' id='word_1_90' title='bbox 284 1326 423 1385; x_wconf 89' lang='lat' dir='ltr'>coni;</span> <span class='ocrx_word' id='word_1_91' title='bbox 452 1328 793 1391; x_wconf 88' lang='lat' dir='ltr'>Neapolitanus</span> <span class='ocrx_word' id='word_1_92' title='bbox 825 1345 968 1392; x_wconf 89' lang='lat' dir='ltr'>supra</span> <span class='ocrx_word' id='word_1_93' title='bbox 991 1329 1265 1377; x_wconf 88' lang='lat' dir='ltr'>rochettum</span> <span class='ocrx_word' id='word_1_94' title='bbox 1298 1344 1408 1376; x_wconf 91' lang='lat' dir='ltr'>cum</span> <span class='ocrx_word' id='word_1_95' title='bbox 1436 1329 1686 1388; x_wconf 86' lang='lat' dir='ltr'>mantello,</span> <span class='ocrx_word' id='word_1_96' title='bbox 1723 1333 1774 1377; x_wconf 90' lang='lat' dir='ltr'>ut</span> <span class='ocrx_word' id='word_1_97' title='bbox 1800 1329 1924 1378; x_wconf 90' lang='lat' dir='ltr'>heri.</span> <span class='ocrx_word' id='word_1_98' title='bbox 1959 1332 2059 1380; x_wconf 87' lang='lat' dir='ltr'>Vo-</span> 
     </span>
     <span class='ocr_line' id='line_1_13' title="bbox 284 1409 2055 1476; baseline 0.002 -20"><span class='ocrx_word' id='word_1_99' title='bbox 284 1409 379 1457; x_wconf 89' lang='lat' dir='ltr'>cati</span> <span class='ocrx_word' id='word_1_100' title='bbox 417 1410 611 1458; x_wconf 89' lang='lat' dir='ltr'>fuerunt</span> <span class='ocrx_word' id='word_1_101' title='bbox 651 1415 869 1459; x_wconf 85' lang='lat' dir='ltr'>oratores</span> <span class='ocrx_word' id='word_1_102' title='bbox 915 1412 1045 1476; x_wconf 84' lang='lat' dir='ltr'>regis</span> <span class='ocrx_word' id='word_1_103' title='bbox 1085 1415 1437 1470; x_wconf 87' lang='lat' dir='ltr'>Romanorum,</span> <span class='ocrx_word' id='word_1_104' title='bbox 1482 1428 1605 1458; x_wconf 88' lang='lat' dir='ltr'>unus</span> <span class='ocrx_word' id='word_1_105' title='bbox 1652 1412 1783 1476; x_wconf 86' lang='lat' dir='ltr'>regis</span> <span class='ocrx_word' id='word_1_106' title='bbox 1826 1413 2055 1471; x_wconf 85' lang='lat' dir='ltr'>Francie,</span> 
     </span>
     <span class='ocr_line' id='line_1_14' title="bbox 283 1493 2059 1557; baseline 0.002 -18"><span class='ocrx_word' id='word_1_107' title='bbox 283 1496 491 1554; x_wconf 84' lang='lat' dir='ltr'>quatuor</span> <span class='ocrx_word' id='word_1_108' title='bbox 531 1493 656 1557; x_wconf 90' lang='lat' dir='ltr'>regis</span> <span class='ocrx_word' id='word_1_109' title='bbox 700 1494 1045 1557; x_wconf 83' lang='lat' dir='ltr'>Hispaniarum</span> <span class='ocrx_word' id='word_1_110' title='bbox 1078 1500 1124 1543; x_wconf 85' lang='lat' dir='ltr'>et</span> <span class='ocrx_word' id='word_1_111' title='bbox 1154 1511 1277 1541; x_wconf 90' lang='lat' dir='ltr'>unus</span> <span class='ocrx_word' id='word_1_112' title='bbox 1309 1497 1613 1544; x_wconf 86' lang='lat' dir='ltr'>Venetorum</span> <span class='ocrx_word' id='word_1_113' title='bbox 1648 1511 1759 1542; x_wconf 90' lang='lat' dir='ltr'>cum</span> <span class='ocrx_word' id='word_1_114' title='bbox 1794 1496 2059 1556; x_wconf 84' lang='lat' dir='ltr'>secretario</span> 
     </span>
     <span class='ocr_line' id='line_1_15' title="bbox 285 1574 2063 1640; baseline 0.002 -18"><span class='ocrx_word' id='word_1_115' title='bbox 285 1574 483 1623; x_wconf 89' lang='lat' dir='ltr'>dominii</span> <span class='ocrx_word' id='word_1_116' title='bbox 528 1576 699 1639; x_wconf 88' lang='lat' dir='ltr'>quibus</span> <span class='ocrx_word' id='word_1_117' title='bbox 738 1577 1027 1640; x_wconf 90' lang='lat' dir='ltr'>permissum</span> <span class='ocrx_word' id='word_1_118' title='bbox 1071 1577 1159 1624; x_wconf 90' lang='lat' dir='ltr'>fuit</span> <span class='ocrx_word' id='word_1_119' title='bbox 1194 1581 1245 1624; x_wconf 90' lang='lat' dir='ltr'>ut</span> <span class='ocrx_word' id='word_1_120' title='bbox 1279 1577 1632 1640; x_wconf 83' lang='lat' dir='ltr'>persuaderent</span> <span class='ocrx_word' id='word_1_121' title='bbox 1670 1577 1781 1625; x_wconf 89' lang='lat' dir='ltr'>duci</span> <span class='ocrx_word' id='word_1_122' title='bbox 1814 1594 2063 1626; x_wconf 87' lang='lat' dir='ltr'>recessum</span> 
     </span>
     <span class='ocr_line' id='line_1_16' title="bbox 284 1659 2060 1724; baseline 0.001 -19"><span class='ocrx_word' id='word_1_123' title='bbox 284 1675 422 1706; x_wconf 90' lang='lat' dir='ltr'>suum</span> <span class='ocrx_word' id='word_1_124' title='bbox 460 1659 518 1706; x_wconf 88' lang='lat' dir='ltr'>de</span> <span class='ocrx_word' id='word_1_125' title='bbox 548 1660 696 1720; x_wconf 87' lang='lat' dir='ltr'>Urbe,</span> <span class='ocrx_word' id='word_1_126' title='bbox 731 1663 777 1707; x_wconf 90' lang='lat' dir='ltr'>et</span> <span class='ocrx_word' id='word_1_127' title='bbox 807 1660 1121 1724; x_wconf 82' lang='lat' dir='ltr'>providerent</span> <span class='ocrx_word' id='word_1_128' title='bbox 1153 1659 1273 1708; x_wconf 87' lang='lat' dir='ltr'>Galli</span> <span class='ocrx_word' id='word_1_129' title='bbox 1304 1664 1351 1707; x_wconf 89' lang='lat' dir='ltr'>et</span> <span class='ocrx_word' id='word_1_130' title='bbox 1379 1659 1578 1723; x_wconf 90' lang='lat' dir='ltr'>Hispani</span> <span class='ocrx_word' id='word_1_131' title='bbox 1605 1676 1666 1708; x_wconf 90' lang='lat' dir='ltr'>ne</span> <span class='ocrx_word' id='word_1_132' title='bbox 1693 1663 1862 1723; x_wconf 82' lang='lat' dir='ltr'>gentes</span> <span class='ocrx_word' id='word_1_133' title='bbox 1891 1676 2060 1709; x_wconf 89' lang='lat' dir='ltr'>eorum</span> 
     </span>
     <span class='ocr_line' id='line_1_17' title="bbox 274 1743 2062 1792; baseline 0.001 -3"><span class='ocrx_word' id='word_1_134' title='bbox 274 1743 493 1790; x_wconf 89' lang='lat' dir='ltr'>venirent</span> <span class='ocrx_word' id='word_1_135' title='bbox 520 1743 580 1791; x_wconf 92' lang='lat' dir='ltr'>ad</span> <span class='ocrx_word' id='word_1_136' title='bbox 613 1745 807 1792; x_wconf 84' lang='lat' dir='ltr'>Urbem.</span> <span class='ocrx_word' id='word_1_137' title='bbox 843 1746 1059 1792; x_wconf 88' lang='lat' dir='ltr'>Fuerunt</span> <span class='ocrx_word' id='word_1_138' title='bbox 1088 1744 1214 1791; x_wconf 89' lang='lat' dir='ltr'>inter</span> <span class='ocrx_word' id='word_1_139' title='bbox 1243 1743 1517 1791; x_wconf 81' lang='lat' dir='ltr'>cardinales</span> <span class='ocrx_word' id='word_1_140' title='bbox 1548 1747 1596 1790; x_wconf 89' lang='lat' dir='ltr'>et</span> <span class='ocrx_word' id='word_1_141' title='bbox 1620 1746 1837 1791; x_wconf 87' lang='lat' dir='ltr'>oratores</span> <span class='ocrx_word' id='word_1_142' title='bbox 1869 1743 2062 1792; x_wconf 87' lang='lat' dir='ltr'>circiter</span> 
     </span>
     <span class='ocr_line' id='line_1_18' title="bbox 274 1826 2060 1891; baseline 0.002 -19"><span class='ocrx_word' id='word_1_143' title='bbox 274 1826 418 1873; x_wconf 85' lang='lat' dir='ltr'>trium</span> <span class='ocrx_word' id='word_1_144' title='bbox 460 1827 692 1875; x_wconf 86' lang='lat' dir='ltr'>horarum</span> <span class='ocrx_word' id='word_1_145' title='bbox 741 1828 948 1891; x_wconf 82' lang='lat' dir='ltr'>spatium</span> <span class='ocrx_word' id='word_1_146' title='bbox 995 1828 1367 1886; x_wconf 91' lang='lat' dir='ltr'>collocutiones,</span> <span class='ocrx_word' id='word_1_147' title='bbox 1416 1827 1785 1891; x_wconf 89' lang='lat' dir='ltr'>persuasiones,</span> <span class='ocrx_word' id='word_1_148' title='bbox 1833 1828 2060 1891; x_wconf 85' lang='lat' dir='ltr'>proposi-</span> 
     </span>
     <span class='ocr_line' id='line_1_19' title="bbox 272 1909 2087 1974; baseline 0.002 -18"><span class='ocrx_word' id='word_1_149' title='bbox 272 1909 445 1969; x_wconf 87' lang='lat' dir='ltr'>tiones,</span> <span class='ocrx_word' id='word_1_150' title='bbox 472 1910 826 1974; x_wconf 87' lang='lat' dir='ltr'>disputationes</span> <span class='ocrx_word' id='word_1_151' title='bbox 854 1916 900 1960; x_wconf 88' lang='lat' dir='ltr'>et</span> <span class='ocrx_word' id='word_1_152' title='bbox 926 1911 1286 1959; x_wconf 81' lang='lat' dir='ltr'>conclusiones,</span> <span class='ocrx_word' id='word_1_153' title='bbox 1318 1913 1441 1959; x_wconf 90' lang='lat' dir='ltr'>Ante</span> <span class='ocrx_word' id='word_1_154' title='bbox 1464 1911 1577 1970; x_wconf 90' lang='lat' dir='ltr'>hoc,</span> <span class='ocrx_word' id='word_1_155' title='bbox 1608 1912 1666 1958; x_wconf 90' lang='lat' dir='ltr'>de</span> <span class='ocrx_word' id='word_1_156' title='bbox 1691 1911 1920 1959; x_wconf 86' lang='lat' dir='ltr'>mandato</span> <span class='ocrx_word' id='word_1_157' title='bbox 1950 1926 2060 1959; x_wconf 89' lang='lat' dir='ltr'>car-</span> <span class='ocrx_word' id='word_1_158' title='bbox 2084 1940 2087 1941; x_wconf 28' lang='grc' dir='ltr'><em>ν</em></span> 
     </span>
     <span class='ocr_line' id='line_1_20' title="bbox 271 1991 2058 2058; baseline 0.002 -20"><span class='ocrx_word' id='word_1_159' title='bbox 271 1991 504 2040; x_wconf 89' lang='lat' dir='ltr'>dinalium</span> <span class='ocrx_word' id='word_1_160' title='bbox 543 1995 708 2043; x_wconf 90' lang='lat' dir='ltr'>nescio</span> <span class='ocrx_word' id='word_1_161' title='bbox 751 2011 976 2058; x_wconf 88' lang='lat' dir='ltr'>quorum,</span> <span class='ocrx_word' id='word_1_162' title='bbox 1027 1995 1345 2043; x_wconf 88' lang='lat' dir='ltr'>commissum</span> <span class='ocrx_word' id='word_1_163' title='bbox 1384 1995 1514 2042; x_wconf 90' lang='lat' dir='ltr'>socio</span> <span class='ocrx_word' id='word_1_164' title='bbox 1552 2010 1661 2042; x_wconf 90' lang='lat' dir='ltr'>meo</span> <span class='ocrx_word' id='word_1_165' title='bbox 1700 1996 1830 2058; x_wconf 81' lang='lat' dir='ltr'>quod.</span> <span class='ocrx_word' id='word_1_166' title='bbox 1863 1994 2058 2042; x_wconf 86' lang='lat' dir='ltr'>intima-</span> 
     </span>
     <span class='ocr_line' id='line_1_21' title="bbox 273 2077 2058 2142; baseline 0.001 -20"><span class='ocrx_word' id='word_1_167' title='bbox 273 2081 439 2124; x_wconf 82' lang='lat' dir='ltr'>rentur</span> <span class='ocrx_word' id='word_1_168' title='bbox 476 2078 675 2140; x_wconf 87' lang='lat' dir='ltr'>exequie</span> <span class='ocrx_word' id='word_1_169' title='bbox 710 2094 796 2142; x_wconf 91' lang='lat' dir='ltr'>pro</span> <span class='ocrx_word' id='word_1_170' title='bbox 828 2095 937 2127; x_wconf 88' lang='lat' dir='ltr'>cras</span> <span class='ocrx_word' id='word_1_171' title='bbox 968 2094 1127 2137; x_wconf 88' lang='lat' dir='ltr'>mane,</span> <span class='ocrx_word' id='word_1_172' title='bbox 1160 2079 1290 2141; x_wconf 90' lang='lat' dir='ltr'>quod</span> <span class='ocrx_word' id='word_1_173' title='bbox 1322 2077 1596 2141; x_wconf 78' lang='lat' dir='ltr'>cursoribus</span> <span class='ocrx_word' id='word_1_174' title='bbox 1631 2077 1882 2136; x_wconf 86' lang='lat' dir='ltr'>commisi;</span> <span class='ocrx_word' id='word_1_175' title='bbox 1930 2078 2058 2140; x_wconf 90' lang='lat' dir='ltr'>quod</span> 
     </span>
     <span class='ocr_line' id='line_1_22' title="bbox 289 2160 2058 2225; baseline 0.001 -19"><span class='ocrx_word' id='word_1_176' title='bbox 289 2160 596 2224; x_wconf 86' lang='lat' dir='ltr'>ntelligentes</span> <span class='ocrx_word' id='word_1_177' title='bbox 621 2163 787 2211; x_wconf 88' lang='lat' dir='ltr'>clerici</span> <span class='ocrx_word' id='word_1_178' title='bbox 813 2179 1023 2223; x_wconf 89' lang='lat' dir='ltr'>camere,</span> <span class='ocrx_word' id='word_1_179' title='bbox 1053 2162 1279 2210; x_wconf 87' lang='lat' dir='ltr'>dixerunt</span> <span class='ocrx_word' id='word_1_180' title='bbox 1301 2162 1349 2209; x_wconf 92' lang='lat' dir='ltr'>id</span> <span class='ocrx_word' id='word_1_181' title='bbox 1370 2161 1475 2209; x_wconf 88' lang='lat' dir='ltr'>fieri</span> <span class='ocrx_word' id='word_1_182' title='bbox 1499 2177 1598 2209; x_wconf 91' lang='lat' dir='ltr'>non</span> <span class='ocrx_word' id='word_1_183' title='bbox 1619 2177 1780 2225; x_wconf 88' lang='lat' dir='ltr'>posse.</span> <span class='ocrx_word' id='word_1_184' title='bbox 1806 2165 2058 2212; x_wconf 85' lang='lat' dir='ltr'>Venerunt</span> 
     </span>
     <span class='ocr_line' id='line_1_23' title="bbox 270 2245 2057 2311; baseline 0.002 -22"><span class='ocrx_word' id='word_1_185' title='bbox 270 2245 484 2293; x_wconf 61' lang='lat' dir='ltr'>{tandem</span> <span class='ocrx_word' id='word_1_186' title='bbox 509 2246 569 2294; x_wconf 89' lang='lat' dir='ltr'>ad</span> <span class='ocrx_word' id='word_1_187' title='bbox 591 2247 1018 2311; x_wconf 80' lang='lat' dir='ltr'>congregationem</span> <span class='ocrx_word' id='word_1_188' title='bbox 1043 2250 1090 2294; x_wconf 91' lang='lat' dir='ltr'>et</span> <span class='ocrx_word' id='word_1_189' title='bbox 1112 2246 1381 2294; x_wconf 86' lang='lat' dir='ltr'>retulerunt</span> <span class='ocrx_word' id='word_1_190' title='bbox 1406 2261 1456 2293; x_wconf 91' lang='lat' dir='ltr'>se</span> <span class='ocrx_word' id='word_1_191' title='bbox 1482 2245 1781 2294; x_wconf 82' lang='lat' dir='ltr'>contraxisse</span> <span class='ocrx_word' id='word_1_192' title='bbox 1804 2261 1913 2293; x_wconf 91' lang='lat' dir='ltr'>cum</span> <span class='ocrx_word' id='word_1_193' title='bbox 1936 2246 2057 2308; x_wconf 88' lang='lat' dir='ltr'>Spa-</span> 
     </span>
     <span class='ocr_line' id='line_1_24' title="bbox 281 2328 2054 2393; baseline -0.002 -15"><span class='ocrx_word' id='word_1_194' title='bbox 281 2330 498 2378; x_wconf 88' lang='lat' dir='ltr'>nocchiis</span> <span class='ocrx_word' id='word_1_195' title='bbox 521 2334 568 2379; x_wconf 87' lang='lat' dir='ltr'>et</span> <span class='ocrx_word' id='word_1_196' title='bbox 591 2331 828 2378; x_wconf 90' lang='lat' dir='ltr'>Ghinutiis</span> <span class='ocrx_word' id='word_1_197' title='bbox 853 2331 910 2378; x_wconf 90' lang='lat' dir='ltr'>de</span> <span class='ocrx_word' id='word_1_198' title='bbox 933 2330 1219 2393; x_wconf 88' lang='lat' dir='ltr'>exponendo</span> <span class='ocrx_word' id='word_1_199' title='bbox 1242 2346 1329 2393; x_wconf 90' lang='lat' dir='ltr'>pro</span> <span class='ocrx_word' id='word_1_200' title='bbox 1354 2329 1570 2392; x_wconf 87' lang='lat' dir='ltr'>exequiis</span> <span class='ocrx_word' id='word_1_201' title='bbox 1594 2332 1642 2377; x_wconf 88' lang='lat' dir='ltr'>et</span> <span class='ocrx_word' id='word_1_202' title='bbox 1665 2328 1882 2377; x_wconf 89' lang='lat' dir='ltr'>conclavi</span> <span class='ocrx_word' id='word_1_203' title='bbox 1903 2344 2054 2391; x_wconf 90' lang='lat' dir='ltr'>usque</span> 
     </span>
     <span class='ocr_line' id='line_1_25' title="bbox 281 2411 2053 2477; baseline -0.002 -15"><span class='ocrx_word' id='word_1_204' title='bbox 281 2415 340 2462; x_wconf 85' lang='lat' dir='ltr'>ad</span> <span class='ocrx_word' id='word_1_205' title='bbox 367 2430 605 2462; x_wconf 89' lang='lat' dir='ltr'>summam</span> <span class='ocrx_word' id='word_1_206' title='bbox 630 2414 907 2477; x_wconf 90' lang='lat' dir='ltr'>quindecim</span> <span class='ocrx_word' id='word_1_207' title='bbox 933 2414 1065 2462; x_wconf 86' lang='lat' dir='ltr'>mille</span> <span class='ocrx_word' id='word_1_208' title='bbox 1094 2415 1379 2461; x_wconf 88' lang='lat' dir='ltr'>ducatorum</span> <span class='ocrx_word' id='word_1_209' title='bbox 1407 2425 1669 2461; x_wconf 88' lang='lat' dir='ltr'>aureorum</span> <span class='ocrx_word' id='word_1_210' title='bbox 1694 2413 1753 2460; x_wconf 91' lang='lat' dir='ltr'>de</span> <span class='ocrx_word' id='word_1_211' title='bbox 1784 2426 1977 2460; x_wconf 86' lang='lat' dir='ltr'>camera</span> <span class='ocrx_word' id='word_1_212' title='bbox 2005 2411 2053 2458; x_wconf 91' lang='lat' dir='ltr'>in</span> 
     </span>
     <span class='ocr_line' id='line_1_26' title="bbox 280 2495 2053 2562; baseline -0.003 -16"><span class='ocrx_word' id='word_1_213' title='bbox 280 2513 417 2558; x_wconf 84' lang='lat' dir='ltr'>auro,</span> <span class='ocrx_word' id='word_1_214' title='bbox 442 2514 532 2561; x_wconf 89' lang='lat' dir='ltr'>pro</span> <span class='ocrx_word' id='word_1_215' title='bbox 557 2498 730 2561; x_wconf 88' lang='lat' dir='ltr'>quibus</span> <span class='ocrx_word' id='word_1_216' title='bbox 760 2498 807 2545; x_wconf 92' lang='lat' dir='ltr'>in</span> <span class='ocrx_word' id='word_1_217' title='bbox 832 2499 1006 2562; x_wconf 83' lang='lat' dir='ltr'>pignus</span> <span class='ocrx_word' id='word_1_218' title='bbox 1032 2498 1268 2545; x_wconf 88' lang='lat' dir='ltr'>deberent</span> <span class='ocrx_word' id='word_1_219' title='bbox 1289 2496 1631 2545; x_wconf 85' lang='lat' dir='ltr'>dare&#39;monilia</span> <span class='ocrx_word' id='word_1_220' title='bbox 1657 2499 1783 2559; x_wconf 90' lang='lat' dir='ltr'>Pape</span> <span class='ocrx_word' id='word_1_221' title='bbox 1810 2495 2053 2559; x_wconf 88' lang='lat' dir='ltr'>impigno-</span> 
     </span>
     <span class='ocr_line' id='line_1_27' title="bbox 279 2580 2051 2645; baseline -0.001 -17"><span class='ocrx_word' id='word_1_222' title='bbox 279 2586 383 2628; x_wconf 88' lang='lat' dir='ltr'>rata</span> <span class='ocrx_word' id='word_1_223' title='bbox 411 2597 500 2644; x_wconf 90' lang='lat' dir='ltr'>per</span> <span class='ocrx_word' id='word_1_224' title='bbox 528 2584 628 2629; x_wconf 91' lang='lat' dir='ltr'>DD.</span> <span class='ocrx_word' id='word_1_225' title='bbox 664 2582 994 2644; x_wconf 87' lang='lat' dir='ltr'>Spanocchios</span> <span class='ocrx_word' id='word_1_226' title='bbox 1019 2597 1108 2645; x_wconf 89' lang='lat' dir='ltr'>pro</span> <span class='ocrx_word' id='word_1_227' title='bbox 1133 2582 1320 2629; x_wconf 87' lang='lat' dir='ltr'>duobus</span> <span class='ocrx_word' id='word_1_228' title='bbox 1348 2580 1479 2628; x_wconf 90' lang='lat' dir='ltr'>mille</span> <span class='ocrx_word' id='word_1_229' title='bbox 1503 2580 1690 2628; x_wconf 88' lang='lat' dir='ltr'>ducatis</span> <span class='ocrx_word' id='word_1_230' title='bbox 1717 2596 1810 2642; x_wconf 91' lang='lat' dir='ltr'>que</span> <span class='ocrx_word' id='word_1_231' title='bbox 1833 2581 2051 2629; x_wconf 86' lang='lat' dir='ltr'>Ventura</span> 
     </span>
     <span class='ocr_line' id='line_1_28' title="bbox 277 2662 2050 2729; baseline -0.002 -18"><span class='ocrx_word' id='word_1_232' title='bbox 277 2665 545 2712; x_wconf 86' lang='lat' dir='ltr'>Massainus</span> <span class='ocrx_word' id='word_1_233' title='bbox 569 2665 686 2713; x_wconf 87' lang='lat' dir='ltr'>dixit</span> <span class='ocrx_word' id='word_1_234' title='bbox 719 2681 824 2712; x_wconf 86' lang='lat' dir='ltr'>esse</span> <span class='ocrx_word' id='word_1_235' title='bbox 858 2665 1116 2729; x_wconf 86' lang='lat' dir='ltr'>pignorata</span> <span class='ocrx_word' id='word_1_236' title='bbox 1146 2680 1236 2727; x_wconf 86' lang='lat' dir='ltr'>pro</span> <span class='ocrx_word' id='word_1_237' title='bbox 1268 2664 1437 2711; x_wconf 89' lang='lat' dir='ltr'>decem</span> <span class='ocrx_word' id='word_1_238' title='bbox 1464 2663 1597 2711; x_wconf 91' lang='lat' dir='ltr'>mille</span> <span class='ocrx_word' id='word_1_239' title='bbox 1629 2665 1677 2710; x_wconf 88' lang='lat' dir='ltr'>et</span> <span class='ocrx_word' id='word_1_240' title='bbox 1710 2662 1815 2710; x_wconf 88' lang='lat' dir='ltr'>aliis</span> <span class='ocrx_word' id='word_1_241' title='bbox 1838 2662 2050 2724; x_wconf 90' lang='lat' dir='ltr'>quinque</span> 
     </span>
     <span class='ocr_line' id='line_1_29' title="bbox 276 2746 2049 2813; baseline -0.002 -18"><span class='ocrx_word' id='word_1_242' title='bbox 276 2748 407 2795; x_wconf 91' lang='lat' dir='ltr'>mille</span> <span class='ocrx_word' id='word_1_243' title='bbox 444 2749 834 2812; x_wconf 87' lang='lat' dir='ltr'>impignorabant</span> <span class='ocrx_word' id='word_1_244' title='bbox 873 2749 1111 2813; x_wconf 88' lang='lat' dir='ltr'>doganam</span> <span class='ocrx_word' id='word_1_245' title='bbox 1144 2748 1263 2810; x_wconf 89' lang='lat' dir='ltr'>ripe,</span> <span class='ocrx_word' id='word_1_246' title='bbox 1310 2751 1358 2796; x_wconf 91' lang='lat' dir='ltr'>et</span> <span class='ocrx_word' id='word_1_247' title='bbox 1397 2748 1525 2810; x_wconf 93' lang='lat' dir='ltr'>quod</span> <span class='ocrx_word' id='word_1_248' title='bbox 1567 2746 1715 2794; x_wconf 90' lang='lat' dir='ltr'>iidem</span> <span class='ocrx_word' id='word_1_249' title='bbox 1753 2748 2049 2793; x_wconf 88' lang='lat' dir='ltr'>mercatores</span> 
     </span>
     <span class='ocr_line' id='line_1_30' title="bbox 273 2828 2045 2895; baseline -0.001 -17"><span class='ocrx_word' id='word_1_250' title='bbox 273 2831 611 2894; x_wconf 88' lang='lat' dir='ltr'>promisissent</span> <span class='ocrx_word' id='word_1_251' title='bbox 657 2832 772 2879; x_wconf 90' lang='lat' dir='ltr'>dare</span> <span class='ocrx_word' id='word_1_252' title='bbox 809 2848 995 2895; x_wconf 89' lang='lat' dir='ltr'>pannos</span> <span class='ocrx_word' id='word_1_253' title='bbox 1037 2832 1095 2879; x_wconf 91' lang='lat' dir='ltr'>de</span> <span class='ocrx_word' id='word_1_254' title='bbox 1135 2831 1294 2894; x_wconf 84' lang='lat' dir='ltr'>prima</span> <span class='ocrx_word' id='word_1_255' title='bbox 1331 2835 1459 2878; x_wconf 89' lang='lat' dir='ltr'>sorte</span> <span class='ocrx_word' id='word_1_256' title='bbox 1494 2846 1584 2894; x_wconf 90' lang='lat' dir='ltr'>pro</span> <span class='ocrx_word' id='word_1_257' title='bbox 1621 2829 1826 2878; x_wconf 88' lang='lat' dir='ltr'>carlenis</span> <span class='ocrx_word' id='word_1_258' title='bbox 1859 2830 1957 2888; x_wconf 94' lang='lat' dir='ltr'>LX,</span> <span class='ocrx_word' id='word_1_259' title='bbox 1986 2828 2045 2876; x_wconf 89' lang='lat' dir='ltr'>de</span> 
     </span>
     <span class='ocr_line' id='line_1_31' title="bbox 273 2913 2045 2979; baseline -0.002 -18"><span class='ocrx_word' id='word_1_260' title='bbox 273 2915 485 2963; x_wconf 88' lang='lat' dir='ltr'>secunda</span> <span class='ocrx_word' id='word_1_261' title='bbox 515 2931 602 2979; x_wconf 90' lang='lat' dir='ltr'>pro</span> <span class='ocrx_word' id='word_1_262' title='bbox 634 2917 754 2962; x_wconf 93' lang='lat' dir='ltr'>XLII</span> <span class='ocrx_word' id='word_1_263' title='bbox 788 2918 834 2962; x_wconf 84' lang='lat' dir='ltr'>ot</span> <span class='ocrx_word' id='word_1_264' title='bbox 866 2915 924 2962; x_wconf 93' lang='lat' dir='ltr'>de</span> <span class='ocrx_word' id='word_1_265' title='bbox 956 2915 1103 2962; x_wconf 86' lang='lat' dir='ltr'>tertia</span> <span class='ocrx_word' id='word_1_266' title='bbox 1133 2930 1218 2978; x_wconf 88' lang='lat' dir='ltr'>pro</span> <span class='ocrx_word' id='word_1_267' title='bbox 1257 2916 1357 2973; x_wconf 87' lang='lat' dir='ltr'>XII,</span> <span class='ocrx_word' id='word_1_268' title='bbox 1398 2918 1445 2962; x_wconf 90' lang='lat' dir='ltr'>et</span> <span class='ocrx_word' id='word_1_269' title='bbox 1478 2913 1733 2977; x_wconf 86' lang='lat' dir='ltr'>stipulatus</span> <span class='ocrx_word' id='word_1_270' title='bbox 1770 2915 2045 2961; x_wconf 84' lang='lat' dir='ltr'>contractus</span> 
     </span>
     <span class='ocr_line' id='line_1_32' title="bbox 269 2996 2039 3062; baseline -0.002 -17"><span class='ocrx_word' id='word_1_271' title='bbox 269 2998 542 3062; x_wconf 89' lang='lat' dir='ltr'>hujusmodi</span> <span class='ocrx_word' id='word_1_272' title='bbox 577 3014 664 3061; x_wconf 89' lang='lat' dir='ltr'>per</span> <span class='ocrx_word' id='word_1_273' title='bbox 695 2998 974 3062; x_wconf 85' lang='lat' dir='ltr'>collegium,</span> <span class='ocrx_word' id='word_1_274' title='bbox 1004 3002 1148 3061; x_wconf 89' lang='lat' dir='ltr'>prout</span> <span class='ocrx_word' id='word_1_275' title='bbox 1175 3013 1281 3045; x_wconf 91' lang='lat' dir='ltr'>mos</span> <span class='ocrx_word' id='word_1_276' title='bbox 1313 3001 1385 3045; x_wconf 90' lang='lat' dir='ltr'>est</span> <span class='ocrx_word' id='word_1_277' title='bbox 1414 2997 1651 3044; x_wconf 86' lang='lat' dir='ltr'>ratificare</span> <span class='ocrx_word' id='word_1_278' title='bbox 1678 3001 1724 3043; x_wconf 86' lang='lat' dir='ltr'>et</span> <span class='ocrx_word' id='word_1_279' title='bbox 1752 2996 2039 3058; x_wconf 87' lang='lat' dir='ltr'>approbare.</span> 
     </span>
     <span class='ocr_line' id='line_1_33' title="bbox 271 3076 2039 3144; baseline -0.003 -15"><span class='ocrx_word' id='word_1_280' title='bbox 271 3081 538 3144; x_wconf 89' lang='lat' dir='ltr'>Collegium</span> <span class='ocrx_word' id='word_1_281' title='bbox 554 3081 699 3128; x_wconf 89' lang='lat' dir='ltr'>voluit</span> <span class='ocrx_word' id='word_1_282' title='bbox 716 3081 881 3128; x_wconf 88' lang='lat' dir='ltr'>audire</span> <span class='ocrx_word' id='word_1_283' title='bbox 902 3084 1204 3129; x_wconf 90' lang='lat' dir='ltr'>contractum</span> <span class='ocrx_word' id='word_1_284' title='bbox 1223 3096 1366 3143; x_wconf 88' lang='lat' dir='ltr'>quem</span> <span class='ocrx_word' id='word_1_285' title='bbox 1386 3080 1603 3127; x_wconf 88' lang='lat' dir='ltr'>notarius</span> <span class='ocrx_word' id='word_1_286' title='bbox 1621 3079 1801 3126; x_wconf 85' lang='lat' dir='ltr'>ibidem</span> <span class='ocrx_word' id='word_1_287' title='bbox 1820 3076 2012 3142; x_wconf 83' lang='lat' dir='ltr'>legit(1)</span> <span class='ocrx_word' id='word_1_288' title='bbox 2031 3093 2039 3124; x_wconf 77' lang='lat' dir='ltr'>t</span> 
     </span>
     <span class='ocr_line' id='line_1_34' title="bbox 271 3160 2047 3226; baseline -0.002 -16"><span class='ocrx_word' id='word_1_289' title='bbox 271 3178 363 3226; x_wconf 93' lang='lat' dir='ltr'>quo</span> <span class='ocrx_word' id='word_1_290' title='bbox 390 3163 572 3221; x_wconf 86' lang='lat' dir='ltr'>audito,</span> <span class='ocrx_word' id='word_1_291' title='bbox 598 3162 713 3210; x_wconf 87' lang='lat' dir='ltr'>dixit</span> <span class='ocrx_word' id='word_1_292' title='bbox 735 3162 1080 3225; x_wconf 83' lang='lat' dir='ltr'>Neapolitanus</span> <span class='ocrx_word' id='word_1_293' title='bbox 1105 3163 1234 3224; x_wconf 92' lang='lat' dir='ltr'>quod</span> <span class='ocrx_word' id='word_1_294' title='bbox 1256 3162 1397 3210; x_wconf 85' lang='lat' dir='ltr'>vellet</span> <span class='ocrx_word' id='word_1_295' title='bbox 1421 3162 1685 3208; x_wconf 86' lang='lat' dir='ltr'>deliberare</span> <span class='ocrx_word' id='word_1_296' title='bbox 1711 3160 1771 3208; x_wconf 89' lang='lat' dir='ltr'>ad</span> <span class='ocrx_word' id='word_1_297' title='bbox 1793 3175 1917 3207; x_wconf 85' lang='lat' dir='ltr'>cras.</span> <span class='ocrx_word' id='word_1_298' title='bbox 1944 3161 2047 3208; x_wconf 87' lang='lat' dir='ltr'>Sol-</span> 
     </span>
     <span class='ocr_line' id='line_1_35' title="bbox 270 3243 2041 3307; baseline -0.001 -16"><span class='ocrx_word' id='word_1_299' title='bbox 270 3245 486 3293; x_wconf 87' lang='lat' dir='ltr'>licitabat</span> <span class='ocrx_word' id='word_1_300' title='bbox 512 3262 549 3293; x_wconf 92' lang='lat' dir='ltr'>s.</span> <span class='ocrx_word' id='word_1_301' title='bbox 576 3245 747 3294; x_wconf 78' lang='lat' dir='ltr'>Crucis</span> <span class='ocrx_word' id='word_1_302' title='bbox 769 3260 857 3307; x_wconf 85' lang='lat' dir='ltr'>pro</span> <span class='ocrx_word' id='word_1_303' title='bbox 884 3245 1099 3307; x_wconf 84' lang='lat' dir='ltr'>exequiis</span> <span class='ocrx_word' id='word_1_304' title='bbox 1124 3245 1335 3292; x_wconf 84' lang='lat' dir='ltr'>crastina</span> <span class='ocrx_word' id='word_1_305' title='bbox 1355 3245 1432 3291; x_wconf 81' lang='lat' dir='ltr'>die</span> <span class='ocrx_word' id='word_1_306' title='bbox 1459 3244 1648 3303; x_wconf 78' lang='lat' dir='ltr'>fiendis,</span> <span class='ocrx_word' id='word_1_307' title='bbox 1675 3244 1733 3291; x_wconf 89' lang='lat' dir='ltr'>de</span> <span class='ocrx_word' id='word_1_308' title='bbox 1758 3244 1930 3307; x_wconf 89' lang='lat' dir='ltr'>quibus</span> <span class='ocrx_word' id='word_1_309' title='bbox 1955 3243 2041 3291; x_wconf 78' lang='lat' dir='ltr'>fuit</span> 
     </span>
     <span class='ocr_line' id='line_1_36' title="bbox 272 3325 2039 3392; baseline -0.003 -15"><span class='ocrx_word' id='word_1_310' title='bbox 272 3333 528 3378; x_wconf 85' lang='lat' dir='ltr'>contentus</span> <span class='ocrx_word' id='word_1_311' title='bbox 549 3328 908 3392; x_wconf 85' lang='lat' dir='ltr'>Neapolitanus.</span> <span class='ocrx_word' id='word_1_312' title='bbox 935 3328 1302 3391; x_wconf 86' lang='lat' dir='ltr'>Responderunt</span> <span class='ocrx_word' id='word_1_313' title='bbox 1329 3328 1488 3375; x_wconf 83' lang='lat' dir='ltr'>clerici</span> <span class='ocrx_word' id='word_1_314' title='bbox 1519 3342 1613 3374; x_wconf 91' lang='lat' dir='ltr'>non</span> <span class='ocrx_word' id='word_1_315' title='bbox 1649 3343 1790 3390; x_wconf 86' lang='lat' dir='ltr'>posse</span> <span class='ocrx_word' id='word_1_316' title='bbox 1818 3325 1924 3374; x_wconf 84' lang='lat' dir='ltr'>fieri</span> <span class='ocrx_word' id='word_1_317' title='bbox 1950 3325 2039 3374; x_wconf 86' lang='lat' dir='ltr'>nisi</span> 
     </span>
    </p>
   </div>
   <div class='ocr_carea' id='block_1_3' title="bbox 317 3515 1247 3565">
    <p class='ocr_par' dir='ltr' id='par_1_4' title="bbox 317 3515 1247 3565">
     <span class='ocr_line' id='line_1_37' title="bbox 317 3515 1247 3565; baseline 0.005 -15"><span class='ocrx_word' id='word_1_318' title='bbox 317 3515 351 3550; x_wconf 84' lang='lat'>1.</span> <span class='ocrx_word' id='word_1_319' title='bbox 379 3515 426 3551; x_wconf 78' lang='lat' dir='ltr'>Ce</span> <span class='ocrx_word' id='word_1_320' title='bbox 447 3518 586 3552; x_wconf 84' lang='lat' dir='ltr'>contrat</span> <span class='ocrx_word' id='word_1_321' title='bbox 605 3519 662 3552; x_wconf 82' lang='lat' dir='ltr'>est</span> <span class='ocrx_word' id='word_1_322' title='bbox 680 3515 803 3564; x_wconf 77' lang='lat' dir='ltr'>publie</span> <span class='ocrx_word' id='word_1_323' title='bbox 825 3517 845 3551; x_wconf 74' lang='lat' dir='ltr'>a</span> <span class='ocrx_word' id='word_1_324' title='bbox 867 3516 1104 3565; x_wconf 85' lang='lat' dir='ltr'>l’appendice,</span> <span class='ocrx_word' id='word_1_325' title='bbox 1127 3522 1168 3553; x_wconf 91' lang='lat' dir='ltr'>n⁰</span> <span class='ocrx_word' id='word_1_326' title='bbox 1187 3519 1247 3556; x_wconf 78' lang='lat'>14.</span> 
     </span>
    </p>
   </div>
  </div>
 </body>
</html>
