2228 3938
173 377 502 420 [Decembre1502]
619 374 787 412 RERUM
822 372 1124 410 URBANARUM
1156 372 1507 410 COMMENTARII.
1890 375 1961 410 179

176 480 337 529 socius
362 496 498 527 meus
521 478 656 527 dedit
679 477 843 526 locum
871 478 928 524 D.
956 474 1179 534 Nicolao,
1208 474 1441 539 episcopo
1467 473 1714 532 Adriensi,
1742 473 1824 537 qui
1849 489 1962 521 cum

176 566 316 612 Rmo.
339 566 396 612 D.
423 561 671 611 cardinale
699 559 887 608 Estensi
913 558 973 607 ad
990 558 1174 607 Urbem
1196 557 1328 605 venit
1351 556 1481 605 inter
1510 555 1631 604 alios
1657 556 1957 614 assistenteS,

176 646 235 695 de
259 647 491 696 mandato
519 643 800 694 Sanctitatis
817 659 919 691 sue.
949 642 1108 690 Finita
1131 642 1296 699 missa,
1326 641 1591 689 cardinalis
1616 640 1963 705 Neapolitanus

176 731 332 778 noluit
368 729 614 795 publicare
655 727 904 791 plenarias
944 726 1289 791 indulgentias,
1333 726 1419 774 sed
1448 728 1505 773 D.
1545 724 1774 773 Senensis
1804 723 1966 788 publi-

180 815 302 862 cavit
327 831 409 863 eas
438 830 447 861 :
475 812 571 861 alia
593 826 731 860 more
756 811 918 859 solito.
1154 859 1156 862 .

247 898 519 956 Dominica‚
546 899 606 945 26
633 895 749 944 dicti
769 895 952 943 mensis
968 895 1267 953 decembris,
1287 894 1412 942 festo
1436 910 1474 941 s,
1506 891 1740 956 Stephani
1767 892 1967 957 protho-

180 982 430 1047 martyris,
460 984 626 1029 Rmus.
657 983 714 1027 D.
745 979 1010 1027 cardinalis
1037 996 1076 1027 s.
1110 979 1343 1027 Praxedis
1371 978 1640 1026 celebravit
1663 976 1864 1024 missam
1888 993 1966 1024 so-

179 1067 395 1115 lemnem
430 1065 478 1113 in
529 1063 719 1128 capella
752 1063 947 1127 majori,
984 1066 1116 1127 Papa
1149 1065 1377 1127 presente
1412 1079 1422 1110 :
1459 1078 1557 1110 non
1589 1061 1676 1110 fuit
1712 1077 1872 1109 sermo
1909 1061 1968 1110 de

181 1150 412 1199 mandato
459 1152 604 1213 Pape.
646 1147 776 1195 Infra
806 1147 934 1195 hanc
971 1147 1186 1206 missam,
1229 1147 1391 1196 socius
1431 1163 1589 1205 meus,
1635 1146 1695 1194 de
1735 1145 1969 1194 mandato

182 1233 383 1298 speciali
421 1236 568 1296 Pape,
596 1231 728 1280 dedit
751 1231 914 1279 locum
947 1227 1164 1280 senatori
1190 1234 1302 1280 ante
1338 1234 1395 1279 D.
1422 1230 1716 1279 Annibalem
1751 1230 1811 1278 de
1841 1231 1968 1277 Ben-

184 1318 359 1376 tivolis,
409 1319 456 1364 et
499 1314 927 1364 conservatoribus
969 1316 1078 1378 post
1126 1316 1183 1362 D.
1232 1314 1489 1362 Nicolaum
1534 1314 1594 1361 de
1637 1313 1876 1376 Corrigia,
1925 1315 1974 1359 et

184 1401 335 1450 etiam
359 1401 428 1449 ita
451 1402 694 1448 steterunt
712 1399 762 1446 in
787 1399 864 1446 die
882 1414 921 1446 S.
948 1397 1188 1446 Johannis
1213 1398 1454 1462 sequenti,
1475 1397 1572 1446 alia
1596 1413 1735 1445 more
1762 1397 1924 1445 solito.

251 1488 366 1534 Post
391 1483 672 1549 prandium,
707 1486 1038 1532 cucurrerunt
1062 1483 1263 1548 juvenes
1293 1483 1462 1549 viginti
1494 1483 1708 1547 quinque
1734 1498 1974 1531 annorum

186 1568 261 1616 vel
288 1568 424 1616 eirca
447 1568 506 1615 de
540 1566 726 1615 clavica
750 1583 836 1615 seu
862 1566 1033 1615 cloaca
1060 1566 1452 1615 vicecancellarii
1485 1583 1636 1630 usque
1668 1567 1730 1614 ad
1762 1566 1975 1630 plateam

189 1669 229 1701 S.
258 1651 407 1704 Petri,
436 1654 484 1699 et
508 1650 647 1714 pueri
673 1650 934 1699 duodecim
959 1666 1203 1699 annorum
1228 1650 1307 1698 vel
1332 1650 1468 1699 circa
1494 1667 1522 1698 a
1546 1651 1803 1715 pyramide
1826 1650 1976 1714 Burgi

192 1751 343 1800 usque
383 1734 443 1783 ad
473 1734 684 1798 plateam
725 1733 1059 1797 supradictam
1090 1750 1181 1798 pro
1211 1734 1373 1799 palliis
1398 1735 1645 1784 consuetis
1670 1750 1764 1799 que
1790 1734 1977 1784 habue-

193 1822 324 1867 runt.

257 1901 400 1950 Feria
425 1900 653 1959 secunda,
685 1903 743 1948 27
771 1901 993 1965 ejusdem
1031 1901 1214 1950 mensis
1246 1902 1539 1963 decembris,
1574 1904 1698 1952 sesto
1731 1921 1769 1952 S.
1796 1904 1979 1953 Johan-

194 1986 269 2034 nis
296 1985 606 2050 evangeliste,
644 1984 885 2033 Sanctitas
918 1988 976 2033 D.
1012 1986 1186 2046 nostri,
1221 1989 1485 2051 antequam
1516 1988 1670 2036 exiret
1707 2004 1977 2048 cameram,

195 2069 378 2118 vocavit
410 2068 471 2117 ad
502 2085 553 2117 se
588 2073 795 2119 RRmos.
831 2072 931 2118 DD.
966 2069 1241 2118 cardinales
1272 2071 1450 2134 quibus
1488 2072 1604 2120 dixit
1635 2073 1757 2120 velle
1784 2073 1981 2121 mittere

194 2170 360 2202 ensem
383 2156 443 2202 D.
477 2153 746 2218 Alphonso,
782 2153 1113 2219 primogenito
1146 2154 1284 2202 ducis
1314 2156 1562 2217 Ferrarie,
1594 2158 1774 2205 marito
1801 2159 1858 2205 D.
1889 2159 1982 2204 Lu-

195 2238 366 2298 cretie,
396 2224 705 2288 Ferrariam:
728 2238 922 2299 deinde,
943 2255 1055 2288 cum
1081 2243 1372 2303 paramenta
1393 2240 1658 2304 acciperet,
1690 2243 1821 2303 Papa
1842 2239 1983 2297 dixit,

196 2337 274 2370 me
299 2321 545 2383 audiente,
579 2322 810 2372 habuisse
836 2322 1096 2372 consilium
1128 2323 1408 2387 aliquorum
1433 2324 1696 2372 doctorum
1721 2323 1852 2387 quod
1878 2339 1984 2370 ma-

197 2405 483 2454 trimonium
510 2406 734 2455 Ferrarie
759 2410 1068 2456 contractum
1097 2407 1224 2457 inter
1240 2410 1348 2456 Don
1371 2407 1680 2472 Alphonsum
1706 2407 1986 2472 predictum

199 2493 247 2538 et
291 2492 669 2554 procuratorem
705 2490 902 2539 domine
948 2492 1174 2539 Lucretie
1212 2492 1417 2540 deberet
1450 2491 1530 2540 hic
1567 2494 1719 2540 Rome
1761 2491 1821 2539 de
1865 2506 1987 2538 novo

201 2572 455 2622 contrahi:
484 2574 650 2621 Rmus.
693 2575 749 2621 D.
791 2573 1052 2623 cardinalis
1078 2575 1305 2623 Senensis
1333 2574 1589 2638 respondit
1617 2574 1987 2622 matrimonium

203 2672 310 2706 esse
336 2660 716 2715 sacramentum,
742 2661 1009 2721 propterea
1032 2674 1131 2705 non
1154 2657 1510 2706 reiterandum.
1540 2661 1714 2705 Rmus.
1752 2660 1808 2704 D.
1837 2657 1991 2705 cardi-

204 2739 328 2789 nalis
367 2757 407 2790 s.
452 2740 621 2790 Crucis
659 2740 922 2789 celebravit
959 2739 1160 2788 missam
1198 2740 1470 2788 solemnem
1500 2740 1549 2788 in
1587 2740 1778 2804 capella
1815 2756 1989 2803 supra-

206 2824 352 2882 dicta,
382 2827 511 2889 Papa
540 2827 787 2889 presente,
823 2828 872 2873 et
904 2839 1003 2872 non
1034 2823 1126 2871 fuit
1158 2839 1321 2871 sermo
1357 2842 1366 2871 ε
1402 2823 1734 2872 cubicularius
1771 2823 1851 2870 illc
1886 2839 1990 2870 ser-

208 2924 403 2957 monem
426 2909 644 2957 facturus
668 2908 758 2956 fuit
782 2911 909 2958 aSS.
937 2910 999 2956 D.
1033 2912 1202 2956 nostro
1225 2907 1402 2956 missus
1427 2908 1703 2956 Tiburtum.
1722 2906 1829 2954 Alia
1853 2921 1991 2954 more

211 2990 373 3040 solito.

279 3075 438 3124 Finita
460 3074 625 3135 missa,
661 3068 900 3124 Sanctitas
928 3074 1124 3123 Domini
1154 3075 1310 3123 nostri
1343 3075 1524 3124 creavit
1554 3074 1756 3124 militem
1790 3091 1829 3122 s.
1867 3074 1994 3122 Petri

214 3159 272 3206 D.
301 3159 640 3224 Raymundum
663 3159 893 3208 comitem
909 3159 969 3207 de
992 3161 1199 3224 Sagrato
1226 3159 1612 3219 Ferrariensem,
1642 3158 1889 3208 consuetis
1914 3174 1994 3206 66-

218 3243 464 3291 remoniis.

282 3326 398 3373 Post
430 3326 707 3389 prandium,
746 3330 1075 3376 cucurrerunt
1110 3326 1249 3374 Judei
1287 3326 1346 3374 de
1391 3320 1561 3375 cloaca
1607 3317 1994 3374 vicecancellerii
2028 3329 2034 3333 '

221 3423 370 3472 usque
392 3408 453 3456 ad
479 3409 692 3472 plateam
714 3428 754 3459 s.
788 3411 938 3469 Petri,
966 3415 1013 3459 et
1034 3425 1175 3459 senes
1206 3410 1264 3458 (16
1293 3410 1548 3475 pyramide
1580 3410 1628 3456 in
1658 3411 1820 3472 Burgo
1847 3420 1997 3471 usque

223 3490 282 3538 ad
318 3491 541 3539 eamdem
575 3494 788 3557 plateam
833 3512 919 3559 pro
966 3493 1125 3558 palliis
1169 3495 1434 3542 consuetis.
1473 3492 1654 3541 Judeus
1688 3507 1786 3539 non
1828 3491 2000 3540 habuit
