2202 3918
169 412 384 452 [Decembre
406 415 500 455 1504]
619 413 789 451 RERUM
821 412 1126 451 URBANARUM
1158 412 1510 465 COMMENTARIL
1880 415 1943 451 37¹

236 517 388 574 Lune,
416 519 476 565 25
499 515 793 575 novembris,
833 515 1007 564 festum
1044 532 1083 564 s.
1122 516 1401 575 Catharine,
1442 519 1553 580 post
1587 517 1861 580 prandium,
1902 517 1951 564 iu

172 599 380 648 ecclesia
402 616 441 648 s.
469 600 735 659 Eustachii,
762 602 819 647 D.
845 599 1140 648 Benedictus
1156 601 1311 648 Adam
1337 600 1618 665 prepositus
1647 600 1954 649 Avenionen-

174 682 238 730 sis
261 683 376 732 fecit
401 683 645 747 publicam
670 683 1047 747 disputationem
1083 683 1160 732 cui
1193 684 1526 732 interfuerunt
1560 684 1702 732 multi
1733 684 1957 733 cardina—

170 766 265 825 les3
296 768 453 831 arguit
477 768 625 816 etiam
649 767 838 815 Grassis
864 768 1047 831 optime
1072 771 1120 816 et
1145 768 1526 832 disputationem
1551 768 1787 817 confudit.

236 852 423 910 Martis,
449 854 528 910 26,
555 851 942 900 anniversarium
969 851 1301 900 coronationis
1322 855 1469 916 Pape,
1505 852 1768 901 cardinalis
1796 855 1957 901 Bono-

170 935 354 982 niensis
379 935 644 983 celebravit
668 934 867 982 missam
892 935 1137 998 publicam
1161 936 1211 983 in
1237 935 1427 999 capella
1454 936 1646 1000 majori,
1689 939 1821 1000 Papa
1843 953 1956 1001 pre-

171 1022 307 1066 sente
345 1035 355 1066 :
395 1023 654 1081 antequam
703 1023 1008 1083 proponeret
1047 1020 1096 1067 in
1136 1035 1342 1072 camerav
1381 1019 1647 1083 Papagalli,
1695 1020 1956 1068 cardinalis

168 1102 520 1152 Volaterranus
567 1102 686 1150 dixit
731 1102 863 1166 Pape
910 1102 1243 1162 Fredericum,
1291 1118 1460 1167 regem
1486 1103 1876 1167 Neapolitanum,
1907 1103 1954 1151 in

169 1185 377 1234 Francia
401 1185 530 1233 diem
555 1185 786 1235 clausisse
810 1189 1086 1235 extremum
1115 1191 1172 1235 10
1192 1187 1339 1251 hujus
1365 1186 1426 1252 (1)
1455 1202 1468 1234 ε
1505 1186 1601 1235 alia
1635 1190 1747 1235 sunt
1784 1188 1955 1236 obser-

170 1273 277 1317 vata
300 1285 438 1317 more
464 1269 625 1318 solito.

232 1353 376 1413 Jovis,
406 1356 466 1402 28
491 1353 787 1412 novembris,
817 1353 1095 1414 cardinales
1121 1349 1409 1418 inceperunt
1433 1353 1627 1402 visitare
1655 1352 1954 1401 cardinalem

170 1436 230 1484 de
253 1436 500 1501 Aragonia
519 1440 723 1500 propter
745 1436 931 1484 obitum
956 1437 1256 1500 predictum;
1284 1438 1367 1501 qui
1387 1436 1653 1486 cardinalis
1675 1452 1703 1485 a
1721 1437 1851 1484 dicta
1875 1435 1954 1484 die

170 1523 229 1567 26
254 1520 460 1568 recessit
485 1520 684 1568 domum
703 1536 855 1584 usque
880 1520 942 1569 ad
962 1521 1092 1568 diem
1101 1558 1196 1569 .....

236 1603 509 1663 Dominica,
542 1607 558 1650 1
600 1604 894 1662 decembris,
935 1605 1094 1667 prima
1124 1604 1371 1652 dominica
1405 1605 1657 1662 adventus,
1691 1602 1777 1651 fuit
1807 1602 1954 1651 missa

175 1686 374 1749 publica
395 1686 443 1734 in
466 1687 656 1750 capella
677 1687 868 1751 majori,
896 1704 1041 1751 quam
1066 1688 1323 1736 celebravit
1361 1687 1643 1752 patriarcha
1666 1686 1955 1734 Alexandri-

155 1785 278 1828 .nuS,
315 1771 448 1833 Papa
496 1773 760 1833 presente:
799 1770 969 1818 habuit
1009 1773 1196 1835 septem
1234 1771 1516 1835 capellanos
1551 1770 1832 1828 servientes,
1871 1769 1954 1833 qui

171 1851 289 1900 dixit
315 1855 443 1916 Pape
466 1853 513 1901 id
539 1853 628 1901 sibi
651 1853 930 1901 indulsisse.
960 1856 1250 1903 Sermonem
1286 1854 1402 1904 fecit
1435 1858 1730 1919 procurator
1767 1853 1954 1901 ordinis

172 1950 210 1982 S.
239 1936 504 1996 Dominici3
534 1937 629 1985 alia
646 1953 785 1985 more
812 1937 972 1986 solito.

235 2019 421 2077 Martis,
447 2018 476 2066 3
494 2019 788 2078 decembris,
810 2020 859 2067 in
885 2035 1084 2068 camera
1104 2020 1355 2084 Papagalli
1382 2020 1572 2085 signata
1586 2020 1684 2069 fuit
1706 2020 1953 2084 supplica-

168 2101 236 2149 tio
259 2118 408 2165 super
432 2102 673 2151 abbatiam
696 2103 966 2163 Palensem,
994 2107 1227 2167 tanquam
1262 2120 1352 2168 per
1387 2104 1745 2153 devolutionem
1780 2120 1956 2152 vacan-

168 2189 267 2232 tem
289 2202 379 2249 pro
402 2186 650 2235 cardinale
676 2203 714 2235 s.
741 2187 869 2236 Petri
901 2187 962 2235 ad
983 2188 1227 2238 Vincula:
1266 2203 1357 2252 ego
1392 2188 1452 2236 ab
1489 2188 1583 2235 hac
1619 2188 1698 2236 die
1730 2193 1955 2252 gravatus

169 2268 405 2333 podagra,
434 2286 533 2319 non
554 2270 663 2319 veni
687 2272 747 2319 ad
770 2271 1003 2335 palatium
1028 2288 1181 2336 usque
1208 2271 1269 2319 ad
1292 2271 1506 2319 diem....

232 2353 458 2413 Veneris,
489 2357 517 2402 6
541 2355 833 2414 decembriS,
864 2358 921 2403 D.
961 2355 1233 2404 Mercurius
1264 2355 1323 2402 de
1361 2354 1558 2418 Vipera,
1587 2355 1645 2403 de
1680 2358 1953 2403 Benevento

169 2436 378 2493 auditor,
402 2436 663 2500 disputavit
684 2438 878 2502 publice
901 2439 948 2486 in
975 2438 1184 2487 ecclesia
1210 2441 1470 2486 conventus
1497 2455 1535 2486 s.
1562 2438 1818 2503 Augustini
1841 2454 1850 2485 :
1880 2438 1954 2485 in-

169 2518 441 2567 terfuerunt
464 2520 600 2582 quasi
626 2537 794 2569 omnes
810 2522 1102 2581 cardinaleS,
1125 2524 1172 2569 et
1193 2520 1374 2585 optime
1400 2536 1450 2568 se
1467 2521 1654 2570 habuit.
1675 2520 1954 2570 Jacobatius

172 2605 221 2650 et
245 2603 466 2651 Andreas
487 2608 769 2668 arguerunt.
1482 2598 1486 2602 ’

224 2766 256 2801 1.
287 2763 387 2801 C’est
406 2765 430 2801 9
448 2763 538 2812 qu'il
558 2763 635 2801 saut
661 2763 740 2802 lire.
773 2761 868 2812 Voy.
902 2763 997 2801 l’Art
1020 2765 1064 2801 de
1088 2766 1232 2811 re'rifier
1262 2764 1312 2800 les
1344 2765 1448 2800 dates
1478 2764 1600 2812 (1770)
1618 2775 1655 2812 p.
1681 2764 1764 2800 905.
1795 2763 1845 2800 Le
1861 2775 1955 2812 pape

170 2822 298 2861 ecrivit
315 2826 336 2860 a
355 2823 470 2860 Louis
490 2824 559 2860 XII
588 2835 680 2873 pour
708 2823 740 2860 le
766 2823 861 2872 prier
885 2823 930 2861 de
954 2823 1127 2861 subvenir
1151 2823 1363 2872 dignement
1390 2835 1460 2860 aux
1486 2822 1634 2860 besoins
1660 2823 1705 2859 de
1730 2822 1765 2859 la
1789 2834 1904 2860 veuve
1921 2828 1958 2861 et

171 2883 236 2920 des
272 2883 415 2920 enfants
448 2883 497 2920 du
518 2883 569 2920 roi
606 2883 773 2920 Frede'ric
796 2894 805 2920 ε
829 2883 957 2932 «Regi
982 2883 1169 2921 Franciae.
1201 2884 1348 2920 Praeter
1378 2895 1479 2931 spem
1505 2882 1614 2919 nobis
1643 2885 1700 2919 est
1725 2881 1953 2929 nunciatum,

172 2942 289 2979 clarae
307 2942 501 2980 memoriae
522 2943 735 2980 Federicum
762 2943 807 2980 de
829 2943 1014 2992 Aragonia
1037 2955 1162 2992 regem
1191 2943 1237 2980 ab
1265 2944 1333 2979 hac
1359 2942 1439 2980 luce
1463 2943 1657 2991 migrasse,
1687 2942 1732 2979 ob
1760 2942 1857 2990 quod
1880 2954 1954 2980 non

171 3014 370 3051 possumus
393 3003 594 3040 secundum
616 3015 760 3041 carnem
778 3003 1012 3049 commoveri;
1039 3004 1252 3041 amabamus
1278 3002 1373 3040 enim
1402 3014 1485 3040 eum
1511 3006 1661 3050 paterne
1687 3006 1834 3050 propter
1850 3013 1954 3050 egre-

172 3061 254 3110 gias
283 3061 363 3110 ejus
392 3062 562 3109 virtutes,
594 3063 809 3112 praesertim
840 3075 922 3100 cum
961 3063 1077 3100 nostri
1109 3063 1454 3101 observantissimus
1487 3065 1602 3107 esset,
1637 3065 1672 3098 et
1702 3060 1954 3098 deditissimus

170 3120 375 3168 majestatis
391 3126 489 3168 tuae,
512 3122 574 3171 qui
593 3126 708 3159 morte
729 3126 961 3171 praeventus,
983 3122 1167 3171 aequiore,
1188 3126 1231 3160 ut
1249 3122 1470 3171 accepimus,
1495 3120 1617 3158 animo
1645 3119 1804 3157 excessit
1827 3131 1846 3156 e
1865 3119 1955 3162 vita,

173 3180 272 3226 quod
294 3180 397 3217 uxori
414 3186 450 3218 et
470 3181 556 3219 filiis
577 3182 657 3230 ejus
676 3182 896 3231 praesidium
922 3182 1124 3231 majestatis
1141 3186 1204 3219 tue
1224 3183 1268 3219 de
1289 3194 1361 3230 qua
1381 3192 1525 3230 semper
1549 3179 1643 3218 bene
1663 3178 1793 3216 mereri
1813 3178 1956 3216 studuit

174 3249 247 3274 non
259 3238 470 3277 defuturum
489 3241 722 3290 intelligebat
748 3254 757 3279 ι
781 3242 878 3280 soles
898 3242 993 3280 enim
1018 3254 1083 3291 pro
1109 3242 1287 3291 singulari
1317 3241 1495 3291 sapientia
1518 3245 1582 3278 tua
1602 3244 1638 3277 et
1655 3237 1955 3287 magnanimjtate

172 3296 231 3342 iis,
253 3297 317 3345 qui
338 3297 374 3334 in
394 3303 494 3336 tuam
513 3301 623 3338 fidem
644 3313 683 3338 se
701 3302 945 3350 conjecerunt,
960 3314 1034 3339 non
1054 3302 1170 3340 solum
1188 3301 1411 3347 viventibus,
1427 3301 1491 3337 sed
1506 3299 1686 3337 defunctis
1706 3302 1850 3347 gratum
1863 3302 1900 3335 te
1919 3302 1956 3336 et

172 3368 368 3394 memorem
402 3360 586 3397 exhibere.
618 3361 744 3410 Itaque
770 3361 841 3398 etsi
871 3374 945 3398 non
974 3361 1182 3399 dubitamus
1212 3362 1298 3410 quin
1327 3366 1391 3398 tua
1423 3363 1551 3408 sponte
1578 3358 1772 3405 conjugem
1794 3360 1830 3393 et
1858 3355 1953 3393 filios

169 3417 374 3454 antedictos
413 3418 625 3457 liberalitate
649 3425 686 3457 et
714 3420 838 3458 favore
868 3421 1085 3470 opportunis
1118 3424 1380 3470 prosecuturus
1407 3419 1472 3463 siS,
1501 3429 1547 3455 ex
1579 3416 1803 3454 abundantia
1831 3420 1955 3453 tamen

169 3475 354 3513 charitatis
376 3488 438 3514 eos
465 3481 551 3516 tuae
570 3478 751 3527 majestati
779 3479 950 3516 duximus
977 3481 1302 3526 commendandos,
1336 3483 1405 3516 etc.
1437 3479 1522 3516 Dat.
1550 3478 1690 3515 Romae
1721 3477 1780 3514 die
1813 3475 1862 3514 IV
1887 3476 1952 3513 de-

170 3534 326 3573 cembris
345 3536 482 3581 MDIV,
505 3538 675 3585 pontific.
697 3537 815 3575 nostri
827 3550 923 3577 anno
943 3540 990 3577 11.
1014 3553 1035 3576 »
1056 3539 1218 3586 Rinaldi,
1237 3544 1266 3577 t.
1287 3538 1404 3584 XXX,
1420 3549 1461 3586 p.
1486 3538 1570 3575 423.
