2274 3932
339 375 382 418 ¹2¹¹
927 362 1106 412 ⁴NO'l'lCE
1144 361 1519 411 BlOGBAPHlQUE.

339 466 462 516 bare
502 466 624 516 dont
659 465 710 515 la
747 468 946 516 na'ivete
984 465 1206 516 n'exclut
1250 482 1342 532 pas
1379 465 1425 515 16
1469 465 1692 521 61161166,
1731 459 1781 513 et
1818 463 1904 531 qui
1941 463 2119 513 atteint

341 555 655 622 quelquefois
680 555 992 622 l'eloquence
1012 555 1076 619 (1)
1099 573 1109 616 3
1141 572 1336 604 comme
1355 554 1480 604 dans
1500 554 1547 603 16
1572 553 1697 602 16611
1723 552 1785 602 (16
1810 552 2122 602 l’assassinat

341 645 410 694 du
437 644 533 694 duc
561 644 623 694 de
651 645 842 695 Gandie
865 642 949 708 (Ξ),
982 645 1045 695 (16
1069 645 1120 694 16
1144 643 1362 694 maladie
1389 643 1457 694 du
1483 642 1709 693 cardinal
1729 641 1929 692 Ferrari
1949 640 2032 709 (3),
2059 640 2122 690 (16

340 733 560 799 l’agonie
588 737 637 783 et
663 734 725 784 (16
750 734 801 783 la
826 738 959 784 mort
984 734 1322 784 d'Alexandre
1348 730 1511 796 V1(4).

413 822 899 890 Inde'pendamment
944 823 1012 873 du
1058 821 1296 874 Dz'arz'um
1338 827 1386 872 et
1434 822 1522 872 des
1569 836 1821 886 ouvrages
1865 819 2124 886 imprimes

345 911 590 979 auxquels
633 911 669 961 11
714 912 850 962 avait
899 911 1152 962 collabore
1198 916 1248 962 61
1286 912 1409 962 dont
1451 912 1487 961 11
1534 928 1565 960 a
1610 913 1688 960 ete
1740 909 1879 979 parle
1926 909 2125 959 ci-des-

347 1018 431 1050 sus
459 1000 542 1069 (ὃ),
575 1001 610 1050 11
636 1018 876 1068 composa
901 1018 971 1050 un
996 1001 1120 1051 livre
1146 1001 1235 1051 des
1258 1001 1585 1062 661611166165,
1613 1000 1735 1068 qu'il
1756 1000 1850 1049 cite
1870 999 2127 1066 frequem-

397 1177 430 1214 1.
459 1176 603 1225 Ughelli
631 1189 652 1214 a
671 1178 925 1226 parfaitement
957 1177 1124 1226 apprecie
1144 1177 1176 1214 16
1197 1178 1324 1214 merite
1356 1177 1400 1214 de
1421 1177 1624 1214 Burchard.
1657 1192 1676 1211 «
1772 1176 1839 1213 Hie
1864 1175 2128 1213 referendarius

347 1235 569 1285 apostolicus
601 1236 682 1282 fuit,
717 1237 934 1286 scripsitque
958 1237 1156 1275 Alexandri
1190 1237 1292 1273 Sexti
1319 1236 1442 1274 Diaria
1472 1237 1630 1285 Juliique
1661 1236 1822 1273 Secundi
1836 1240 1937 1273 tanta
1961 1235 2130 1272 libertate

348 1296 531 1333 scribendi
549 1296 786 1344 veritatisque
804 1298 960 1334 candore
977 1302 1017 1334 ut
1037 1297 1145 1334 simul
1164 1298 1358 1343 delectent,
1376 1296 1470 1334 simil
1489 1296 1527 1332 in
1553 1296 1828 1333 admirationem
1843 1296 1991 1332 trahant
2015 1294 2128 1332 lecto-

348 1367 437 1400 rem,
459 1355 607 1393 tametsi
633 1355 788 1393 barbare
817 1357 952 1405 scripta
973 1356 1059 1402 sint,
1079 1357 1299 1404 exulentque
1319 1369 1341 1394 a
1355 1356 1513 1401 salibus;
1533 1356 1624 1393 adeo
1644 1355 1778 1393 veritas
1806 1355 1902 1392 omni
1919 1354 2001 1391 fuco
2022 1357 2132 1390 exuta

348 1414 479 1462 placet,
516 1414 608 1451 adeo
637 1415 814 1453 candidos
846 1420 1013 1464 penetrat
1043 1415 1196 1456 animos.
1232 1432 1250 1451 »
1286 1416 1408 1464 (Italia
1440 1417 1567 1459 Sacra,
1603 1415 1684 1461 t.'I,
1705 1427 1742 1463 p.
1764 1415 1848 1459 641,
1874 1415 1994 1458 1644).
2019 1427 2038 1446 «
2059 1413 2130 1450 Les

350 1473 458 1510 recits
479 1475 523 1510 de
544 1474 747 1520 Burchard,
775 1475 863 1512 ecrit
882 1476 1062 1521 Michelet,
1081 1481 1144 1514 ont
1163 1489 1203 1514 ce
1214 1479 1394 1514 caractere
1415 1476 1460 1512 de
1478 1475 1650 1519 candeur,
1667 1475 1712 1511 de
1732 1473 1922 1522 simplicite
1939 1472 2130 1520 veridique

349 1532 412 1580 qui
434 1545 578 1570 rassure
606 1539 685 1572 tout
716 1537 737 1571 a
768 1534 853 1573 fait.
889 1535 957 1572 J‘ai
978 1548 1026 1572 vu
1046 1540 1083 1573 61
1109 1535 1146 1572 16
1167 1536 1252 1573 bien
1280 1536 1346 1572 des
1369 1539 1568 1573 menteurs.
1592 1534 1648 1571 On
1671 1546 1717 1571 ne
1748 1538 1847 1570 ment
1867 1545 1932 1581 pas
1970 1532 2081 1569 ainsi.
2111 1545 2128 1565 n

350 1594 465 1637 (Hisc.
493 1593 536 1629 de
554 1594 703 1639 Franco,
722 1596 975 1640 Renaissance,
1001 1599 1027 1632 t.
1049 1596 1130 1642 VII,
1151 1608 1188 1644 p.
1210 1597 1270 1632 99.
1287 1594 1383 1632 Edit.
1405 1595 1450 1631 de
1481 1595 1603 1640 1855.)
1618 1593 1711 1642 Voy.
1735 1593 1882 1630 l’article
1903 1592 1947 1628 de
1970 1592 2021 1629 M.
2044 1591 2130 1628 Hei-

350 1650 574 1698 denheimer,
596 1655 668 1690 Ein
690 1654 880 1691 deutscher
905 1657 1277 1692 ceremonienmeister
1296 1666 1355 1692 am
1368 1654 1604 1702 papstlichen
1620 1655 1723 1698 Hose,
1744 1653 1837 1689 dans
1857 1651 1892 1689 la
1907 1652 2129 1689 Grensbolen

350 1710 564 1758 (Leipsick),
587 1719 628 1747 n⁰
650 1712 698 1748 du
713 1713 886 1762 31juillet
902 1715 1009 1753 1879.

397 1771 433 1807 2.
461 1771 666 1808 Burchardi
686 1773 806 1819 diar„
828 1778 859 1812 t.
897 1774 942 1819 ΙΙ,
965 1786 1004 1822 p.
1028 1775 1196 1812 337-391.

399 1829 435 1864 3.
463 1830 544 1875 Id„
566 1834 594 1866 t.
617 1831 678 1876 ΙΙΙ,
699 1844 741 1880 p.
760 1833 930 1870 212-2-19.

401 1890 435 1924 4.
462 1889 534 1934 Id„
557 1894 583 1926 t.
608 1890 671 1936 III,
694 1903 730 1939 p.
752 1893 822 1929 238
842 1896 878 1929 et
900 1893 993 1931 suiv.

400 1949 435 1984 5.
463 1947 640 1986 L’edition
668 1950 843 1998 originale
876 1952 921 1989 de
954 1953 1074 1990 l’Ordo
1099 1954 1230 1991 missae
1265 1953 1417 2003 n‘ayant
1445 1965 1536 2003 paru
1571 1953 1680 2002 qu'en
1704 1952 1797 1989 1509
1824 1951 1969 1999 (Rome,
1990 1950 2129 1998 in-4⁰);

353 2005 532 2055 l'analyse
551 2008 596 2045 de
616 2020 656 2045 ce
676 2010 766 2058 petit
791 2010 897 2048 traite
922 2011 982 2049 n’a
1013 2025 1062 2061 pu
1082 2016 1229 2050 trouver
1253 2013 1354 2061 place
1374 2013 1466 2050 dans
1487 2016 1580 2050 cette
1600 2012 1720 2049 notice
1742 2022 1752 2048 z
1780 2010 1870 2048 c'est
1888 2010 2069 2060 pourquoi
2092 2010 2131 2058 je

351 2066 471 2103 donne
489 2066 695 2106 ci-dessous
715 2069 750 2107 la
770 2070 940 2108 dedicace
959 2072 1004 2108 de
1020 2071 1210 2109 Burchard
1230 2084 1277 2109 au
1297 2072 1455 2110 cardinal
1476 2072 1520 2109 de
1541 2071 1722 2120 Carvajal‚
1744 2074 1780 2109 61
1798 2071 1833 2108 la
1852 2074 2008 2119 reponse
2027 2070 2071 2107 de
2090 2081 2133 2106 66

352 2124 508 2171 dernier,
531 2126 674 2176 d’apres
694 2129 854 2166 l'edition
876 2131 920 2167 de
941 2132 1057 2168 Rome
1077 2132 1122 2168 de
1144 2133 1248 2177 1524,
1271 2131 1305 2168 la
1324 2132 1424 2169 seule
1445 2144 1516 2181 que
1535 2131 1601 2180 J'ai
1621 2144 1671 2180 pu
1690 2143 1748 2168 me
1779 2142 1969 2179 procurer.
1997 2145 2016 2164 «
2035 2129 2133 2166 Ordo

352 2185 482 2232 {Misse
502 2198 567 2235 pro
589 2187 841 2226 informatione
864 2190 1107 2232 sacerdotum,
1129 2193 1238 2237 atque
1258 2189 1473 2227 accuratissi
1495 2191 1501 2237 Ι
1523 2201 1580 2226 166
1605 2201 1670 2237 per
1689 2189 1736 2225 R.
1753 2190 1795 2226 P.
1813 2189 1859 2228 D.
1879 2187 2133 2225 Burckardum

351 2244 402 2281 Ar
421 2244 427 2291 Ι
449 2246 641 2293 gentinum
676 2249 903 2286 decretorum
925 2250 1106 2286 doctorem
1136 2252 1171 2286 et
1190 2249 1287 2286 sedis
1313 2249 1512 2298 apostolice
1532 2260 1597 2297 pro
1618 2249 1624 2297 Ι
1645 2248 1894 2286 thonotarium
1913 2245 2133 2295 Capelleque

352 2303 392 2340 S.
411 2304 454 2342 D.
468 2305 512 2344 N.
527 2306 580 2343 Pa
602 2308 607 2354 Ι
628 2319 674 2356 pe
688 2307 973 2346 Cerimoniarum
987 2308 1205 2357 Magistrum
1227 2310 1233 2356 Ι
1255 2309 1353 2345 hunc
1366 2308 1402 2344 in
1422 2308 1580 2345 libellum
1598 2308 1781 2346 redactus.

401 2377 419 2399 «
441 2364 757 2405 Reverendissimo
777 2368 815 2405 in
837 2368 981 2406 Christo
1003 2369 1096 2417 patri
1129 2373 1165 2406 et
1182 2368 1328 2405 domino
1349 2372 1474 2405 nostro
1494 2368 1732 2413 Bernardino‚
1752 2367 1984 2405 miseratione
2010 2366 2134 2404 divina

355 2422 595 2463 Sacrosancte
617 2428 781 2465 Romane
798 2428 959 2466 Ecclesie
986 2429 1080 2466 tituli
1099 2433 1224 2466 sancte
1252 2428 1378 2466 Crucis
1408 2429 1443 2465 in
1476 2429 1704 2466 Hierusalem
1731 2427 1931 2477 presbitero
1961 2425 2136 2463 cardinali

353 2484 564 2531 Saguntini,
587 2487 746 2534 presidio
766 2500 832 2525 suo
853 2489 1041 2526 ,Iohannes
1057 2488 1291 2525 Burckardus
1305 2488 1584 2536 Argentinensis
1604 2489 1829 2525 decretorum
1843 2488 1971 2524 doctor
1980 2490 2016 2524 et
2036 2484 2135 2522 sedis

354 2544 551 2590 apostolice
570 2548 881 2595 prothonotarius,
904 2549 1082 2597 Magister
1114 2548 1401 2586 Cerimoniarum
1428 2548 1573 2596 Capelle
1591 2548 1631 2585 S.
1651 2547 1788 2585 domini
1805 2546 1921 2598 nostri
1951 2545 2064 2594 Pape,
2093 2555 2134 2581 se

354 2601 539 2641 humiliter
572 2609 803 2646 commendat
826 2621 835 2646 z
860 2609 1041 2646 Versatus
1069 2609 1114 2646 ab
1143 2608 1392 2647 adolescentia
1417 2608 1512 2644 circa
1544 2620 1668 2645 sacras
1695 2606 1932 2652 Cerimonias,
1951 2606 2135 2642 Reveren-

355 2661 505 2700 dissime
522 2665 691 2712 Domine,
715 2680 797 2704 cum
816 2669 941 2706 videro
957 2674 1066 2717 atque
1085 2668 1209 2717 plures
1229 2668 1451 2716 presbiteros
1470 2668 1508 2703 in
1523 2667 1766 2705 celebratione
1783 2665 1979 2703 missarum
2000 2663 2136 2701 multas

354 2721 549 2761 abusiones
562 2729 597 2762 et
617 2726 784 2765 diversos
799 2728 890 2766 ritus
911 2733 946 2766 et
961 2734 1070 2777 gestu
1090 2728 1387 2765 inconvenientes
1407 2728 1614 2776 frequenter
1623 2727 1778 2773 imitari3
1800 2726 1994 2774 indignum
2008 2722 2134 2761 existi-

355 2781 462 2828 mavi,
484 2795 556 2821 non
578 2798 659 2823 esse
678 2799 699 2823 a
721 2788 858 2825 Sancta
877 2789 1044 2825 Romana
1063 2788 1224 2825 Ecclesia
1254 2787 1414 2824 omnium
1432 2786 1668 2823 ecclesiarum
1699 2791 1735 2823 et
1759 2789 1874 2822 matre
1893 2789 1930 2822 et
1960 2783 2135 2831 magistra

354 2841 528 2880 traditum
557 2847 809 2891 sacerdotibus
842 2852 981 2884 certum
1013 2849 1161 2885 modum
1192 2847 1255 2895 qui
1285 2847 1322 2883 in
1354 2846 1595 2883 celebratione
1626 2844 1836 2894 hujusmodi
1876 2842 2136 2880 universaliter

354 2899 624 2941 observaretur.
647 2905 784 2954 Collegi
809 2912 978 2956 proptera
997 2908 1089 2946 alias
1108 2907 1146 2944 in
1166 2919 1279 2944 unum
1298 2906 1387 2943 etin
1405 2905 1593 2955 publicum
1620 2905 1754 2942 tradidi
1773 2915 1818 2941 ex
1837 2902 1992 2941 diversis
2012 2902 2137 2939 decre-

353 2958 400 2995 tis
431 2961 649 3001 Sanctorum
669 2970 825 3013 patrum,
849 2979 918 3015 que
940 2968 1072 3005 summi
1107 2967 1298 3005 Pontificis
1332 2977 1398 3015 pro
1418 2964 1659 3002 celebratione
1682 2963 1845 3013 predicta
1882 2962 2134 3000 instituerunt.

354 3024 400 3061 Et
418 3036 500 3060 cum
520 3036 637 3072 nuper
662 3025 810 3062 collecta
832 3027 1044 3074 hujusmodi
1063 3027 1277 3072 reviderem,
1297 3025 1456 3074 comperi
1476 3025 1579 3073 plura
1599 3035 1682 3061 esse
1702 3023 1840 3061 omissa
1859 3027 1967 3071 atque
1986 3020 2132 3058 tradita.

355 3083 489 3120 Addidi
504 3083 616 3131 igitur
635 3096 705 3132 que
729 3086 982 3130 occurrebant,
1005 3091 1041 3125 61
1066 3091 1173 3136 prout
1198 3086 1301 3136 potui
1327 3084 1504 3133 complevi
1535 3095 1641 3133 opuS,
1664 3084 1762 3131 quod
1791 3083 1903 3119 offero
1922 3079 2135 3118 correctioni

355 3143 674 3180 Reverendissime
694 3143 743 3182 D.
772 3144 899 3182 Vestre
918 3158 989 3194 que
1009 3151 1066 3183 est
1083 3158 1267 3184 sacrorum
1288 3144 1543 3193 expertissime
1568 3148 1605 3181 61
1623 3143 1785 3180 omnium
1807 3142 2002 3179 dubiorum
2037 3139 2135 3175 circa

356 3202 479 3239 divina
497 3214 605 3239 verus
625 3203 831 3242 resolutor:
853 3204 919 3242 Cui
947 3206 1114 3254 supplico
1130 3206 1303 3254 dignetur
1323 3216 1367 3241 ex
1384 3215 1426 3241 eo
1446 3203 1598 3240 evellere
1624 3206 1659 3239 et
1684 3202 1890 3244 reformare,
1911 3201 2018 3248 prout
2039 3197 2137 3234 vide-

356 3261 404 3298 rit
423 3267 680 3310 opportunum,
695 3267 734 3300 ut
745 3275 788 3300 ex
810 3265 889 3312 ejus
910 3265 1132 3302 correctione
1152 3264 1403 3301 auctoritatem
1429 3261 1579 3311 recipiat
1599 3265 1634 3299 61
1651 3261 1821 3299 omnibus
1836 3259 1922 3296 utile
1942 3258 2018 3298 fiat.
2042 3272 2060 3292 »

725 3380 922 3426 Responsio
942 3381 1246 3417 Reverendissimi
1263 3377 1472 3416 Cardinalis
1492 3376 1623 3412 Sancte
1643 3376 1770 3412 Crucis
1788 3386 1795 3410 z

407 3473 425 3491 «
436 3458 648 3498 Reverende
659 3462 779 3507 Pater,
790 3461 944 3499 vidimus
957 3462 1179 3499 ordinarium
1199 3461 1309 3497 misse
1325 3458 1423 3508 quod
1440 3469 1511 3494 non
1527 3456 1605 3493 sine
1621 3455 1743 3493 labore
1755 3460 1791 3493 et
1804 3466 1936 3504 magno
1952 3453 2072 3507 fructu
2086 3463 2132 3489 ex

356 3518 517 3566 antiquis
532 3524 567 3557 et
581 3520 764 3557 modernis
779 3521 1020 3570 compilastis;
1042 3528 1078 3558 61
1095 3525 1267 3570 quantum
1282 3518 1390 3557 nobis
1408 3517 1444 3554 in
1455 3515 1616 3565 presenti
1634 3515 1800 3561 occurrit,
1816 3514 1905 3552 nihil
1918 3514 1952 3551 in
1969 3524 2010 3550 se
2023 3511 2136 3549 habet
