2228 3938
190 375 412 417 [Aout1503]
632 373 803 412 RERUM
835 358 1142 411 URBANARUM
1174 372 1525 413 COMMENTARII.
1902 378 1971 414 245

190 492 301 526 vare
330 477 585 525 indemnes
610 491 796 541 regem,
822 475 1041 540 reginam
1065 479 1111 523 et
1139 479 1399 524 oratorem.
1434 479 1645 541 Rogatus
1677 478 1766 527 fuit
1794 479 1972 528 Johan-

190 576 278 610 nes
300 560 594 619 DesideriuS,
620 559 838 609 notarius
867 574 1085 617 camere3
1113 558 1260 607 iidem
1284 564 1382 608 tres
1406 561 1680 610 cardinales
1706 562 1972 612 liberarunt

191 645 463 694 auditorem
492 659 704 703 camere,
739 642 1160 707 prothonotarium
1192 643 1250 691 de
1283 643 1559 707 Spiritibus,
1598 646 1967 707 Bernardinum,

189 729 412 777 abbatem
436 729 495 778 de
516 728 714 776 Alviano
740 732 786 775 et
809 727 1039 775 Jacobum
1063 727 1123 775 de
1144 730 1187 777 V
1190 727 1421 787 aranello,
1444 729 1670 778 abbatem
1687 731 1971 796 Cajetanum

191 812 250 860 de
282 811 557 861 carceribus
589 812 736 860 castri
773 828 812 859 s.
845 811 1014 874 Angeli
1050 813 1097 858 et
1130 811 1357 875 permissi
1391 817 1503 861 sunt
1539 813 1852 863 deambulare
1883 831 1973 879 per

191 900 404 944 castrum
424 914 435 954 ;
456 900 502 943 et
524 899 781 959 postquam
815 894 1087 942 cardinales
1122 893 1450 942 discesserunt
1478 895 1537 943 de
1570 901 1747 956 castro,
1779 897 1974 946 fuerunt

192 984 342 1028 tracte
367 979 515 1027 multe
547 979 815 1027 bombarde
850 978 985 1042 quasi
1017 980 1215 1025 centum
1247 979 1521 1027 successive
1547 979 1596 1026 in
1630 979 1824 1044 signum
1862 996 1975 1029 con-

192 1063 373 1122 cordie,
399 1068 446 1110 et
467 1062 727 1110 clamatum
751 1078 840 1126 per
863 1061 1115 1110 castellum
1143 1066 1189 1109 et
1210 1062 1423 1111 merulos
1445 1079 1454 1110 :
1488 1062 1697 1127 Colleqio
1715 1067 1731 1112 Ι
1752 1064 1975 1129 colleyz'o!

196 1146 392 1194 Clzz'esa!
411 1146 590 1194 chiesa!

258 1230 411 1279 Hodie
449 1231 614 1289 etiam,
650 1234 759 1294 post
789 1230 1062 1294 prandium,
1105 1229 1302 1294 Hispani
1333 1229 1709 1280 combusserunt
1744 1232 1976 1297 palatium

194 1315 476 1363 Ursinorum
502 1314 551 1362 in
573 1318 736 1363 monte
760 1314 988 1362 Jordano.

258 1399 345 1446 Die
377 1398 511 1457 lune,
549 1402 600 1446 21
643 1397 853 1462 augusti,
890 1397 980 1445 fuit
1012 1397 1159 1446 tertia
1197 1398 1512 1463 congregatio
1546 1399 1595 1446 in
1631 1399 1862 1461 Minerva,
1902 1401 1978 1449 cui

194 1482 513 1531 interfuerunt
563 1481 914 1546 septemdecim
961 1482 1251 1536 cardinales,
1302 1482 1526 1530 videlicet
1564 1499 1574 1531 :
1612 1484 1975 1547 Neapolitanus,

195 1565 550 1624 Ulixbonensis,
598 1556 970 1623 Recanatensis,
999 1564 1231 1628 episcopi,
1278 1565 1652 1625 Alexandrinus,
1701 1583 1738 1614 s,
1791 1568 1977 1626 Crucis,

196 1649 560 1714 Agrigentinus,
609 1649 883 1706 Grimanus,
926 1648 1230 1708 ArborensiS,
1276 1649 1586 1709 Cusentinus,
1622 1650 1976 1711 Salernitanus,

199 1732 592 1797 caputaquensis,
643 1733 703 1779 de
743 1731 916 1790 Flisco,
964 1732 1294 1795 LegionensiS,
1337 1733 1629 1797 presbyteri3
1674 1735 1905 1795 Medices,
1938 1752 1976 1784 S.

199 1815 433 1876 Severini,
459 1815 712 1864 Cesarinus
728 1814 1078 1874 etAlibrettuS,
1104 1815 1293 1863 diaconi
1312 1832 1322 1874 ;
1343 1820 1389 1864 et
1411 1817 1725 1865 commissum
1751 1818 1981 1867 cardinali

200 1900 258 1948 de
284 1900 442 1948 Flisco
476 1903 682 1947 tractare
707 1914 819 1947 cum
852 1898 1077 1946 omnibus
1102 1899 1453 1947 mercatoribus
1484 1901 1628 1948 Urbis
1664 1906 1714 1950 ut
1743 1902 1982 1951 haberent

200 1983 430 2048 pecunias
462 1998 550 2047 pro
583 1983 810 2046 gentibus
846 1986 891 2029 et
932 1982 1144 2046 exequiis
1179 1999 1324 2046 super
1358 1983 1644 2047 pignoribus
1678 2001 1767 2049 per
1802 1988 1981 2050 Papam

199 2067 405 2125 relictis3
433 2071 480 2115 et
502 2067 659 2116 lectus
693 2069 972 2115 contractus
1006 2082 1117 2114 cum
1154 2057 1416 2115 castellano
1453 2067 1666 2117 habitus.
1706 2069 1824 2117 Mihi
1855 2070 1983 2118 vide-

198 2151 340 2198 batur
372 2153 650 2199 contractus
684 2150 963 2198 tolerandus
990 2151 1119 2213 quod
1150 2151 1304 2214 prima
1336 2151 1556 2200 custodia
1591 2152 1736 2201 castri
1774 2157 1903 2202 esset
1933 2153 1982 2201 in

199 2234 422 2283 manibus
448 2234 629 2298 colligii
666 2238 718 2282 ut
750 2239 914 2298 posset
947 2250 1129 2298 ponere
1167 2235 1533 2283 contestabilem
1560 2236 1608 2283 in
1643 2241 1787 2301 gente
1821 2237 1982 2285 fienda

200 2319 281 2383 qui
316 2318 595 2377 custodiret,
638 2318 812 2366 deinde
849 2318 979 2381 quod
1010 2319 1300 2367 castellanus
1335 2334 1433 2367 non
1477 2310 1642 2383 posset
1677 2321 1870 2370 mittere
1908 2321 1983 2369 vel

204 2403 424 2451 emittere
460 2402 642 2465 aliquid
678 2402 725 2449 in
758 2406 966 2450 castrum
1001 2402 1076 2450 vel
1107 2406 1263 2461 extra;
1299 2408 1346 2451 et
1375 2403 1474 2450 dixi
1506 2404 1787 2468 hujusmodi
1823 2421 1982 2453 meam

203 2484 479 2547 opinionem
497 2485 835 2548 Neapolitano,
860 2485 1191 2545 Ulixbonensi,
1221 2502 1259 2533 s.
1287 2486 1429 2534 Cruci
1452 2490 1501 2534 et
1523 2488 1744 2536 Senensi.

271 2568 498 2631 Sepultus
525 2568 612 2615 fuit
643 2569 789 2616 hodie
821 2569 870 2616 in
899 2569 1116 2617 Minerva
1147 2570 1384 2617 Antonius
1410 2571 1762 2633 Spanocchius,
1789 2572 1985 2635 deposi-

206 2650 356 2698 tarius
383 2653 528 2714 Pape,
551 2651 631 2713 qui
656 2651 768 2699 lune
797 2651 1048 2714 preterita,
1084 2655 1141 2698 14
1165 2651 1330 2715 hujus,
1359 2652 1633 2701 infirmatus
1657 2653 1746 2702 fuit
1773 2660 1822 2701 et
1842 2659 1986 2703 nocte

206 2734 447 2797 sequenti,
473 2734 642 2782 clausit
663 2735 792 2782 diem
819 2750 958 2782 suum
985 2738 1280 2794 extremum;
1306 2735 1580 2797 requiescat
1602 2736 1650 2783 in
1665 2752 1803 2800 pace.

272 2817 377 2865 Fuit
395 2818 444 2865 in
466 2818 560 2865 hac
583 2818 959 2882 congregatione
983 2818 1178 2866 habitus
1201 2833 1406 2881 magnus
1431 2822 1666 2867 trac-tatus
1694 2820 1755 2867 de
1784 2835 1987 2869 concor-

207 2904 287 2952 dia
326 2919 436 2951 cum
472 2903 594 2950 duce
636 2901 1000 2966 [Valentinensi]
1039 2902 1120 2965 qui
1159 2917 1209 2948 se
1251 2917 1368 2965 erga
1410 2902 1668 2966 collegium
1700 2904 1987 2953 ostendebat

208 2987 411 3035 multum
439 2985 675 3034 humilem
710 2990 757 3032 et
786 2984 905 3033 velle
933 3000 1024 3048 pro
1053 2985 1183 3033 omni
1215 3000 1385 3033 eorum
1414 2985 1657 3034 voluntate
1683 2990 1730 3034 et
1758 2988 1988 3036 mandato

207 3070 384 3127 vivere,
411 3074 459 3117 et
483 3069 650 3132 jurare
682 3067 966 3116 fidelitatem
995 3067 1226 3131 collegi03
1252 3071 1301 3116 et
1327 3067 1416 3116 fuit
1439 3068 1755 3116 commissum
1780 3069 1990 3118 Pandul-

205 3152 322 3215 pho,
349 3152 538 3200 notario
560 3167 775 3210 camere,
808 3151 936 3214 quod
961 3150 1213 3215 stipularet
1246 3167 1356 3199 cum
1383 3152 1505 3200 duce
1540 3152 1918 3201 instrumentum
1940 3153 1989 3200 in

209 3243 419 3298 persona
443 3237 498 3282 D.
526 3235 718 3300 Agabiti
747 3235 807 3283 de
828 3234 1033 3294 Amelia,
1059 3235 1307 3284 secretarii
1333 3235 1421 3293 sui,
1454 3235 1585 3299 quod
1607 3237 1753 3300 juret,
1786 3241 1878 3285 etc.
1908 3236 1988 3301 (1).

260 3384 295 3419 1.
325 3397 344 3417 «
365 3382 475 3430 Copia
494 3382 530 3419 di
557 3383 685 3420 lettere
703 3387 839 3420 venuta
859 3383 906 3420 da
932 3383 1050 3420 Roma
1080 3384 1118 3419 in
1136 3388 1265 3432 questo
1285 3388 1400 3433 punto
1431 3383 1496 3420 che
1523 3383 1638 3420 siamo
1669 3384 1729 3421 adi
1748 3386 1791 3421 21
1814 3385 1992 3435 d'Agosto

218 3442 311 3480 1503
331 3440 365 3478 al
379 3441 484 3487 tardi,
506 3442 551 3478 de
570 3442 606 3478 di
625 3443 710 3479 XIX
729 3443 815 3479 data
834 3442 871 3478 in
885 3442 1002 3479 Roma
1019 3454 1041 3479 a
1062 3443 1105 3479 13
1125 3443 1228 3480 hore.
1252 3458 1269 3477 n

267 3517 287 3535 «
307 3501 444 3548 Signor
461 3500 748 3538 ambasciadore.
769 3501 819 3537 V⁸
840 3501 937 3548 Sig¹⁸²
953 3505 1066 3548 tenga
1082 3501 1117 3537 la
1137 3492 1285 3549 alligata
1306 3503 1386 3538 sino
1412 3513 1434 3539 a
1459 3502 1493 3538 la
1514 3511 1549 3539 sa
1569 3502 1648 3551 (sic)
1669 3508 1821 3552 passata
1839 3504 1874 3542 la
1893 3507 1999 3554 quale
