2228 3938
154 357 435 396 [octobre1503]
588 355 754 391 RERUM
789 352 1092 390 URBANARUM
1126 351 1476 389 COMMENTARH.
1866 356 1932 389 287

157 458 285 505 diem
313 459 574 506 crastinam
602 458 788 505 faceret
810 458 1023 503 castrum
1060 454 1260 512 doloris,
1291 456 1350 502 ad
1374 471 1651 503 mensuram
1676 461 1821 520 prout
1848 455 1935 503 suit

155 546 370 589 castrum
391 541 650 604 Alexandri
674 556 760 604 pro
786 538 961 586 eodem
982 538 1138 601 pretio
1162 538 1245 602 (1).

222 625 307 672 Die
328 625 469 688 jovis,
496 628 551 672 19
574 622 804 680 octobris,
831 621 1047 669 marchio
1072 621 1283 679 Saliceti,
1304 637 1456 684 nepos
1484 614 1627 685 Pape,
1653 624 1936 686 capitaneus

154 708 339 771 palatii,
363 708 510 756 rediit
533 708 594 756 ad
619 707 819 754 domum
837 706 988 769 patris
1005 708 1152 768 Pape,
1169 706 1287 753 olim
1302 705 1564 752 cardinalis
1587 707 1832 754 Senensis.

222 792 308 839 Die
332 792 542 850 veneris,
574 795 633 839 20
658 789 886 846 octobris,
920 789 1005 836 fuit
1041 788 1355 852 congregatio
1388 789 1436 835 in
1471 788 1648 851 palatio
1682 792 1808 852 Pape
1831 807 1936 837 om-

153 875 287 922 nium
307 875 623 922 cardinalium
639 873 903 920 volentium
919 873 1084 919 venire
1104 889 1113 930 ;
1130 878 1176 919 et
1193 872 1312 919 alias
1326 871 1602 919 ordinatum
1620 873 1751 934 quod
1767 889 1936 921 omnes

154 962 323 1020 gentes
349 957 629 1005 Ursinorum
652 955 936 1003 recederent
958 971 1017 1002 ex
1039 958 1220 1018 Burgo,
1242 958 1288 1002 et
1310 954 1440 1017 quod
1463 954 1733 1003 cardinales
1755 972 1793 1003 s.
1815 958 1936 1004 Cru-

157 1034 243 1099 cis,
270 1040 472 1098 Fliscus,
497 1040 708 1088 Medices
736 1040 784 1086 et
813 1039 1073 1086 Cesarinus
1110 1038 1389 1101 reciperent.
1420 1039 1753 1102 juramentum
1779 1039 1937 1087 tideli—

157 1125 266 1171 tatis
288 1140 315 1172 a
333 1124 599 1172 castellano
617 1139 654 1170 s.
673 1119 844 1186 Angeli
865 1121 1060 1169 nomine
1083 1121 1299 1185 collegii;
1325 1121 1455 1184 quod
1477 1121 1624 1168 iidem
1643 1122 1932 1175 cardinales,

154 1206 291 1254 finita
322 1206 716 1270 congregatione,
757 1206 817 1253 ad
856 1209 1073 1253 castrum
1098 1205 1387 1272 equitantes,
1428 1205 1488 1252 ab
1507 1220 1565 1252 eo
1602 1212 1895 1268 acceperunt
1923 1223 1932 1252 :

154 1295 353 1354 rogatus
378 1291 466 1339 fuit
486 1290 733 1343 Johannes
758 1289 1014 1347 Desiderii,
1039 1289 1257 1337 notarius
1285 1304 1499 1336 camere.

222 1374 308 1421 Die
333 1375 539 1432 sabbati,
568 1379 619 1422 21
655 1374 888 1433 octobriS,
915 1389 1039 1436 aqua
1068 1373 1266 1437 Tyberis
1287 1372 1354 1420 ita
1376 1372 1590 1420 excrevit
1611 1373 1740 1435 quod
1765 1389 1937 1421 ascen-

156 1457 298 1505 debat
330 1473 476 1521 super
515 1458 681 1506 sellam
724 1458 834 1521 equi
871 1457 1145 1517 communis
1176 1457 1303 1504 inter
1343 1456 1601 1504 ecclesiam
1647 1472 1685 1502 5.
1733 1456 1856 1503 Celsi
1890 1460 1938 1504 et

155 1540 325 1588 domos
349 1540 742 1592 bancheriorum.
770 1540 1035 1603 Oportebat
1057 1542 1315 1602 propterea
1338 1540 1516 1587 ducere
1541 1556 1692 1603 equos
1714 1543 1762 1588 et
1779 1541 1936 1588 mulos

156 1639 244 1686 per
264 1623 544 1682 ecclesiam;
568 1627 616 1671 et
638 1639 746 1687 ego,
773 1623 854 1670 illa
877 1622 974 1680 die,
999 1639 1108 1670 cum
1132 1623 1263 1670 mulo
1285 1623 1446 1685 sepius
1463 1624 1772 1685 pertransivi.
1799 1627 1935 1687 Aqua

155 1706 334 1768 incepit
366 1706 493 1752 intra
512 1706 709 1752 missam
732 1705 1036 1753 decrescere.
1071 1705 1177 1751 Fuit
1197 1705 1326 1752 dicta
1346 1706 1502 1768 prima
1533 1707 1682 1754 missa
1712 1708 1936 1770 exequia-

155 1804 264 1835 rum
300 1788 450 1835 felicis
477 1789 828 1836 recordationis
856 1788 924 1835 Pii
949 1803 1074 1850 pape
1110 1790 1188 1845 ΙΙΙ,
1210 1804 1356 1850 quam
1381 1789 1645 1838 celebravit
1665 1791 1714 1837 in
1735 1791 1937 1839 basilica

156 1888 194 1918 s.
222 1873 347 1920 Petri
380 1873 638 1920 cardinalis
680 1888 718 1918 5.
767 1870 899 1917 Petri
930 1869 988 1916 ad
1032 1870 1253 1919 Vincula.
1296 1872 1624 1920 Interfuerunt
1662 1874 1935 1921 cardinales

155 1956 451 2019 quindecim,
499 1957 720 2004 videlicet
747 1972 757 2002 :
786 1955 1140 2010 UlixbonensiS,
1185 1956 1547 2015 Recanatensis,
1598 1972 1636 2003 s.
1683 1958 1932 2016 Praxedis,

154 2039 526 2099 Alexandrinus,
562 2057 600 2087 s.
635 2040 818 2097 Crucis,
860 2038 1226 2102 Agrigentinus,
1260 2038 1539 2097 Grimanus,
1569 2041 1843 2100 Cesarinus,
1878 2042 1935 2089 de

155 2124 382 2171 Farnesio
398 2129 446 2171 et
466 2124 524 2171 de
546 2123 804 2171 Alibretto.
830 2124 945 2169 Post
966 2121 1166 2168 missam
1188 2121 1500 2170 absolverunt
1524 2139 1635 2171 cum
1657 2124 1935 2173 celebrante

156 2206 510 2266 Ulixbonensis‚
549 2224 587 2254 5.
635 2206 885 2262 Praxedis,
922 2205 1278 2252 Alexandrinus
1315 2208 1364 2253 et
1402 2222 1439 2252 S.
1484 2209 1669 2255 Crucis.
1714 2210 1820 2256 Non
1848 2208 1934 2256 fuit

155 2290 324 2348 oratio,
350 2291 462 2353 quia
483 2293 538 2338 D.
565 2291 759 2353 Crispus
782 2290 862 2352 qui
885 2305 993 2336 eam
1012 2293 1112 2335 erat
1134 2288 1366 2348 facturus,
1388 2306 1485 2337 non
1507 2291 1594 2337 fuit
1615 2291 1673 2338 ad
1688 2291 1783 2339 hoc
1801 2308 1936 2339 reso-

154 2374 299 2432 lutus,
337 2374 422 2421 sed
456 2374 695 2422 ordinavit
730 2389 836 2421 eam
864 2372 968 2419 fieri
1008 2388 1094 2435 pro
1129 2372 1297 2419 ultima
1336 2373 1413 2420 die
1454 2375 1788 2436 exequiarum.
1827 2377 1938 2423 Cas-

156 2461 286 2504 trum
321 2457 520 2514 doloris,
549 2457 719 2515 lectus,
755 2456 1019 2512 credentia,
1062 2455 1307 2502 intorticia
1341 2472 1394 2503 ac
1434 2457 1599 2505 omnia
1623 2458 1718 2505 alia
1738 2458 1938 2506 ⁴fuerunt

156 2541 279 2587 sicut
311 2540 470 2603 prima
501 2540 577 2587 die
621 2539 933 2601 exequiarum
971 2538 1237 2585 Alexandri·
1260 2541 1342 2597 Vl,
1382 2546 1584 2603 excepto
1623 2543 1752 2604 quod
1789 2559 1937 2605 super

156 2624 282 2671 lecto
304 2623 497 2670 fuerunt
522 2626 729 2685 quatuor
754 2621 934 2669 cussini
966 2621 1025 2668 de
1062 2621 1266 2678 taffetta,
1294 2621 1387 2668 duo
1414 2614 1480 2669 ad'
1497 2628 1642 2686 caput
1675 2628 1722 2672 et
1755 2626 1852 2672 duo
1878 2627 1938 2673 ad

157 2708 306 2770 pedes
342 2710 391 2755 et
412 2711 622 2769 quatuor
653 2705 862 2753 flabella.
899 2704 1179 2751 Cardinales
1206 2704 1328 2751 Galli
1363 2708 1411 2751 et
1451 2705 1649 2767 Hispani
1678 2707 1939 2757 noluerunt

154 2790 318 2854 venire
343 2791 404 2838 ad
430 2790 674 2852 exequias,
703 2789 971 2836 asserendo
995 2803 1093 2835 non
1120 2788 1302 2835 habere
1329 2792 1486 2836 tutum
1510 2804 1761 2837 accessum
1788 2807 1937 2856 prop-

157 2880 230 2920 ter
273 2876 442 2937 gentes
492 2873 625 2920 Pauli
670 2871 892 2920 Perusini
938 2877 984 2918 et
1034 2871 1326 2918 Ursinorum
1361 2871 1409 2917 in
1446 2873 1607 2935 Burgo
1653 2874 1932 2923 existentes.

157 2957 351 3004 Funesti
376 2957 575 3004 fuerunt
604 2955 819 3019 episcopi
860 2954 1186 3012 Zamorensis,
1223 2955 1503 3013 Saonensis,
1547 2955 1939 3019 Biscignanensis

158 3043 206 3087 et
240 3040 477 3099 datarius;
507 3044 616 3103 post
649 3055 732 3086 eos
759 3041 857 3086 DD.
898 3038 1108 3086 Jacobus
1134 3044 1180 3085 et
1213 3038 1447 3096 Andreas,
1476 3039 1654 3103 fratres
1687 3042 1816 3104 Pape
1853 3042 1940 3089 de-

157 3122 325 3181 functi,
355 3127 403 3170 et
427 3123 506 3170 alii
533 3123 688 3170 vestiti
717 3122 916 3185 triginta
947 3121 1022 3169 vel
1046 3122 1200 3178 circa;
1223 3125 1270 3169 et
1305 3121 1385 3169 alii
1421 3123 1636 3170 nondum
1665 3124 1943 3173 habuerunt

206 3235 238 3269 Ι.
269 3249 286 3267 «
306 3230 435 3282 ...pro
468 3235 595 3271 eodem
613 3233 755 3282 preti03
787 3233 885 3280 quod
915 3244 987 3268 non
1020 3232 1087 3269 fuit
1113 3233 1350 3273 conveniens,
1372 3233 1460 3282 quia
1481 3237 1569 3270 tunc
1590 3241 1665 3271 erat
1688 3235 1874 3284 obligatus
1896 3238 1943 3274 ad

155 3293 361 3330 faciendum
381 3305 528 3331 scamna
549 3305 612 3341 pro
631 3293 727 3329 mille
754 3297 899 3329 centum
928 3292 1094 3340 personis
1124 3297 1160 3328 et
1186 3293 1294 3329 modo
1323 3304 1387 3340 pro
1408 3293 1574 3329 ducentis
1611 3294 1891 3342 quinquaginta.
1923 3311 1942 3328 »

157 3351 263 3389 Cette
284 3358 474 3400 remarque
489 3353 552 3400 qui
570 3353 666 3390 n'est
685 3353 826 3389 donnee
848 3363 918 3399 que
938 3363 1003 3399 par
1030 3351 1062 3387 le
1087 3363 1181 3389 ms5.
1204 3352 1248 3388 de
1276 3352 1462 3397 Florence,
1488 3364 1509 3388 a
1529 3365 1616 3389 sans
1640 3353 1749 3390 doute
1770 3357 1826 3390 ete
1849 3355 1941 3391 mise

158 3422 204 3447 en
226 3423 351 3459 marge
374 3423 437 3459 par
462 3412 565 3448 Paris
585 3413 630 3448 de
651 3411 798 3448 Grassis
816 3423 880 3447 sur
899 3411 932 3446 le
951 3422 1042 3447 mss.
1064 3410 1222 3460 original
1238 3411 1283 3447 de
1301 3412 1490 3449 Burchard
1511 3417 1547 3449 et
1562 3412 1679 3462 jointe
1698 3424 1745 3449 au
1765 3424 1871 3464 corps
1889 3413 1939 3450 du

156 3471 256 3507 texte
278 3482 344 3519 par
368 3471 399 3507 le
419 3471 578 3518 copiste.
