2228 3938
297 355 367 391 264
735 393 744 397 ,
904 351 1136 388 JOHANNIS
1170 349 1465 396 BURCHARD1‚
1730 351 1955 399 [Septembre
1981 355 2074 394 1503]

299 471 429 504 mam
455 456 654 503 missam
679 454 995 516 exequiarum
1024 454 1138 517 quia
1165 454 1327 501 nullus
1366 453 1711 517 episcoporum
1749 454 2072 504 cardinalium

296 539 447 586 voluit
472 538 754 585 celebrare:
785 539 894 599 post
922 537 1139 596 missam,
1170 537 1526 584 absolutionem
1551 536 1791 584 dederunt
1815 553 1852 584 s.
1883 538 2070 598 Crucis,

295 620 606 678 Arborensis,
629 620 924 669 Volteranus
949 622 997 666 et
1020 620 1079 666 de
1105 619 1262 667 Flisco
1283 636 1292 666 ε
1320 619 1411 667 alia
1436 619 1630 666 fuerunt
1655 619 1819 667 omnia
1843 622 1895 667 ut
1917 620 2076 683 prima

295 703 392 762 die,
419 706 624 766 excepto
656 702 787 765 quod
812 717 922 749 cum
951 701 1197 749 diceretur
1215 702 1441 749 ultimum
1466 701 1855 764 responsorium,
1887 702 2076 765 pedites

295 786 512 834 custodie
545 785 712 848 palatii
747 787 1021 848 rapuerunt
1057 800 1165 832 cum
1209 801 1385 849 magno
1422 785 1589 832 furore
1627 784 1894 832 intorticia.
1933 788 2077 833 Juxta

295 873 508 917 castrum
532 868 625 916 vidi
648 868 844 916 circiter
867 867 1035 932 viginti
1054 883 1224 915 manus
1244 868 1304 915 ad
1323 883 1471 915 unum
1486 867 1786 915 intorticium
1806 883 2071 930 apponere,

294 958 340 1000 et
361 968 451 1016 pro
486 952 567 999 diu
594 951 909 1008 contendere;
947 951 1110 1013 itaque
1134 951 1296 998 nullus
1324 966 1495 999 eorum
1517 950 1668 999 voluit
1695 951 1943 1014 deponere
1971 966 2077 998 ma—

293 1051 412 1094 nus3
438 1035 602 1082 nescio
627 1034 847 1096 qualiter,
883 1034 1081 1082 tandem
1117 1033 1236 1080 illud
1268 1033 1588 1081 demiserunt.
1631 1035 1866 1081 Cursores
1896 1049 2076 1097 rapue-

292 1122 408 1166 runt
433 1118 624 1166 flabella
647 1123 694 1164 et
715 1117 951 1175 cussinos,
979 1132 1237 1164 sacconem
1263 1133 1360 1164 non
1377 1119 1644 1179 potuerunt
1663 1116 1872 1176 habere;
1893 1117 1977 1164 sed
2002 1133 2078 1164 ca-

292 1201 454 1249 nonici
480 1205 777 1270 acceperunt
793 1200 951 1262 ipsum
968 1200 1231 1263 contrajus
1251 1218 1258 1246 :
1289 1199 1618 1247 interfuerunt
1642 1200 1811 1247 decem
1835 1203 1882 1247 et
1903 1215 2075 1248 novem

293 1284 584 1332 cardinales
628 1287 739 1332 Post
784 1283 999 1342 missam,
1043 1283 1129 1330 suit
1170 1283 1488 1346 congregatio
1523 1283 1570 1329 in
1615 1282 1854 1341 sacristia,
1895 1283 1945 1330 in
1985 1299 2077 1346 qua

292 1370 554 1415 tractatum
579 1370 651 1414 est
676 1367 735 1414 de
771 1366 971 1413 introitu
1008 1366 1251 1414 conclavis
1284 1371 1330 1412 et
1365 1366 1650 1413 conclusum
1677 1366 1816 1428 ⁴quod
1840 1365 1915 1413 die
1950 1382 2078 1413 cras-

292 1450 395 1498 tina
425 1450 627 1509 intrent,
665 1450 703 1497 si
742 1451 835 1497 erit
861 1454 1085 1513 paratum
1121 1453 1169 1496 et
1197 1449 1477 1513 stipendarii
1518 1449 1633 1496 dicti
1671 1449 1846 1496 Montis
1883 1449 2077 1512 Regalis

293 1538 406 1580 ets.
441 1533 657 1580 Severini
689 1533 1015 1580 commissarii
1046 1533 1270 1579 videlicet
1309 1548 1399 1594 pro
1439 1532 1659 1580 custodia
1695 1532 1934 1580 conclavis
1966 1535 2077 1579 sunt

293 1615 459 1663 soluti.
487 1615 817 1662 Interfuerunt
837 1614 1113 1679 hujusmodi
1137 1614 1504 1678 congregationi
1528 1615 1915 1676 Rotomagensis‚
1939 1614 2079 1677 Agri-

294 1698 474 1760 gensis,
519 1698 778 1758 Ascanius,
826 1715 865 1745 s.
909 1698 1149 1756 Severini,
1191 1698 1462 1760 Aragonia,
1497 1698 1555 1744 de
1592 1696 1831 1744 Alibretto
1869 1701 1917 1744 et
1956 1698 2078 1743 Bor-

293 1781 388 1844 gia.
438 1781 674 1844 Proposui
714 1782 763 1828 in
806 1781 1047 1845 principio
1091 1780 1483 1845 congregationis
1532 1780 1709 1827 debere
1753 1779 1976 1843 deputari
2020 1779 2079 1826 ad

295 1865 585 1923 secundam,
625 1865 817 1912 tertiam
862 1868 909 1913 et
956 1868 1181 1928 quartam
1219 1864 1488 1912 custodiam
1533 1863 1776 1911 conclavis
1819 1864 2071 1923 custodes,

293 1950 440 2010 prout
461 1947 509 1994 in
531 1948 703 1995 cedula
723 1932 869 2010 quam
890 1947 986 2010 legi
1006 1966 1014 1994 :
1040 1948 1326 2011 placuerunt
1351 1947 1588 1995 nominati
1613 1950 1660 1994 et
1679 1946 1974 1994 remiserunt
1997 1961 2075 1993 me

294 2030 355 2076 ad
380 2029 703 2076 camerarium
739 2030 866 2092 quod
900 2030 981 2077 ille
1012 2029 1324 2078 concluderet
1355 2032 1402 2076 et
1429 2029 1611 2076 faceret
1642 2029 1756 2092 poni
1781 2033 1965 2076 sortem
1991 2044 2073 2076 ca—

294 2112 458 2159 meris.
488 2112 934 2161 Vicecancellarius
967 2112 1156 2175 rogavit
1184 2112 1295 2159 addi
1325 2112 1607 2175 episcopum
1645 2112 1939 2169 Gallensem,
1968 2111 2074 2158 Gri-

294 2209 466 2257 manus
495 2194 778 2257 episcopum
804 2194 1080 2241 Roffensem
1107 2198 1153 2241 et
1179 2211 1216 2240 s.
1248 2194 1476 2241 Praxedis
1502 2193 1782 2256 episcopum
1810 2193 2077 2241 Crotonen-

296 2292 417 2340 sem,
443 2277 572 2339 quod
601 2278 744 2325 retuli
782 2277 1069 2336 camerario,
1106 2277 1181 2324 cui
1216 2276 1401 2340 placuit
1437 2276 1546 2323 addi
1581 2278 1958 2333 Crotonensem3
1994 2275 2074 2322 alii

298 2360 392 2408 duo
415 2376 513 2407 non
532 2361 822 2423 placuerunt
846 2364 893 2408 et
918 2361 966 2408 in
990 2360 1238 2424 presentia
1260 2360 1519 2407 camerarii
1544 2359 1766 2423 deputavi
1789 2362 1804 2405 1
1827 2374 2074 2406 cameram

298 2443 406 2501 sibi,
428 2446 486 2491 38
511 2444 728 2502 Senensi,
752 2444 1160 2507 lONeapolitano,
1189 2448 1213 2490 7
1239 2447 1601 2500 Beneventano,
1624 2442 1714 2490 alie
1736 2458 1904 2489 omnes
1927 2441 2073 2489 divise

297 2531 407 2573 sunt
433 2530 581 2585 sorte,
611 2530 758 2590 prout
792 2528 915 2574 infra
943 2527 1176 2586 habetur;
1209 2530 1419 2590 excepto
1453 2527 1582 2589 quod
1615 2542 1726 2573 cum
1757 2530 1889 2573 sorte
1918 2524 2075 2572 conti-

297 2609 449 2672 gisset
476 2625 675 2657 camera
709 2613 766 2658 37
796 2610 1026 2659 cardinali
1069 2627 1106 2658 s.
1154 2609 1403 2668 Praxedis,
1441 2615 1489 2657 et
1534 2612 1593 2657 23
1630 2608 1862 2656 cardinali
1898 2607 2074 2655 Montis

296 2693 505 2755 Regalis,
550 2694 732 2741 mutavi
771 2694 994 2742 cedulam
1037 2694 1214 2741 Montis
1249 2693 1440 2757 Regalis
1474 2694 1522 2740 in
1557 2709 1595 2740 s.
1633 2691 1866 2739 Praxedis
1896 2694 1943 2738 et
1971 2689 2073 2738 vice

293 2792 429 2835 versa
451 2793 488 2823 s.
517 2778 744 2825 Praxedis
763 2778 812 2824 in
832 2778 1008 2825 Montis
1028 2778 1236 2841 Regalis,
1266 2793 1326 2825 ne
1349 2777 1449 2840 ipse
1472 2793 1510 2824 s.
1541 2775 1774 2824 Praxedis
1798 2775 1879 2838 qui
1903 2789 2074 2837 expec-

292 2859 425 2906 tabat
448 2860 615 2923 papari
639 2864 769 2908 esset
786 2861 923 2924 juxta
946 2863 1211 2908 Senensem
1231 2877 1241 2908 :
1273 2863 1330 2908 23
1354 2859 1633 2923 hujusmodi
1666 2873 1860 2906 camera
1882 2862 1984 2904 erat
2023 2855 2071 2902 in

293 2942 413 2989 solio
436 2945 565 3005 Pape
593 2943 673 2991 ubi
697 2944 836 2991 sedes
860 2943 1045 3006 papalis
1065 2943 1188 2990 solet
1212 2943 1439 2991 collocari
1462 2942 1542 3007 (1).

358 3024 531 3072 Divisio
557 3041 869 3073 camerarum
894 3026 1149 3073 conclavis.

357 3107 705 3169 Neapolitanus
736 3112 816 3166 103
843 3125 880 3155 s.
910 3109 1038 3155 Petri
1065 3108 1124 3155 ad
1155 3107 1352 3157 Vincula
1393 3109 1471 3164 13;
1500 3103 1837 3152 Ulixbonensis
1865 3108 1949 3162 173
1975 3107 2068 3151 Re-

292 3190 566 3236 canatensis
590 3193 673 3248 243
700 3192 1066 3238 Beneventanus
1091 3195 1142 3249 7;
1170 3188 1462 3253 sspPraxedis
1485 3190 1568 3245 233
1593 3186 1953 3262 Alexandrinus
1981 3191 2062 3244 14;

293 3288 329 3317 s.
357 3272 520 3319 Crucis
544 3276 593 3331 2;
615 3273 962 3336 Agrigentinus
984 3277 1035 3331 8;
1061 3273 1316 3319 Grimanus
1340 3274 1396 3318 32
1417 3287 1426 3330 ;
1453 3270 1820 3332 Rotomagensis
1839 3272 1894 3328 63
1918 3270 2068 3317 Arbo—

340 3399 371 3432 1.
402 3397 499 3444 Voy.
520 3408 611 3444 pour
625 3400 707 3433 tous
723 3396 775 3432 les
790 3398 1020 3432 evenements
1037 3395 1097 3443 qui
1112 3395 1346 3443 precederent
1359 3399 1393 3431 et
1408 3393 1581 3430 suivirent
1592 3393 1626 3429 la
1641 3398 1733 3429 mort
1744 3393 1986 3430 d‘Alexandre
2001 3394 2064 3433 vl.

295 3455 346 3490 les
368 3456 546 3503 slepeches
573 3456 617 3491 de
640 3454 878 3493 Giustiniani.
