2210 3944
295 375 339 410 48
886 372 1120 409 JOHANNIS
1156 371 1451 415 BURCHARDI,
1876 370 1960 411 [Mai
1983 372 2079 412 1500]

296 480 439 540 atque
461 475 605 523 terris
626 475 907 536 Germanie,
934 476 1196 539 Hungarie,
1222 474 1437 532 Polonie,
1464 471 1649 519 Creatie
1673 477 1720 519 et
1742 470 1845 518 aliis
1875 471 1944 518 eis
1964 471 2074 519 fini-

300 560 445 618 timis,
470 575 526 607 ac
553 558 792 607 carissimi
822 559 871 606 in
898 559 1091 607 Christo
1120 559 1202 606 filii
1230 556 1383 606 nostri
1410 554 1725 603 Maximiliani
1748 557 2076 603 Romanorum

299 643 426 706 regis
452 641 592 690 lllmi.
621 642 852 706 subjectis
875 642 1062 691 inferre
1083 658 1180 690 non
1202 645 1530 698 cessaverunt,
1555 640 1602 687 in
1628 639 1889 687 maximam
1921 639 2077 687 divine

300 725 568 788 maJestatis
590 729 639 772 et
660 725 1011 773 catholicorum
1032 741 1203 789 regum
1227 729 1273 773 et
1291 723 1563 787 principum
1585 721 1888 784 aliorumque
1903 721 2078 770 Christi

302 807 518 856 fidelium
555 806 899 870 ignominiam,
929 808 1139 856 dedecus
1179 812 1226 855 et
1252 809 1495 870 jacturam
1522 805 1600 870 (1).
1635 808 1749 865 Nos,
1787 806 1918 854 Illius
1952 805 2079 853 vices

303 894 529 954 gerentes
557 889 603 936 in
642 889 780 937 terris
806 889 906 952 qui,
930 906 1016 954 pro
1038 891 1205 938 mundi
1228 891 1397 950 salute,
1425 891 1483 939 de
1506 906 1694 938 summo
1718 889 1934 937 celorum
1959 889 2079 937 solio

302 974 364 1021 ad
384 973 482 1020 ima
502 971 822 1032 descendenS,
845 987 1040 1020 carnem
1061 973 1324 1021 humanam
1347 989 1597 1022 assumere
1623 979 1669 1021 et
1694 978 1901 1022 mortem
1921 972 2081 1020 subire

302 1071 401 1105 non
421 1055 626 1115 horruit,
651 1060 930 1118 repetentes
955 1057 1133 1118 animo,
1156 1072 1253 1105 non
1289 1058 1392 1106 sine
1419 1057 1631 1105 maxima
1663 1057 1821 1105 cordis
1850 1056 2081 1104 amaritu-

303 1139 432 1198 dine,
458 1137 588 1201 quod
604 1137 931 1186 sacratissime
947 1138 1280 1200 patriarcales,
1300 1141 1670 1204 metropolitane
1690 1145 1737 1188 et
1757 1139 2077 1199 cathedrales,

303 1222 490 1284 alieque
513 1220 727 1285 insignes
747 1220 951 1269 ecclesie
972 1237 1096 1284 pene
1118 1223 1374 1272 innumere
1404 1240 1459 1271 ac
1490 1224 1740 1287 utriusque
1769 1239 1912 1270 sexus
1940 1237 2083 1286 regu-

302 1305 476 1353 larium
509 1319 830 1369 personarum
870 1306 1179 1366 monasteria,
1213 1307 1419 1356 cenobia
1454 1311 1498 1356 et
1526 1307 1604 1371 pia
1627 1307 1736 1354 loca
1763 1305 2012 1370 profanata
2038 1311 2085 1353 et

306 1388 509 1438 deformi
545 1389 681 1438 ruine
716 1390 948 1454 subjecta,
985 1392 1209 1455 quodque
1248 1398 1551 1453 ornamenta,
1597 1409 1766 1442 cruces
1800 1396 1847 1441 et
1885 1391 2080 1449 caliceS,

309 1472 496 1535 aliaque
536 1471 705 1520 divinis
734 1473 964 1537 deputata
996 1474 1290 1536 ministeriis,
1317 1477 1525 1525 conflata
1557 1481 1605 1526 et
1638 1477 1902 1533 destructa,
1938 1478 2081 1536 atque

310 1555 455 1619 (quod
471 1554 826 1603 lamentabilius
847 1556 932 1622 est)
956 1562 1233 1606 sanctorum
1255 1560 1527 1609 veneranda
1557 1576 1763 1624 corpora
1789 1562 1836 1607 et
1866 1558 2081 1621 ipsorum

310 1654 450 1687 sacre
471 1638 676 1701 reliquie
696 1640 995 1700 conculcate,
1018 1656 1072 1689 ac
1094 1642 1223 1704 quod
1244 1642 1483 1691 innumeri
1506 1659 1648 1691 sexus
1671 1643 1918 1704 utriusque
1934 1640 2083 1689 chris-

306 1722 423 1770 tiani
445 1722 612 1770 fideles
634 1721 693 1769 ad
715 1721 991 1770 damnatam
1012 1723 1389 1772 mahometicam
1412 1729 1592 1773 sectam
1615 1725 1704 1772 sub
1725 1724 1829 1772 dira
1857 1721 2082 1770 servitute

308 1805 544 1870 compulsi
571 1805 785 1864 fuerunt,
812 1810 859 1853 et
890 1806 981 1853 nisi
1015 1823 1102 1870 per
1129 1808 1395 1857 catholicos
1424 1824 1564 1873 reges
1593 1813 1639 1857 et
1672 1808 1917 1872 principes
1954 1809 2082 1854 tante

306 1889 490 1938 insanie
513 1892 742 1951 tantoque
767 1886 922 1934 furori
945 1888 1169 1936 celeriter
1185 1895 1490 1950 occurratur,
1515 1891 1703 1954 majora
1721 1890 1769 1938 in
1803 1889 1906 1938 dies
1935 1887 2083 1936 detri-

306 1976 470 2021 menta
494 1970 816 2020 verisimiliter
847 1976 1162 2034 perventura3
1197 1972 1545 2036 cupientesque
1582 1988 1671 2036 pro
1713 1972 1931 2036 ejusdem
1970 1969 2083 2018 fidei

307 2055 587 2104 defensione
607 2059 654 2103 et
672 2054 1054 2103 christianorum
1076 2055 1227 2104 salute
1255 2055 1333 2120 (2),
1358 2072 1455 2103 non
1485 2057 1639 2104 solum
1660 2060 1853 2105 nostras
1877 2059 1924 2104 et
1954 2053 2082 2102 sedis

307 2139 570 2204 apostolice
603 2138 854 2187 facultates
885 2143 1048 2187 nostre
1083 2139 1385 2202 dispositioni
1418 2139 1478 2204 (3)
1502 2139 1786 2187 commissas
1815 2154 2077 2202 exponere,

304 2224 389 2273 sed
408 2223 730 2288 personaliter
752 2221 913 2287 (prout
926 2223 1029 2287 jam
1057 2222 1296 2285 aliquibus
1325 2223 1575 2271 catholicis
1603 2223 1802 2288 regibus
1826 2226 1873 2271 et
1897 2221 2081 2286 princi-

303 2307 442 2372 pibus
462 2323 549 2371 per
571 2306 784 2354 diversas
806 2309 997 2353 nostras
1018 2305 1205 2353 litteras
1229 2305 1618 2371 significavimus)
1639 2307 1677 2353 si
1712 2306 1968 2354 nobiscum
2000 2321 2081 2353 ac-

306 2390 478 2437 cedere
502 2389 738 2437 voluerint
763 2405 859 2436 una
881 2404 991 2437 cum
1023 2404 1159 2436 sacro
1190 2389 1538 2437 venerabilium
1567 2390 1770 2437 fratrum
1802 2392 2082 2437 nostrorum

308 2476 474 2520 sancte
498 2476 714 2521 Romane
736 2472 941 2521 ecclesie
970 2472 1287 2520 cardinalium
1316 2473 1547 2537 collegio,
1572 2473 1652 2537 qui
1684 2489 1733 2520 se
1764 2473 1911 2520 etiam
1946 2473 2006 2520 ad
2033 2470 2081 2523 id

307 2572 392 2620 pro
421 2572 590 2603 eorum
617 2556 698 2620 pia
724 2556 772 2603 in
800 2556 1118 2603 christianam
1147 2555 1431 2619 religionem
1459 2555 1712 2603 devotione
1741 2559 1912 2620 sponte
1940 2555 2083 2604 obtu-

306 2638 483 2698 lerunt,
507 2639 556 2686 in
577 2640 671 2687 hac
690 2638 1019 2688 sacratissima
1040 2642 1087 2686 et
1108 2639 1478 2702 pernecessaria
1499 2639 1805 2703 expeditione
1827 2640 2079 2698 accedere,

310 2726 357 2770 et
389 2722 640 2787 proprium
672 2722 958 2787 sanguinem
992 2723 1266 2782 effundere,
1293 2723 1331 2770 si
1366 2739 1487 2786 opus
1507 2722 1671 2781 fuerit;
1697 2726 1744 2770 et
1768 2722 1999 2786 quoniam
2021 2723 2081 2770 ad

311 2808 495 2853 tantam
525 2805 594 2853 rei
624 2805 804 2853 molem
835 2805 1199 2868 perficiendam,
1224 2808 1392 2853 nostre
1427 2808 1475 2852 et
1511 2805 1729 2868 ejusdem
1757 2805 1963 2852 ecclesie
1984 2821 2080 2853 non

313 2891 574 2952 suppetunt
600 2888 873 2948 facultateS‚
892 2888 1108 2936 volentes
1136 2905 1222 2952 pro
1258 2888 1436 2936 viribus
1464 2888 1577 2936 huic
1610 2888 1917 2936 sanctissimo
1944 2888 2080 2952 operi

313 2970 389 3034 (ne
409 2971 502 3018 alia
523 2971 752 3030 dominia,
771 2987 942 3035 regna,
961 2971 1252 3034 provincias,
1277 2971 1497 3019 civitates
1518 2971 1688 3019 etloca
1702 2971 2082 3020 christianorum

362 3128 396 3166 1.
423 3127 520 3166 Telle
540 3133 596 3166 est
617 3127 652 3166 la
671 3129 773 3175 leqon
795 3129 838 3166 de
859 3134 941 3166 tons
967 3127 1020 3166 les
1040 3141 1143 3173 mss„
1173 3130 1256 3167 saut
1273 3129 1304 3167 te
1327 3130 1420 3168 1516
1441 3131 1501 3178 qui
1529 3130 1649 3168 donne
1669 3129 1700 3167 le
1722 3133 1822 3167 texte
1841 3128 1886 3165 de
1906 3126 2050 3165 Riualdi
2073 3139 2081 3166 ε

313 3204 330 3221 «
413 3187 450 3224 in
470 3186 663 3225 maximam
678 3188 808 3225 divinae
829 3188 1029 3236 majestatis
1049 3189 1238 3235 offensam,
1258 3195 1419 3227 nostram
1440 3195 1475 3227 et
1495 3189 1759 3227 Catholicorum
1779 3199 1910 3236 regum
1932 3192 1967 3224 et
1987 3187 2083 3236 prin-

316 3248 437 3295 cipum
463 3247 687 3295 aliorumque
712 3247 848 3284 Christi
877 3247 1037 3284 fidelium
1068 3248 1350 3296 ignominiosum
1376 3250 1533 3286 dedecus
1557 3253 1593 3286 et
1613 3249 1808 3297 jacturam.
1840 3261 1859 3280 υ
1888 3246 1933 3284 Τ.
1967 3248 2081 3293 ΧΧΧ,

314 3318 351 3355 p.
373 3308 455 3344 309.

359 3366 397 3401 2.
419 3363 481 3401 Tel
502 3368 558 3401 est
576 3363 609 3402 le
631 3367 729 3402 texte
749 3365 798 3402 du
818 3376 912 3404 mss,
940 3365 1043 3411 1516,
1069 3365 1186 3402 13737
1213 3370 1250 3403 et
1270 3365 1315 3403 de
1337 3365 1497 3403 Rinaldi:
1522 3366 1552 3403 le
1573 3365 1680 3414 Chigi
1701 3370 1736 3403 et
1755 3366 1787 3404 le
1806 3367 1874 3404 150
1892 3367 2054 3410 donnent
2075 3376 2084 3402 :

314 3441 331 3458 «
355 3423 616 3473 cupientesque
636 3424 801 3472 ejusdem
821 3423 905 3460 fidei
927 3423 1172 3461 defensionem
1191 3429 1227 3461 et
1249 3424 1537 3462 Christianorum
1558 3426 1724 3462 salutem.
1748 3441 1766 3459 »

348 3485 396 3522 ⁷3.
425 3497 443 3520 α
462 3483 727 3533 dispensationi
748 3498 782 3523 »‚
805 3483 897 3521 Mss.
919 3483 1024 3528 5161,
1043 3483 1149 3521 5162.
