2228 3938
289 404 358 440 134-
903 407 1134 446 ,IOHANNIS
1168 406 1461 453 BURCHARDI,
1864 412 1947 453 [Mal
1969 415 2063 455 15⁰1]

323 526 327 534 Δ
353 510 442 554 Pro
468 508 738 557 elevatione
763 511 1056 558 sacramenti
1074 511 1122 558 in
1144 510 1302 559 missis
1328 511 1483 560 bassis
1498 549 1665 560 .....
1696 516 1706 560 “.
1739 550 1748 561 .
1782 549 1790 559 .
1822 549 1831 559 .
1861 550 1871 560 .
1889 515 1910 561 ’.
2016 531 2065 563 iv

353 592 581 652 Gratum,
614 592 906 641 intortitium
917 631 1914 644 ..........................
2051 614 2064 645 1

351 674 566 722 Sacriste
593 677 722 739 Pape
743 713 1906 727 ............................
2050 696 2062 727 1

351 759 553 821 Regenti
580 759 874 807 cancellarie
903 798 1910 810 ........................
2051 762 2064 793 ¹

349 843 545 891 Custodi
571 843 866 891 cancellarie
875 881 1910 895 .........................
2050 863 2061 894 1

349 926 681 974 Servientibus
697 942 950 975 armorum
959 967 1909 978 .......................
2049 946 2061 976 ι

350 1010 521 1058 Omnia
544 1011 828 1074 supradicta
853 1011 1104 1060 intorlicia
1129 1016 1341 1076 quatuor
1365 1012 1604 1059 librarum
1632 1028 1722 1076 pro
1746 1013 1980 1076 quolibet.

291 1198 293 1200 Ι
349 1094 577 1196 Ejjusdcrn
603 1093 761 1141 facule
792 1134 1103 1143 ........
1184 1105 1312 1235 7ΧΧνέ
1356 1138 1495 1185 unius
1516 1137 1641 1186 libre
1662 1137 1876 1201 quelibet

351 1178 643 1225 cantoribus
668 1180 795 1242 Pape
838 1217 1103 1226 .......
1166 1193 1281 1227 xxlv

347 1260 594 1326 Magistris
619 1261 883 1309 ostiariis..
920 1302 927 1309 .
963 1302 970 1310 .
1004 1302 1012 1310 .
1046 1302 1054 1310 .
1089 1302 1097 1310 .
1202 1278 1283 1311 xv1
1360 1304 1648 1352 uniuslibre
1708 1305 1890 1353 uelibet

348 1344 639 1394 Cursoribus
656 1349 785 1410 Pape
793 1386 1102 1395 ........
1204 1274 1314 1405 xm}
1673 1321 1703 1369 q

343 1429 635 1479 Custodibus
662 1434 803 1493 porte
829 1431 1006 1478 ferree.
1043 1470 1050 1478 .
1086 1470 1093 1478 .
1267 1448 1282 1480 1

290 1503 292 1506 ’
348 1513 640 1560 Custodibus
665 1513 824 1576 prime
846 1517 1005 1576 porte,
1040 1553 1048 1561 .
1084 1553 1091 1561 .
1231 1463 1312 1563 lui
1356 1515 1516 1563 medie
1541 1515 1666 1562 libre

351 1596 644 1643 Custodibus
664 1595 796 1643 horti
823 1598 1018 1644 secreti.
1054 1636 1062 1645 .
1097 1636 1105 1645 .
1248 1560 1312 1654 11)

349 1678 556 1726 Cuilibet
582 1679 918 1741 parafrenario
946 1681 1027 1728 SS.
1059 1683 1114 1729 D.
1147 1683 1201 1729 N.
1231 1684 1360 1745 Pape
1386 1683 1434 1727 et
1464 1679 1785 1727 cardinalium
1817 1718 1825 1727 .
1858 1718 1866 1727 .
1901 1718 1910 1727 .
2015 1696 2065 1728 111

347 1765 441 1810 Pro
465 1761 683 1825 quolibet
710 1762 947 1811 cardinali
975 1763 1187 1812 faculam
1214 1780 1361 1812 unam
1384 1762 1543 1811 medie
1566 1762 1708 1823 libre,
1737 1778 1830 1826 que
1861 1768 2064 1826 possunt

284 1845 389 1892 dari
430 1846 616 1893 decano
657 1861 826 1893 eorum
863 1863 954 1910 pro
998 1848 1242 1896 omnibus.
1278 1850 1401 1895 Data
1430 1862 1548 1910 ergo
1579 1845 1668 1893 fuit
1697 1845 1775 1893 die
1808 1849 1868 1894 29
1894 1846 2064 1910 aprilis

283 1919 525 1992 preteriti,
558 1929 604 1976 in
628 1930 775 1977 domo
805 1932 858 1977 R.
895 1933 952 1978 D.
989 1931 1348 1996 archiepiscopi
1380 1929 1612 1994 Ragusini
1645 1933 1693 1977 et
1723 1945 1780 1977 eo
1813 1933 2060 1993 presente,

283 2026 370 2075 per
395 2025 472 2058 me
494 2011 668 2058 cedula
692 2012 990 2060 aromatario
1017 2014 1202 2061 tenoris
1228 2011 1503 2077 sequentis:

338 2094 583 2142 Intortitia
608 2111 689 2142 sex
712 2095 948 2144 librarum
974 2113 1064 2160 pro
1091 2097 1340 2155 altaribua
1364 2094 1617 2143 credentia
1641 2097 1689 2141 et
1713 2085 2062 2154 cardinalibus,

282 2193 489 2226 numero
515 2193 662 2227 xxvm
686 2179 810 2227 libre
837 2214 1836 2228 ........................
1896 2193 2064 2226 evam

283 2261 556 2309 facularum
581 2263 788 2310 duarum
813 2264 1070 2324 librarum,
1098 2280 1302 2312 numero
1328 2278 1428 2322 cce,
1456 2262 1578 2309 libre
1600 2298 1827 2309 ......
2004 2278 2064 2310 nc

416 2366 437 2387 »
577 2346 720 2393 unius
745 2346 869 2394 libre
1187 2368 1208 2390 »
1359 2367 1380 2389 »
1500 2365 1520 2387 »
1595 2381 1826 2392 ......
1978 2359 2062 2393 ccc

415 2448 435 2470 »
475 2421 477 2423 ’
574 2428 734 2477 medie
755 2430 878 2478 libre
1101 2446 1309 2479 numero
1344 2446 1415 2493 D,·
1499 2448 1519 2470 »
1596 2464 1820 2475 ......
1979 2442 2064 2475 CCL

420 2532 439 2554 »
480 2513 692 2577 quinque
710 2514 966 2562 unciarum
983 2515 1055 2562 vel
1079 2514 1205 2562 ultra
1256 2533 1276 2556 »
1347 2527 1438 2570 MD,
1500 2532 1522 2555 »
1602 2548 1833 2558 ......
2037 2525 2064 2557 C

282 2595 493 2643 Candelc
520 2595 577 2642 de
605 2612 667 2643 xx
696 2612 784 2659 pro
808 2597 951 2656 libra,
1498 2615 1520 2637 »
1597 2632 1606 2641 .
1638 2632 1646 2641 .
1680 2632 1688 2641 .
1723 2632 1733 2641 .
1773 2632 1782 2641 .
1821 2632 1830 2641 .
1967 2608 2062 2641 xxv

347 2681 405 2725 Et
430 2680 559 2742 quod
585 2679 758 2727 fierent
780 2683 978 2728 centum
1004 2696 1144 2728 arma
1166 2680 1215 2728 in
1238 2679 1386 2728 certis
1412 2679 1567 2726 muris
1592 2676 1899 2741 applicanda.

347 2763 467 2810 Dedi
492 2762 638 2810 etiam
665 2763 890 2811 cedulam
915 2764 1167 2827 preposito
1195 2761 1491 2810 Lausanensi
1514 2761 1574 2809 de
1599 2760 1675 2808 his
1697 2774 1790 2823 que
1811 2774 1870 2806 ex
1891 2758 2062 2806 sacris-

282 2846 348 2892 tia
375 2848 502 2910 Pape
528 2846 771 2911 portanda
795 2851 936 2894 erant
962 2846 1160 2909 populo.

346 2930 641 2976 Paramenta
666 2928 831 2976 omnia
854 2945 944 2992 pro
972 2929 1252 2977 celebrante
1279 2928 1485 2976 diacono
1512 2931 1558 2974 et
1585 2925 1902 2974 subdiacono.

346 3010 579 3058 Pluvialia
600 3011 742 3075 nigra
766 3012 859 3058 tria
886 3015 932 3058 et
956 3015 1053 3059 tres
1079 3011 1201 3058 stole
1227 3010 1384 3073 nigre.

347 3095 665 3143 Thuribulum
691 3110 801 3142 cum
825 3094 1047 3142 navicula
1069 3097 1117 3142 et
1142 3093 1405 3142 cochleari.

345 3183 444 3230 Vas
467 3195 588 3242 aque
616 3180 781 3225 sancte
807 3193 919 3225 cum
946 3176 1238 3241 aspersorio.

346 3261 644 3311 Candelabra
670 3263 902 3324 argentea
923 3276 1003 3307 vn.

346 3345 473 3394 Libri
499 3344 726 3403 missalis,
757 3343 1162 3406 evangelistarum
1188 3346 1235 3390 et
1260 3341 1598 3406 epistolarum.

346 3428 684 3477 Faldislorium
710 3443 821 3475 cum
845 3444 931 3474 suo
956 3427 1101 3490 pallio
1131 3426 1227 3474 sive
1256 3428 1504 3488 cooperta.

285 3532 287 3535 ·
346 3514 411 3559 Ex
439 3512 581 3558 domo
604 3511 813 3558 defuncti
839 3514 1048 3574 quatuor
1073 3509 1285 3558 scabella
1307 3524 1393 3572 pro
1415 3505 1791 3557 absolventibus,
