2228 3938
281 388 351 423 136
901 386 1134 423 ιΙΟΗΑΝΝΙΞ
1169 384 1466 429 BURCHARDI,
1857 381 1940 426 [Mai
1964 383 2055 425 1501]

279 488 477 536 basilice
506 504 545 535 s.
578 488 706 535 Petri
737 503 824 550 per
855 487 1042 535 obitum
1065 488 1271 551 predicti
1297 489 1560 537 cardinalis
1587 485 1788 537 vacante
1817 490 1958 536 Rmo.
1994 491 2049 538 D.

279 570 519 618 cardinali¹
537 571 763 633 Capuano
791 571 871 633 qui
900 570 1088 634 accepit
1116 571 1476 634 possessionem
1503 573 1623 635 ejus,
1657 570 1837 619 martis
1858 575 1910 618 11
1938 571 2052 619 maii

277 653 501 717 predicti.
529 653 733 702 Veneris
760 653 1023 715 sequentis,
1054 656 1109 701 14
1136 654 1356 716 ejusdem
1378 655 1560 702 mensis
1578 652 1696 702 maii
1713 654 1801 702 fuit
1821 653 2076 701 consisto-'

278 736 400 783 rium
416 740 662 783 secretum
679 736 728 783 in
744 752 837 798 quo
855 739 1020 784 RmuS.
1035 739 1091 784 D.
1111 736 1372 784 cardinalis
1389 737 1779 801 Ulissiponensis‚
1797 736 2052 800 episcopus

275 818 578 878 Albanensis‚
617 819 708 866 fuit
741 820 1002 867 translatus
1037 819 1098 867 ad
1132 820 1543 867 Tusculanensem
1577 821 1637 868 de
1665 819 1939 875 Albanense
1967 822 2053 883 per

277 902 463 950 obitum
489 902 750 949 cardinalis
773 919 810 950 s.
839 903 991 950 Marie
1023 903 1070 950 in
1102 902 1312 961 Ρονῐίου,
1340 906 1531 966 pastore
1557 907 1841 961 carentem3
1869 905 1918 951 et
1946 917 2052 950 car-

276 985 448 1033 dianlis
473 987 840 1033 Beneventanus
861 986 947 1033 fuit
966 986 1312 1049 pronunciatus
1339 986 1596 1050 episcopus
1622 985 1882 1034 cardinalis
1901 985 2053 1033 eccle-

277 1069 344 1116 sie
375 1068 663 1116 Albanensis
702 1072 750 1117 et
782 1068 1070 1116 consistorio
1102 1069 1254 1128 finito,
1295 1085 1323 1116 a
1353 1069 1545 1117 RRmis.
1583 1072 1684 1117 DD.
1726 1068 2052 1118 cardinalibus

275 1151 595 1216 collegialiter
619 1168 754 1201 more
780 1152 920 1199 solito
945 1153 1211 1200 associatus
1244 1152 1306 1200 ad
1336 1154 1536 1200 domum
1564 1167 1719 1210 suam,
1747 1151 1978 1215 palatium
2010 1167 2048 1198 s,

273 1236 442 1284 Marci.
468 1235 794 1298 Equitavimus
823 1251 911 1299 per
936 1236 1209 1284 Parionem.
1239 1236 1565 1284 Interfuerunt
1590 1234 1816 1283 undecim
1844 1233 1926 1282 alii
1950 1249 2052 1282 care

274 1318 476 1378 dinatles,
494 1318 714 1367 videlicet
740 1335 778 1365 s.
801 1319 1049 1377 Praxedis,
1076 1318 1446 1377 Alexandrinus,
1466 1335 1503 1366 s.
1529 1318 1710 1377 Crucis,
1735 1316 2050 1377 Arborensis‚

275 1402 583 1462 Cusentinus,
625 1402 1024 1465 Caputaquensis‚
1068 1402 1371 1461 MutinensiS,
1411 1418 1449 1449 s,
1498 1401 1730 1460 Severini,
1772 1399 2048 1458 Farnesius,

276 1485 502 1533 Senensis
536 1489 582 1532 et
614 1485 843 1542 Medices,
875 1485 1001 1533 inter
1035 1500 1155 1547 quos
1186 1485 1375 1533 medius
1404 1485 1633 1548 equitavit
1663 1486 2048 1542 Beneventanus‚

275 1567 381 1615 Alia
402 1582 536 1615 more
562 1567 723 1615 solito.

341 1652 475 1698 Idem
501 1650 758 1699 cardinalis
784 1667 822 1699 s.
848 1651 995 1698 Marie
1021 1651 1070 1699 in
1091 1652 1279 1715 porticu
1309 1651 1485 1699 dicitur
1508 1650 1682 1698 fecisse
1709 1641 2054 1699 testamentum

276 1750 334 1782 ex
361 1734 587 1782 facultate
612 1750 700 1798 per
721 1750 935 1781 summos
961 1735 1219 1783 Pontifices
1246 1734 1340 1782 sibi
1361 1735 1474 1782 data
1492 1734 1566 1782 vel
1589 1748 1841 1791 concessa,
1867 1732 2055 1796 legasse

275 1818 487 1865 valorem
513 1817 678 1881 viginti
713 1817 923 1880 quinque
949 1818 1103 1866 millia
1129 1818 1417 1866 ducatorum
1440 1817 1515 1865 vel
1542 1817 1675 1864 circa
1702 1817 1763 1864 ad
1791 1816 1895 1880 pios
1920 1831 2051 1873 usus,

277 1901 591 1948 medietatem
624 1900 806 1947 residui
844 1901 1083 1948 bonorum
1118 1917 1319 1949 suorum
1351 1917 1541 1948 summo
1582 1899 1803 1948 Pontifici
1840 1915 1924 1947 seu
1961 1901 2056 1947 Ro-

277 1999 418 2031 mane
445 1983 650 2030 ecclesie
668 1986 715 2030 et
737 1984 951 2031 dominio
975 1977 1302 2043 Venetorum,>
1319 1985 1368 2031 in
1391 1999 1532 2031 usum
1548 1983 1561 2048 (
1570 1983 1610 2047 1)
1636 1984 1865 2030 duntaxat
1883 1986 2057 2030 contra

277 2069 457 2114 Turcas
482 2068 680 2113 centum
703 2065 859 2113 millia
886 2067 1203 2126 ducatorum3
1239 2070 1286 2114 et
1313 2068 1443 2129 quod
1468 2070 1597 2130 Papa
1624 2065 1816 2129 scripsit
1841 2064 2055 2112 dominio

278 2149 499 2213 predicto
531 2164 581 2197 se
611 2165 869 2197 revocasse
900 2149 1181 2197 facultatem
1211 2150 1421 2197 testandi
1453 2149 1673 2212 predicto
1706 2146 1939 2195 cardinali
1971 2146 2057 2195 de÷

277 2233 444 2280 functo
477 2249 792 2282 concessam:
827 2238 1092 2297 propterea
1122 2236 1470 2281 testamentum
1503 2247 1600 2279 non
1629 2231 1792 2279 valere
1819 2233 1866 2278 et
1897 2230 2055 2279 omnia

278 2317 405 2364 bona
428 2332 514 2380 per
536 2316 820 2364 defunctum
842 2316 1016 2364 relicta
1036 2317 1095 2364 ad
1118 2316 1434 2364 Sanctitatem
1457 2330 1595 2362 suam
1616 2313 1885 2377 pertinere3
1914 2327 2058 2383 prop-

278 2404 417 2447 terea
443 2400 700 2447 mandasse
726 2400 814 2447 sub
840 2399 1356 2448 excommunicationis
1382 2399 1477 2446 late
1499 2396 1735 2445 sententie
1758 2410 1884 2458 pena
1908 2384 2059 2441 emni-

278 2483 368 2530 bus
393 2483 521 2530 bona
550 2483 774 2546 predicta
803 2482 1132 2531 detinentibus
1164 2483 1294 2545 quod
1321 2482 1449 2529 infra
1479 2483 1666 2530 certum
1692 2482 1885 2541 tempus
1915 2467 2060 2533 Sanc-

280 2565 405 2613 titati
450 2575 533 2613 sue
572 2566 917 2629 consignarent
960 2566 1088 2613 bona
1121 2565 1248 2628 ipsa.
1299 2565 1438 2621 Quod
1486 2566 1705 2611 secutum
1749 2560 1825 2618 sit,
1872 2559 2055 2608 nescio·

282 2649 438 2695 Credo
463 2651 628 2696 tamen
653 2651 835 2711 Papam
861 2648 909 2695 in
931 2647 1211 2712 hujusmodi
1237 2663 1292 2696 re
1318 2647 1441 2694 nihil
1465 2645 1754 2710 perdidisse.

346 2732 480 2779 Idem
505 2731 763 2779 cardinalis
786 2732 1042 2779 defunctus
1067 2747 1177 2780 cum
1201 2731 1319 2779 alias
1339 2730 1546 2778 haberet
1571 2728 1830 2791 quemdam
1853 2725 2059 2773 Anconi-

283 2819 452 2861 tanum
476 2815 805 2862 camerarium
833 2815 893 2862 ad
915 2830 1110 2863 omnem
1138 2814 1436 2862 voluntatem
1465 2827 1603 2859 suam
1633 2811 1722 2858 sibi
1748 2809 2055 2867 servientem,

283 2913 427 2959 quem
448 2901 708 2961 propterea
726 2898 1036 2962 singulariter
1057 2898 1306 2960 diligebat,
1333 2896 1465 2943 misit
1484 2895 1578 2942 duo
1598 2893 1800 2941 forzeria
1817 2892 1866 2939 in
1885 2891 2060 2954 quibus

285 2979 409 3025 inter
429 2980 522 3027 alia
544 2983 684 3027 erant
706 2980 872 3043 viginti
901 2980 1053 3026 millia
1077 2980 1369 3027 ducatorum
1398 2979 1651 3042 largorum
1681 2977 1730 3023 in
1757 2990 1874 3023 auro
1901 2975 2060 3021 Anco-

284 3078 415 3121 nam,
457 3063 516 3110 ad
556 3064 801 3125 quoddam
841 3063 1195 3110 monasterium
1233 3061 1518 3109 monialium
1566 3060 1613 3107 in
1654 3059 1931 3122 depositum
1976 3073 2060 3106 seu

285 3145 575 3202 custodiam,
610 3146 670 3191 ad
711 3146 858 3193 finem
891 3145 1020 3208 quod
1058 3145 1106 3192 in
1139 3148 1363 3192 eventum
1404 3144 1563 3191 obitus
1593 3142 1742 3205 ipsius
1774 3140 2056 3199 cardinalis,

285 3230 517 3277 caderent
541 3228 762 3291 predicto
789 3229 1095 3275 Anconitano
1123 3227 1397 3275 camerario
1429 3242 1514 3273 suo
1538 3242 1546 3283 ;
1580 3224 1663 3272 sed
1692 3225 1819 3271 idem
1850 3224 2061 3271 Anconi-

288 3319 427 3359 tanus
454 3315 673 3359 mortuus
698 3314 767 3358 est
794 3314 905 3358 ante
928 3310 1224 3357 cardinalem
1249 3310 1295 3356 in
1323 3309 1513 3356 servitio
1538 3307 1757 3369 ejusdem
1780 3306 2058 3357 cardinalis.

336 3483 367 3517 1.
398 3484 436 3518 In
459 3493 562 3518 usum
584 3493 737 3529 manque
755 3482 846 3518 dans
869 3481 917 3517 les
935 3493 1025 3518 mss.
1045 3480 1149 3527 Chigi
1174 3485 1208 3518 et
1226 3481 1375 3516 5522-4.
1400 3473 1404 3477 “
