2222 3918
265 329 334 365 408
677 308 679 310 ’
874 325 1108 363 JOHANNIS
1141 326 1438 371 BURCHARDI,
1718 323 1926 363 [Decembre
1947 323 2042 366 1505]

267 431 509 495 prefectus
534 428 738 477 ecclesie
761 429 1074 477 Suessanensi
1096 434 1144 478 et
1165 431 1225 478 de
1256 429 1606 477 subdiaconatu
1636 426 1853 490 provisus
1875 427 2043 475 Carolo

269 517 328 564 de
355 515 569 574 Solariis,
598 514 867 563 camerario
884 521 1073 564 secreto
1103 517 1185 564 SS.
1215 518 1270 564 D.
1298 515 1452 564 nostri
1475 514 1615 562 etatis
1640 528 1883 562 annorum
1905 512 2045 575 quin-

271 600 428 648 decim
451 599 528 647 vel
553 598 699 646 circa.

336 680 607 740 Dominica,
635 685 695 730 30
725 682 1016 738 novembriS,
1051 682 1226 731 festum
1256 699 1295 731 s,
1328 683 1519 731 Andree
1549 682 1771 746 apostoli,
1804 682 1935 745 quod
1958 681 2046 729 fuit

269 766 318 814 in
344 765 474 814 diem
496 765 760 813 crastinam
781 765 1088 824 translatum,
1110 764 1200 814 fuit
1219 766 1378 830 prima
1398 766 1643 814 dominica
1663 764 1911 813 adventus,
1935 765 2049 812 Mis-

269 865 372 897 sam
404 848 649 913 publicam
686 848 950 898 celebravit
981 849 1258 913 patriarcha
1291 849 1670 908 AlexandrinuS,
1703 853 1751 897 et
1788 849 2047 912 episcopus

270 932 488 990 Pisanus,
511 931 699 995 primus
722 931 954 980 assistens
976 935 1122 996 Pape,
1143 935 1273 997 Papa
1292 935 1538 997 presente,
1559 931 1676 980 fecit
1700 931 1906 995 primam
1931 931 2047 979 mis-

271 1030 393 1074 sam,
410 1014 682 1063 orationem
703 1014 816 1062 fecit
836 1015 1030 1078 quidam
1053 1016 1205 1064 frater
1225 1016 1608 1080 predicatorum,
1625 1031 1711 1079 pro
1734 1019 2047 1079 procuratore

270 1098 486 1163 ejusdem
508 1097 712 1145 ordinis,
746 1099 877 1162 Papa
902 1100 1144 1148 concessit
1172 1099 1525 1164 indulgentiam
1554 1098 1763 1162 quinque
1787 1113 2045 1156 annorum,

269 1198 407 1230 more
433 1180 591 1229 solito.
623 1180 806 1228 Eadem
831 1182 928 1241 die,
956 1182 1381 1231 vicecancellarius
1409 1182 1543 1230 dedit
1563 1181 1821 1245 prandium
1845 1181 1943 1229 sive
1968 1197 2049 1229 ce-

269 1281 383 1313 nam
408 1268 465 1314 D.
497 1266 652 1312 Laure
677 1270 823 1328 nupte
854 1267 910 1314 D.
939 1266 1121 1314 Nicolai
1154 1265 1320 1314 fratris
1357 1266 1445 1314 sui.
1479 1265 1807 1313 Interfuerunt
1833 1264 2046 1328 quinque

269 1348 557 1408 cardinales,
584 1347 812 1398 videlicet
842 1348 1095 1408 Columna,
1119 1349 1348 1407 MediceS,
1376 1348 1636 1412 Aragonia,
1668 1347 1946 1407 Farnesius,
1975 1348 2048 1396 vi-

269 1431 649 1481 cecancellarius
676 1434 724 1480 et
749 1448 833 1479 sex
857 1431 1103 1491 mulieres,
1131 1432 1355 1481 videlicet
1379 1446 1572 1495 sponsa,
1603 1430 1799 1479 domina
1821 1430 2048 1479 Mariotta

269 1517 329 1566 de
351 1516 622 1576 Camerino,
649 1516 780 1565 Felix
801 1515 901 1564 filia
926 1517 1071 1580 Pape,
1099 1516 1191 1564 due
1216 1530 1414 1564 sorores
1439 1515 1697 1563 cardinalis
1719 1517 1767 1563 et
1791 1514 1918 1563 Julia
1940 1530 2045 1563 ma-

268 1603 343 1648 ter
358 1615 552 1665 sponse.
578 1599 861 1649 Cardinales
890 1599 1122 1648 sederunt
1149 1599 1200 1647 in
1231 1614 1417 1658 mensa,
1442 1598 1492 1646 in
1521 1598 1603 1646 illo
1629 1597 1788 1661 capite
1821 1597 1931 1645 aule
1958 1613 2047 1661 per

265 1684 465 1748 longum
490 1684 611 1732 citra
630 1684 868 1733 fenestras
891 1684 1066 1748 posite,
1086 1682 1166 1731 ubi
1190 1685 1317 1731 stare
1351 1680 1477 1729 solet
1508 1680 1718 1729 bancum
1750 1682 2040 1740 Romanum,

266 1771 314 1816 et
337 1767 570 1816 mulieres
600 1767 648 1816 in
685 1768 768 1816 illa
803 1783 974 1816 mensa
1000 1766 1051 1815 in
1083 1766 1166 1814 illo
1200 1765 1356 1829 capite
1396 1764 1505 1813 aule
1542 1779 1631 1828 per
1669 1766 2000 1812 transversum
2029 1780 2039 1811 ε

268 1866 472 1915 sponsus
498 1851 632 1899 stetit
656 1851 789 1900 circa
813 1866 1058 1915 sponsam.

333 1935 484 1993 Lune,
508 1936 526 1980 1
557 1933 850 1992 decembris,
870 1933 960 1980 fuit
982 1931 1326 1980 consistorium
1341 1932 1582 1978 secretum
1595 1930 1645 1978 in
1660 1945 1755 1994 quo
1770 1930 1861 1980 fuit
1873 1933 2048 1980 tracta-

263 2019 368 2064 tum
393 2016 453 2063 de
485 2015 696 2063 creando
723 2016 895 2064 decem
918 2030 1070 2063 novos
1101 2013 1392 2071 cardinaleS,
1417 2012 1642 2061 videlicet
1666 2014 1890 2062 Carolum
1915 2029 2046 2062 mar-

269 2098 494 2147 chionem
520 2098 688 2158 Finali,
715 2098 1132 2162 archiepiscopum
1153 2096 1436 2145 Thebanum
1454 2099 1503 2143 et
1525 2098 1743 2144 Marcum
1762 2097 2045 2161 episcopum

268 2181 705 2246 Senogalliensem‚
732 2180 1049 2229 castellanum
1075 2196 1114 2227 s.
1141 2178 1330 2242 Angeli,
1355 2178 1539 2226 ordinis
1556 2178 1817 2238 minorum,
1837 2182 2047 2228 Leonar-

269 2267 385 2314 dum
403 2266 684 2329 episcopum
698 2267 1055 2327 Agennensem,
1075 2267 1303 2327 nepotem
1319 2278 1462 2327 pape,
1483 2261 1749 2316 Robertum
1763 2263 2046 2327 episcopum

268 2350 628 2407 Redonensem,
666 2351 909 2396 oratorem
948 2347 1076 2411 regis
1113 2346 1331 2406 Francie,
1368 2345 1730 2411 Sigismundum
1762 2349 2048 2410 protonota-

269 2433 418 2493 rium,
449 2433 651 2481 fratrem
684 2431 905 2480 moderni
934 2430 1182 2479 Mantuani
1217 2429 1534 2489 marchionis,
1562 2429 1826 2479 Antonium
1856 2430 2045 2494 episco-

270 2533 387 2581 pum
413 2515 737 2580 Eugubinum,
756 2515 1040 2579 magistrum
1065 2515 1237 2563 domus
1261 2517 1408 2578 Pape,
1427 2513 1738 2562 Franciscum
1763 2514 2046 2578 episcopum

272 2600 579 2664 Papiensem,
611 2599 970 2648 thesaurarium
1004 2601 1149 2662 Pape,
1186 2597 1463 2646 Gabrielem
1493 2598 1552 2645 de
1584 2599 1733 2657 Faue,
1763 2597 2048 2662 episcopum

275 2684 666 2744 Urbinatensem,
703 2684 909 2742 Fatium,
950 2682 1233 2746 episcopum
1276 2684 1668 2740 Cesenatensem,
1703 2681 1967 2741 datarium,·
2003 2685 2051 2730 et

274 2766 609 2816 Bandinellum
634 2768 694 2815 de
718 2767 858 2826 Salis,
883 2766 1202 2815 secretarium
1228 2770 1274 2813 et
1294 2764 1685 2829 protonotarium
1706 2764 2045 2827 apostolicum.

274 2853 406 2915 Papa
432 2850 574 2899 exivit
611 2851 672 2898 ad
700 2866 948 2899 cameram
981 2849 1244 2908 audientie,
1274 2849 1407 2897 circa
1433 2849 1609 2896 horam
1635 2848 1887 2911 septimam
1916 2847 2051 2896 deci-

274 2950 405 2982 mam
441 2938 488 2982 et
522 2933 711 2982 vocavit
746 2934 927 2982 ibidem
963 2933 1024 2981 ad
1057 2948 1305 2981 cameram
1338 2931 1583 2996 Papagalli
1623 2930 1720 2979 sive
1754 2928 2046 2978 consistorii,

274 3017 434 3082 primo
458 3016 848 3080 Neapolitanum,
875 3017 1049 3066 deinde
1072 3015 1285 3081 singulos
1307 3015 1594 3073 cardinaleS,
1617 3029 1728 3062 cum
1749 3012 1923 3076 quibus
1942 3029 2051 3077 par-

274 3101 547 3149 ticulariter
568 3100 760 3148 locutus
785 3103 859 3148 est
891 3100 950 3148 de
980 3100 1060 3148 illa
1093 3099 1359 3158 creatione,
1386 3102 1434 3146 et
1459 3097 1649 3146 duravit
1672 3097 1764 3145 hec
1791 3096 2049 3145 collocutio

277 3187 325 3232 et
347 3183 689 3232 consistorium
710 3198 861 3246 usquc
884 3183 945 3230 ad
962 3182 1246 3246 vigesimam
1263 3183 1483 3245 quartam
1503 3180 1692 3239 horam,
1711 3185 1759 3228 et
1778 3195 1876 3228 non
1896 3180 2052 3244 potuit

278 3282 360 3315 eos
387 3266 745 3331 particulariter
767 3265 978 3313 vincere.
1007 3265 1238 3312 Omnibus
1260 3263 1499 3321 allocutiS‚
1528 3265 1658 3326 Papa
1682 3262 1826 3311 exivit
1849 3263 1907 3311 ad
1932 3279 2050 3311 con-

278 3349 539 3408 sistorium,
566 3355 614 3398 et
634 3349 717 3408 ibi,
738 3348 787 3397 in
809 3347 1054 3396 communi
1074 3347 1298 3396 tractavit
1317 3361 1408 3394 nec
1431 3345 1498 3394 sic
1520 3345 1675 3410 potuit
1698 3346 1908 3395 vincere.
1931 3348 2050 3394 Tan-

279 3430 388 3478 dem
419 3432 638 3495 pervenit
667 3431 727 3479 ad
759 3431 932 3491 minas,
959 3433 1008 3479 et
1036 3430 1164 3493 quod
1196 3430 1408 3479 facturus
1436 3431 1564 3494 esset
1588 3428 1752 3477 nescio
1779 3428 1894 3492 quid
1918 3428 2048 3492 quod
