2228 3938
304 417 374 451 214
911 411 1145 448 JOHANNIS
1179 389 1475 455 ssuss‘cHARm,
1831 414 1967 454 [sumet
1987 417 2087 456 1502]

305 511 485 565 certior
509 516 663 563 factus
701 515 761 562 ad
786 514 963 562 Urbem
996 518 1217 574 venerat3
1249 518 1295 561 et
1323 517 1375 562 ut
1402 513 1658 561 ecclesiam
1690 513 1969 578 hujusmodi
1999 531 2079 563 ac-

304 600 517 662 quireret
554 614 699 661 quam
738 597 996 646 cardinalis
1033 597 1286 646 defunctus
1310 598 1523 645 habebat
1548 597 1597 644 in
1622 597 1765 656 Urbe,
1791 597 1852 645 ad
1876 598 2078 646 aliorum

304 681 668 745 persuasionem
698 683 746 729 et
782 684 894 728 ante
939 681 1232 729 cardinalem
1270 697 1356 728 sua
1390 680 1581 744 propria
1611 680 1816 744 pecunia
1859 682 2078 740 emerat3

304 770 350 812 et
375 764 599 811 omnibus
620 763 759 811 bonis
781 779 870 826 per
891 763 1086 811 fratrem
1115 763 1356 811 derelictis
1384 763 1771 811 renunciaverat.
1801 762 1933 811 Idem
1957 763 2082 811 elec-

301 851 378 894 tus
401 847 461 894 ad
487 846 667 905 statim,
695 846 832 894 finito
859 845 1168 904 consistorio,
1199 846 1393 894 indutus
1417 850 1488 894 est
1515 846 1726 893 vestibus
1752 845 2076 904 clericalibuS‚

301 931 348 977 in
375 931 549 993 quibus
575 930 714 978 nobis
743 932 1019 977 monstrum
1050 929 1315 977 videbatur.
1352 932 1469 993 Ego,
1505 932 1557 977 ut
1583 929 1626 977 ei
1652 929 1733 992 qui
1765 928 1901 992 prius
1935 930 2079 976 notus

300 1014 456 1061 fuerat
495 1012 842 1077 gratificarem,
888 1012 1083 1075 porrexi
1125 1012 1214 1059 sibi
1250 1028 1449 1060 manum
1487 1027 1629 1074 quam
1668 1012 1749 1060 ille
1788 1011 2076 1075 suscipiens,

303 1095 490 1144 volebat
513 1111 619 1143 eam
645 1095 937 1154 deosculari7
964 1095 1057 1142 nisi
1087 1095 1377 1143 retrahendo
1404 1095 1557 1158 ipsam
1579 1094 1958 1158 prohibuissem.
1994 1092 2076 1142 SS.

301 1181 358 1226 D.
380 1181 545 1226 noster
566 1179 699 1226 dedit
717 1194 882 1226 curam
905 1178 1035 1226 socio
1058 1193 1167 1226 meo
1191 1181 1239 1226 et
1258 1178 1403 1226 voluit
1419 1178 1548 1241 quod
1565 1193 1655 1241 pro
1677 1177 1848 1226 funere
1867 1177 2079 1226 defuncti

300 1262 463 1310 omnia
482 1262 655 1310 fierent
677 1261 798 1309 sicut
823 1261 1003 1309 factum
1032 1265 1102 1310 est
1126 1277 1213 1324 pro
1244 1261 1338 1309 alio
1366 1261 1609 1309 cardinale
1639 1264 1885 1325 Capuam,
1913 1260 1990 1308 die
2021 1265 2077 1309 15

299 1345 480 1393 mensis
505 1345 693 1408 augusti
720 1345 1022 1408 precedentis
1049 1345 1161 1392 anni
1186 1344 1412 1393 defuncto
1432 1343 1512 1410 (1).
1542 1344 1879 1393 Ordinavimus
1902 1344 1951 1392 in
1977 1345 2079 1408 ejus

299 1429 593 1476 anticamera
629 1428 809 1475 lectum
846 1444 990 1491 super
1024 1444 1168 1491 quem
1217 1428 1468 1492 Posuimus
1504 1428 1804 1486 defunctum,
1851 1427 2077 1476 omnibus

298 1510 592 1574 paramentis
631 1510 989 1573 pontificalibus
1018 1511 1152 1558 novis
1184 1526 1243 1557 ex
1271 1511 1461 1559 taffetta
1487 1511 1702 1560 violaceo
1732 1526 1819 1575 pro
1852 1526 1910 1560 eo
1938 1510 2079 1559 factis

297 1595 520 1642 indutum
543 1593 675 1641 circa
697 1593 869 1641 horam
891 1593 1175 1657 vigesimam
1199 1609 1364 1652 unam,
1400 1598 1446 1642 et
1470 1595 1608 1658 juxta
1631 1610 1744 1642 eum
1773 1610 1867 1641 sex·
1886 1593 2077 1642 intorti-

299 1678 373 1725 cia
398 1677 457 1725 ab
481 1693 577 1724 una
598 1680 751 1740 parte,
776 1676 980 1725 totidem
1005 1678 1065 1724 ab
1089 1677 1198 1736 alia,
1226 1676 1306 1724 ubi
1325 1677 1480 1741 jacuit
1506 1692 1658 1740 usque
1686 1676 1746 1724 ad
1769 1677 1944 1725 horam
1969 1680 2080 1741 post

297 1760 582 1825 vigesimam
619 1764 858 1823 quartam.
895 1760 1176 1810 Cardinales
1209 1776 1306 1808 non
1340 1760 1537 1808 fuerunt
1562 1760 1719 1808 vocati
1754 1760 1814 1808 ad
1845 1760 2078 1825 palatium

299 1860 458 1907 neque
481 1850 650 1892 eorum
673 1843 870 1903 familie,
892 1859 1050 1907 neque
1071 1843 1218 1907 aliqui
1240 1843 1453 1908 religiosi
1474 1861 1483 1902 ;
1509 1843 1664 1891 clerus
1685 1859 1724 1891 s.
1758 1843 1884 1892 Petri
1906 1858 2079 1908 expec-

295 1927 409 1975 tavit
436 1928 522 1984 sub
548 1927 739 1991 porticu
764 1927 978 1986 basilice,
1013 1943 1180 1976 eorum
1208 1943 1318 1976 cum
1345 1942 1519 1983 cruce;
1555 1926 1831 1976 beneficiati
1856 1927 2076 1992 ejusdem

294 2010 493 2058 basilice
518 2013 829 2074 portaverunt
854 2010 1137 2059 defunctum
1169 2011 1226 2058 de
1253 2026 1444 2059 camera
1470 2027 1558 2059 sua
1581 2026 1734 2074 usque
1769 2011 1829 2059 ad
1860 2011 2077 2075 sepultu-

293 2109 396 2141 ram
429 2093 804 2157 precedentibus
834 2093 1034 2157 triginta
1068 2093 1340 2142 intorticiiS.
1383 2095 1436 2140 In
1482 2093 1642 2142 medio
1686 2093 1901 2153 basilice,
1937 2094 2076 2157 juxta

294 2192 487 2240 corpus,
511 2176 692 2225 dictum
719 2179 792 2224 est
823 2177 1202 2240 responsorium,
1240 2192 1375 2225 more
1405 2177 1579 2235 solito;
1615 2176 1790 2225 deinde
1823 2179 2072 2240 portatum

298 2260 358 2307 ad
397 2259 633 2323 capellam
668 2259 807 2308 beate
847 2259 998 2307 Marie
1037 2260 1096 2308 de
1134 2260 1366 2308 Febribus
1399 2260 1448 2307 in
1486 2276 1580 2323 qua
1616 2260 1825 2308 debebat
1858 2259 2067 2323 sepeliri.

294 2345 559 2406 Deportata
584 2342 776 2390 fuerunt
801 2342 964 2390 omnia
985 2342 1229 2392 intorticia
1251 2362 1260 2402 3
1289 2344 1364 2392 vix
1386 2343 1559 2391 retinui
1583 2359 1733 2391 unum
1757 2346 1810 2391 ut
1832 2343 2075 2392 videretur

293 2427 509 2491 sepeliri.
539 2427 686 2475 Irruit
711 2427 760 2475 in
781 2427 1062 2475 defunctum
1088 2444 1212 2475 unus
1240 2443 1298 2476 ex
1325 2427 1647 2482 familiaribus
1674 2427 1772 2475 suis
1802 2428 1883 2491 qui
1914 2430 2072 2476 extra-

290 2511 359 2558 xit
380 2511 424 2559 ei
443 2511 642 2558 anulum
665 2511 745 2574 qui
768 2511 955 2559 duobus
977 2511 1184 2559 carlenis
1205 2511 1266 2558 ab
1288 2527 1345 2559 eo
1368 2515 1559 2574 emptus
1582 2513 1702 2570 erat,
1728 2514 1775 2559 et
1796 2510 2070 2559 chirotecas

292 2594 535 2657 antiquas,
562 2595 639 2642 vix
671 2594 860 2643 duobus
892 2595 1102 2643 carlenis
1133 2595 1374 2654 valentes,
1410 2610 1530 2658 quas
1564 2594 1694 2642 idem
1730 2594 1982 2643 familiaris
2012 2594 2070 2643 de

291 2678 509 2726 sacristia
547 2681 676 2742 Pape
713 2681 973 2742 receperat
1010 2682 1057 2727 et
1096 2679 1394 2742 promiserat
1435 2679 1543 2727 illas
1580 2678 1874 2737 restituere3
1916 2682 1963 2727 et
2000 2678 2068 2727 sic

289 2755 475 2824 positus
506 2761 595 2809 fuit
621 2762 723 2809 sine
748 2761 845 2809 illis
870 2762 918 2809 in
943 2778 1090 2826 capsa
1113 2765 1160 2810 et
1187 2762 1452 2826 sepultura.
1483 2764 1637 2826 Capsa
1661 2766 1767 2810 erat
1797 2763 2068 2826 aliquantu-

286 2843 388 2892 lum
434 2844 637 2901 stricta3
685 2847 949 2908 propterea
990 2845 1219 2909 lignarius
1260 2844 1480 2892 ascendit
1521 2860 1632 2892 cum
1676 2844 1881 2908 genibus
1921 2859 2068 2908 super

288 2926 574 2974 defunctum
600 2931 651 2975 ut
674 2942 787 2975 eum
819 2927 867 2974 in
894 2942 1090 2991 capsam
1116 2927 1401 2974 intruderet.
1433 2926 1658 2990 Sepultus
1682 2926 1772 2974 fuit
1796 2927 1869 2973 vix
1894 2942 1922 2974 a
1943 2927 2066 2975 duo-

287 3008 376 3056 bus
400 3009 572 3073 palmis
601 3010 690 3056 sub
713 3013 843 3057 terra
866 3010 1224 3073 juxtamurum
1261 3009 1355 3056 sive
1387 3009 1641 3072 pilastrum
1671 3010 1731 3056 ab
1765 3012 1902 3057 extra
1935 3009 2064 3057 inter

289 3091 441 3138 altare
475 3092 522 3139 b.
550 3091 702 3140 Marie
735 3091 794 3139 de
819 3089 1126 3139 Febribus'et
1149 3091 1300 3139 altare
1323 3107 1447 3155 pape
1476 3091 1665 3140 Gallixti
1692 3094 1783 3140 111:
1813 3092 1873 3140 ad
1903 3092 2063 3156 plure‘s

287 3173 388 3220 dies
422 3176 533 3237 post
570 3174 871 3238 sepulturam
903 3190 1002 3222 non
1033 3174 1122 3222 fuit
1151 3174 1331 3222 factum
1364 3173 1556 3237 aliquod
1592 3174 1783 3237 signum
1816 3175 2061 3239 sepulture

286 3271 443 3320 neque
479 3257 639 3321 posita
676 3257 886 3322 desuper
923 3257 1186 3317 intorticia,
1225 3259 1367 3323 prout
1404 3255 1726 3307 cardinalibus
1762 3256 1866 3305 fieri
1903 3258 2059 3317 solet3

333 3417 366 3452 1.
395 3416 488 3465 Voy.
510 3416 801 3465 precedemment
829 3428 923 3466 page
951 3418 1031 3455 158.
1055 3417 1244 3454 Bnrchard
1265 3418 1331 3457 fait
1362 3420 1573 3468 unelegere
1597 3429 1733 3455 erreur.
1762 3418 1811 3455 Le
1832 3417 1994 3455 cardinal
2015 3418 2060 3456 de

285 3474 431 3522 Capoue
450 3475 538 3513 etait
557 3479 651 3513 mort
669 3476 701 3513 le
726 3477 750 3514 5
769 3478 854 3515 aoht
877 3478 966 3514 1501
1000 3481 1036 3515 et
1057 3488 1116 3514 ses
1136 3477 1318 3527 obseques
1345 3483 1472 3517 eurent
1492 3477 1564 3516 lieu
1595 3477 1876 3528 regulierement
1894 3477 1927 3516 le
1946 3479 1990 3516 15
2009 3478 2058 3514 du

286 3536 402 3571 meme
422 3534 527 3573 mois.
