2228 3938
186 331 400 374 [Novemhre
423 327 516 368 1503]
629 325 800 364 RERUM
832 322 1134 362 URBANARUM
1169 322 1517 362 COMMENTARII.
1896 326 1966 361 295)

185 432 357 480 horam
377 430 621 479 decimam
652 432 855 487 sextam,
885 428 1121 483 Ventura,
1155 425 1412 490 episcopus
1445 429 1719 486 Mass-anus,
1742 426 1960 486 sacrista,

185 515 306 563 dixit
329 514 530 562 missam
555 513 615 560 de
640 511 822 575 Spiritu
855 513 1024 557 sancto
1058 523 1170 557 cum
1207 509 1430 557 oratione
1458 510 1585 558 sedis
1612 510 1845 567 vacantiS‚
1886 509 1962 558 cui

184 598 506 647 interfuerunt
538 610 708 644 omnes
740 591 940 657 triginta
967 595 1078 640 octo
1112 592 1416 641 cardinales:
1459 594 1569 641 dedi
1600 609 1771 658 pacem
1808 593 1962 642 tribus

182 681 350 745 primis
379 681 429 728 in
461 678 678 744 quolibet
701 674 897 735 ordine;
923 675 1040 739 ipsis
1072 675 1326 723 stantibus.
1355 676 1504 724 Missa
1525 676 1675 737 finita,
1701 692 1793 741 ego
1819 692 1961 725 cons-

183 763 290 812 titui
312 764 472 812 locum
505 760 727 810 omnibus
751 758 1078 807 cardinalibus
1103 759 1238 807 circa
1261 774 1484 808 mensam
1510 759 1748 808 scrutinii.
1778 762 1958 809 RRme.

186 846 552 896 Dominationes
577 860 662 892 sue
689 842 1036 891 ordinaverunt
1059 845 1107 890 et
1138 842 1530 906 subscripserunt
1557 842 1650 891 hec
1674 843 1890 907 capitula
1912 842 1959 891 in

181 931 356 994 quibus
377 930 542 979 dicunt
563 945 614 976 se
631 926 937 992 promittere,
957 926 1126 989 jurare
1149 941 1205 974 ac
1219 941 1391 974 vovere
1413 926 1495 974 illa
1517 927 1773 975 observare
1796 930 1841 976 et
1864 927 1959 974 hoc

182 1014 249 1063 ita
272 1014 431 1063 facere
460 1012 548 1078 (1);
573 1014 638 1071 et,
668 1010 784 1075 ipsis
812 1009 1156 1068 annuentibus,
1189 1009 1373 1057 accessi
1404 1009 1464 1057 ad
1491 1010 1884 1074 Neapolitanum.
1913 1016 1961 1057 et

229 1186 262 1221 1.
290 1186 339 1222 Le
360 1189 458 1222 texte
478 1183 607 1221 officiel
628 1184 673 1219 de.
694 1195 755 1219 ces
779 1183 922 1220 articles
945 1182 1068 1229 redige
1097 1194 1162 1231 par
1183 1181 1387 1225 Burs-hard,
1416 1182 1466 1218 les
1488 1185 1622 1218 memes
1648 1183 1709 1230 qui
1732 1182 1850 1219 furent
1878 1185 1960 1231 pre-

180 1247 303 1282 sentes
322 1247 343 1281 a
361 1244 397 1280 la
419 1244 606 1293 signature
625 1243 672 1279 du
694 1243 978 1291 Sacre-College
1007 1242 1081 1278 lors
1101 1241 1146 1278 (16
1166 1241 1342 1278 relection
1364 1242 1576 1278 d'Innocent
1595 1241 1694 1288 VIIl,
1714 1254 1736 1278 a
1761 1244 1817 1278 ete
1838 1242 1960 1290 publii²

178 1316 244 1353 par
259 1303 407 1341 Rinaldi
429 1304 476 1353 (t.
500 1302 616 1348 XXX,
631 1314 668 1351 p.
686 1303 786 1350 395),
809 1303 952 1352 d'apres
976 1301 1028 1338 les
1043 1303 1135 1338 Actu
1154 1302 1394 1338 conciliabuli
1409 1303 1580 1338 Pisartaem
1596 1303 1651 1350 (p.
1677 1301 1750 1349 10).
1772 1301 1957 1338 Burchartt

179 1364 304 1401 n'aura
324 1375 391 1412 pas
407 1364 502 1411 juge
518 1365 541 1399 a
558 1373 693 1411 propos
711 1362 755 1398 de
776 1362 987 1411 reproduire
1007 1361 1286 1409 integralcment
1305 1366 1362 1398 cet
1378 1361 1596 1398 instrument
1615 1361 1708 1398 dans
1730 1373 1794 1398 son
1813 1362 1961 1410 journal

177 1423 237 1473 qui
258 1424 341 1460 n'en
359 1422 520 1460 contient
539 1434 610 1471 que
630 1421 663 1458 le
683 1425 841 1459 resume.
863 1423 959 1458 C'est
980 1420 1158 1470 pourquoi
1180 1420 1231 1457 les
1251 1421 1378 1470 points
1398 1421 1617 1469 principaux
1637 1421 1682 1458 de
1707 1433 1748 1458 ce
1768 1421 1963 1459 document

178 1488 261 1521 sont
277 1482 483 1532 reproduits
499 1481 711 1518 ci-dessous
731 1481 876 1530 d'apres
896 1481 928 1517 le
948 1485 1046 1518 texte
1066 1481 1175 1529 qu'en
1195 1493 1216 1517 a
1235 1481 1356 1517 donne
1382 1480 1534 1518 Rinaldi
1558 1493 1567 1518 :

226 1559 243 1577 «
272 1543 311 1579 In
333 1542 477 1579 nomine
495 1541 653 1580 Domini.
674 1541 804 1578 Amen.
829 1540 1016 1578 Universis
1042 1551 1207 1589 praesens
1227 1540 1411 1588 publicum
1434 1541 1721 1577 Instrumentum
1740 1540 1962 1588 inspecturis

177 1607 304 1640 notum
319 1607 355 1639 et
374 1602 523 1639 evidens
544 1601 605 1646 sit,
622 1601 718 1649 quod
731 1612 827 1637 anno
841 1613 862 1636 a
876 1600 1073 1638 Nativitate
1095 1599 1240 1636 Domini
1260 1600 1401 1644 MDIII,
1425 1599 1627 1636 Indictione
1640 1600 1703 1646 VI,
1718 1600 1776 1637 die
1794 1600 1962 1637 Mercurii

180 1664 197 1699 1
213 1661 351 1698 mensis
371 1659 593 1704 novembris,
614 1671 688 1708 qua
704 1659 908 1696 celebratur
925 1659 1104 1697 festivitas
1126 1658 1297 1695 Omnium
1312 1659 1529 1696 Sanctorum
1550 1659 1585 1695 in
1606 1670 1726 1703 mane,
1748 1658 1834 1695 sede
1855 1670 1962 1707 apos-

176 1720 286 1758 tolica
303 1732 368 1770 per
387 1720 526 1757 obitum
556 1718 672 1756 felicis
690 1719 950 1756 recordationis
970 1719 1022 1755 Pii
1043 1730 1147 1767 papae
1168 1719 1218 1754 ΙΙΙ
1238 1722 1401 1762 vacante,
1424 1718 1550 1755 Romae
1570 1718 1667 1766 apud
1693 1717 1733 1754 S.
1757 1718 1906 1754 Petrum
1926 1718 1960 1754 in

178 1780 309 1829 palatio
329 1778 543 1829 apostolico,
565 1778 601 1815 in
624 1778 843 1816 notarIOrum
864 1779 1085 1827 testiumque
1106 1778 1418 1826 infrascriptorum
1438 1777 1647 1826 praesentia,
1668 1777 1961 1814 reverendissimi

178 1841 215 1878 in
244 1840 390 1878 Christo
409 1843 530 1888 patres
562 1850 605 1876 ac
624 1838 773 1881 domini,
793 1837 929 1874 domini
956 1838 1133 1887 episcopi,
1161 1837 1379 1886 presbyteri,
1414 1841 1451 1874 et
1471 1837 1615 1874 diaconi
1648 1837 1688 1875 S.
1711 1837 1757 1875 R.
1779 1836 1820 1874 E.
1840 1836 1961 1873 cardi-

176 1899 279 1938 nales
310 1898 532 1948 infrascripti
560 1898 761 1935 existentes
793 1897 830 1933 in
867 1897 1029 1934 conclavi
1062 1909 1126 1946 pro
1159 1897 1378 1933 celebranda
1408 1896 1584 1933 electione
1613 1895 1723 1933 futuri
1755 1895 1957 1941 Pontificis,

175 1959 295 1997 induti
316 1958 467 2004 croceis,
490 1962 527 1995 et
553 1958 630 2007 jam
650 1957 686 1994 in
713 1969 825 1994 unum
845 1957 1060 2006 congregati
1085 1957 1120 1993 in
1155 1956 1293 2005 capella
1325 1955 1364 1992 S.
1387 1955 1539 2001 Nicolai‚
1573 1956 1738 1993 volentes
1758 1955 1954 2004 procedere

176 2020 223 2056 ad
244 2018 454 2067 hujusmodi
487 2017 715 2062 electionem,
735 2028 861 2054 omnes
882 2017 919 2052 in
951 2016 1040 2054 locis
1061 2016 1139 2059 suis
1158 2016 1423 2060 consederunt;
1446 2015 1609 2064 ipsorum
1630 2020 1750 2052 autem
1783 2026 1953 2052 reveren-

175 2078 408 2116 dissimorum
428 2077 656 2115 dominorum
674 2076 911 2114 cardinalium
938 2076 1086 2113 nomina
1108 2088 1174 2112 seu
1192 2074 1457 2124 appellationes
1479 2079 1565 2112 sunt
1584 2076 1661 2111 hwa
1683 2086 1690 2110 :

223 2153 242 2172 «
267 2138 447 2176 Oliverius
466 2136 665 2186 episcopus
685 2136 917 2182 Sabinensis,
939 2135 1136 2173 cardinalis
1156 2135 1431 2184 Neapolitanus.

222 2214 240 2232 «
267 2197 435 2242 Julianus
457 2197 652 2246 episcopus
673 2196 870 2241 Ostiensis,
894 2195 1087 2236 cardinalis
1109 2195 1154 2233 S.
1181 2195 1277 2231 Petri
1298 2194 1343 2230 ad
1364 2193 1530 2231 Vincula.

222 2273 241 2290 «
269 2257 451 2305 Georgius
472 2256 665 2305 episeopus
685 2255 913 2299 Portuensis,
941 2254 1138 2292 cardinalis
1160 2253 1457 2302 Portugalensis.

222 2332 239 2350 «
270 2316 512 2365 Hieronymus
529 2316 724 2365 episcopus
744 2315 1004 2359 Praenestinus,
1037 2314 1232 2352 cardinalis
1254 2313 1562 2350 Racbanatcnsis.

221 2392 238 2409 «
268 2376 475 2413 Ludovicus
495 2376 692 2425 episcopus
710 2375 944 2420 Albanensis‚
967 2374 1161 2411 cardinalis
1182 2374 1477 2411 Beneventanus.

220 2451 237 2469 υ
266 2435 448 2472 Antonius
468 2435 664 2484 episcopus
690 2434 936 2479 Tusculanus,
956 2434 1154 2472 cardinalis
1181 2433 1220 2471 S.
1245 2433 1434 2470 Praxedis.

222 2510 239 2528 «
266 2495 426 2531 ‚loannes
444 2494 625 2531 Antonius
647 2494 704 2531 tit.
729 2494 799 2531 SS.
822 2493 926 2530 Nerei
947 2498 983 2531 et
1001 2492 1147 2539 Achilli,
1169 2492 1364 2542 presbyter
1383 2491 1577 2529 cardinalis
1599 2492 1840 2541 Saguntinus.

221 2570 238 2587 «
265 2554 426 2591 Joannes
445 2553 502 2591 tit.
526 2554 566 2591 S.
589 2553 726 2590 Priscae
746 2553 940 2602 presbyter
958 2551 1152 2589 cardinalis
1172 2551 1451 2600 Agrigentinus,

221 2629 238 2647 «
267 2612 478 2650 Dominicus
499 2613 553 2650 tit.
576 2613 617 2651 S.
639 2612 778 2649 Nicolai
798 2612 892 2649 inter
910 2611 1090 2659 imagines
1105 2611 1298 2659 presbyter
1313 2609 1510 2647 cardinalis
1528 2609 1736 2647 GrImanus.

221 2688 239 2706 «
268 2672 448 2720 Georgius
468 2672 523 2710 tit.
547 2672 587 2710 S.
610 2672 718 2720 Xysti
741 2671 931 2720 presbyter
949 2669 1145 2706 cardinalis
1166 2668 1487 2717 Rothomagensis.

220 2749 236 2765 «
264 2731 423 2769 Jacobus
443 2731 504 2769 tit.
531 2732 571 2768 S.
594 2731 791 2768 Clementis
807 2731 1000 2780 presbyter
1019 2729 1212 2766 cardinalis
1232 2728 1464 2765 Arborensis.

220 2807 238 2826 «
258 2792 394 2834 ,Petms
410 2791 465 2828 tit.
485 2792 526 2829 S.
549 2791 692 2840 Cyriaci
713 2790 904 2839 presbyter
922 2789 1114 2826 cardinalis
1143 2788 1346 2837 Rheginus.

218 2867 237 2886 «
264 2852 478 2889 Franciscus
495 2852 550 2889 tit.
574 2853 611 2889 S.
633 2850 776 2888 Ceciliae
798 2850 990 2899 presbyter
1009 2848 1203 2886 cardinalis
1221 2847 1458 2884 Cusentinus.

217 2928 235 2945 «
261 2912 422 2949 Joannes
442 2912 503 2950 tit..
528 2911 568 2948 S.
592 2910 767 2956 Balbinae,
788 2909 983 2959 presbyter
1002 2908 1195 2945 cardinalis
1214 2907 1482 2945 Salernitanus.

215 2988 233 3004 «ι
261 2971 466 3008 Ludovicus
483 2971 540 3009 tit.
569 2971 611 3008 S.
634 2971 792 3018 Agathae
811 2970 1004 3019 presbyter
1023 2967 1218 3005 cardinalis
1240 2967 1550 3016 Caputaquensis.

214 3047 233 3065 «
261 3031 442 3069 Antonius
462 3031 518 3069 tit.
542 3031 583 3069 S.
606 3030 811 3067 Anastasiae
830 3030 1023 3077 presbyter
1042 3027 1238 3065 cardinalis
1266 3026 1469 3064 Comensis.

213 3106 231 3123 «
257 3090 421 3127 Joannes
442 3090 497 3127 tit.
519 3091 560 3126 S.
582 3089 712 3127 Vitatis
734 3089 925 3137 presbyter
943 3087 1138 3125 cardinalis
1158 3086 1419 3124 Bononiensis.

214 3164 231 3181 «
259 3149 418 3187 Joannes
434 3149 493 3187 tit.
518 3149 559 3186 S.
580 3149 705 3185 Mariae
725 3153 826 3185 trans
846 3147 1004 3184 Tiberim
1025 3147 1216 3196 presbyter
1238 3145 1432 3182 cardinalis
1452 3145 1740 3193 Montisregalis.

213 3222 232 3241 «ι
260 3208 475 3245 Franciscus
495 3208 549 3246 tit.
571 3208 642 3247 SS.
661 3207 814 3246 Joannis
834 3212 870 3244 et.
891 3207 992 3244 Pauli
1013 3207 1206 3255 presbyter
1226 3206 1420 3242 cardinalis
1441 3204 1695 3244 Surrentinus,

214 3282 233 3301 «
261 3267 476 3305 Franciscus
498 3268 555 3306 tit.
578 3268 618 3305 S.
642 3268 823 3305 Susannae
843 3266 1034 3316 presbyter
1053 3265 1247 3303 cardinalis
1274 3265 1548 3303 Volaterranus.

215 3340 234 3359 «
260 3325 405 3363 Nicolas
421 3326 477 3364 tit.
499 3327 540 3364 S.
562 3327 682 3364 Luciae
701 3339 737 3363 m
759 3330 896 3375 septem
918 3324 1020 3363 soliis
1040 3324 1233 3373 presbyter
1259 3324 1451 3361 cardinalis
1472 3325 1517 3360 de
1535 3323 1666 3361 Fliseo.

213 3398 231 3418 (ι
262 3383 475 3422 Franciscus
495 3386 557 3423 tit.
585 3386 659 3426 SS,
688 3385 810 3434 Sergii
830 3389 867 3422 et
884 3384 1018 3421 Bacchi
1039 3384 1233 3434 presbyter
1252 3383 1448 3421 cardinalis
1476 3382 1724 3420 Batoniensis.

217 3457 235 3475 «
263 3441 423 3479 Jacobus
443 3443 500 3483 tit.
523 3445 564 3482 S.
585 3444 763 3492 Stephani
789 3444 824 3480 in
857 3443 1116 3480 Caelio-Monte
1136 3443 1329 3492 presbyter
1352 3441 1546 3479 cardinalis
1567 3441 1612 3477 de
1631 3441 1862 3481 Casa-Nova.
