2202 3918
154 386 254 428 [suin
275 387 374 427 1505]
595 386 766 424 RERUM
797 382 1101 423 URBANARUM
1133 383 1485 421 COMMENTARII.
1866 383 1936 419 395

154 491 290 540 ribus
324 490 588 540 consuetis,
634 509 656 532 η
694 491 752 537 Et
787 489 1121 552 interrogante
1169 485 1417 535 cardinale
1455 503 1494 535 S.
1523 485 1721 551 Georgii
1759 504 1769 534 :
1809 486 1934 533 «Ad

155 575 333 623 vitam?
358 594 381 618 υ
407 576 537 638 Papa
558 572 813 637 respondit
841 588 851 620 z
879 571 994 618 «Ad
1017 570 1181 618 vitam.
1212 590 1234 614 »
1272 572 1329 618 Et
1349 569 1594 619 commisit
1614 569 1754 618 dictis
1778 568 1934 617 tribus

158 657 484 705 cardinalibus
511 656 640 720 quod
665 671 775 704 cras
797 670 940 703 mane
971 657 1212 718 ponerent
1241 654 1290 701 in
1314 652 1674 718 possessionem
1690 653 1794 701 vice
1819 667 1936 699 can-

158 741 356 789 cellarie
381 742 439 788 D.
465 739 779 798 cardinalem,
814 737 895 803 qui
925 737 1141 786 surrexit
1170 737 1230 786 de
1259 737 1368 787 loco
1393 750 1480 784 suo
1508 739 1556 784 et
1588 735 1834 784 osculatus
1863 736 1938 785 est

156 823 331 888 pedem
356 825 405 871 et
426 838 626 870 manum
646 825 794 886 Pape.

222 909 372 965 Lune,
400 909 460 955 30
471 905 614 970 junii,
639 905 817 953 festum
839 921 877 953 s,
908 903 1043 953 Pauli
1074 902 1297 968 apostoli,
1324 902 1453 952 circa
1471 902 1648 951 horam
1673 903 1934 961 decimam,

155 989 414 1039 cardinalis
428 1005 467 1036 s·
485 988 683 1052 Georgii
697 987 932 1051 equitavit
947 988 1007 1036 ad
1024 987 1278 1051 palatium,
1293 986 1513 1035 ascendit
1526 987 1587 1034 ad
1605 989 1788 1050 Papam
1804 1003 1814 1045 ;
1840 1001 1935 1049 quo

157 1073 304 1122 etiam
317 1075 556 1121 venerunt
574 1071 834 1119 cardinalis
848 1066 1223 1130 AlexandrinuS,
1240 1069 1588 1120 Volaterranus
1604 1072 1652 1117 et
1673 1069 1908 1117 Adrianus
1922 1084 1933 1127 ;

156 1160 222 1216 et,
247 1156 413 1205 audita
431 1155 581 1203 missa
603 1155 652 1203 in
673 1170 874 1204 camera
903 1154 1167 1219 Papagalli,
1209 1156 1340 1217 Papa
1362 1152 1505 1202 exivit
1524 1153 1573 1200 in
1598 1153 1853 1201 rocchetto
1879 1151 1941 1200 ad

157 1240 380 1289 eamdem
402 1254 647 1287 cameram
673 1242 720 1287 et
742 1238 958 1287 ascendit
982 1239 1044 1286 ad
1066 1237 1232 1286 sedem
1254 1252 1393 1284 suam
1413 1238 1463 1285 et
1487 1251 1655 1285 coram
1674 1235 1940 1300 genuflexit

157 1322 419 1371 cardinalis
445 1338 483 1370 s.
514 1322 639 1370 Petri
665 1322 726 1370 ad
748 1321 974 1380 Vincula,
1000 1319 1443 1379 vicecancellarius,
1473 1322 1522 1369 et
1542 1319 1751 1384 prestitit
1777 1334 1940 1367 sacra-

156 1408 375 1466 mentum
398 1407 543 1470 prout
573 1404 622 1452 in
658 1405 831 1463 forma,
873 1405 1012 1468 cujus
1049 1404 1239 1467 copiam
1276 1402 1445 1467 accepi
1480 1406 1528 1451 et
1558 1402 1729 1451 reduxi
1759 1402 1808 1450 in
1835 1418 1943 1466 per-

155 1504 326 1537 sonam
367 1488 607 1552 primam;
653 1487 829 1536 deinde
853 1503 882 1536 a
914 1487 1054 1536 dictis
1105 1487 1257 1535 tribus
1305 1485 1630 1534 cardinalibus
1671 1485 1939 1533 associatus

155 1572 384 1635 equitavit
407 1572 468 1619 ad
502 1571 844 1619 cancellariam
883 1586 921 1618 s.
964 1570 1162 1635 Georgii
1188 1571 1238 1618 in
1272 1569 1429 1633 primo
1456 1569 1566 1617 loco
1593 1584 1705 1617 cum
1728 1568 1936 1616 Alexan-

155 1655 314 1714 drino,
341 1654 391 1702 in
413 1654 647 1712 secundm
673 1654 1014 1712 Volaterrano,
1050 1653 1100 1700 in
1122 1653 1282 1701 medio
1306 1652 1491 1700 habens
1512 1668 1540 1700 a
1557 1652 1741 1700 dextris
1765 1651 1937 1699 Adria-

155 1754 274 1787 num
295 1742 343 1786 et
372 1753 399 1786 a
424 1737 631 1785 sinistris
651 1736 1126 1795 vicecancellarium,
1161 1736 1243 1784 ubi
1269 1736 1647 1794 descenderunt,
1686 1738 1750 1794 et,
1780 1735 1932 1798 depo-

157 1822 259 1869 sitis
282 1821 468 1886 cappis,
492 1821 820 1870 ascenderunt
845 1820 894 1868 in
928 1819 1196 1868 rocchettis
1228 1823 1277 1868 et
1304 1818 1550 1883 cappuciis
1581 1834 1671 1882 per
1702 1818 1864 1866 aulam
1889 1820 1939 1866 et

158 1921 403 1964 cameras;
443 1905 641 1953 tandem
681 1904 934 1952 redierunt
978 1903 1039 1952 ad
1078 1918 1326 1951 cameram
1369 1901 1674 1960 cancellarie,
1718 1902 1799 1949 ubi
1842 1901 1935 1965 ipsi

158 1988 330 2037 ordine
351 1988 573 2052 predicto
603 1988 654 2035 in
683 1987 881 2036 sedibus
915 1986 1324 2035 conscenderunt.
1359 1988 1415 2033 D.
1451 1985 1778 2049 Hieronymus
1806 1987 1939 2034 Ven-

160 2087 328 2131 zonus,
367 2071 568 2119 ultimus
602 2070 927 2130 abbreviator,
968 2070 1088 2134 legit
1120 2069 1303 2118 bullam
1340 2068 1612 2117 collationis
1650 2066 1939 2137 cancellarie

157 2170 251 2219 que
277 2155 365 2203 fuit
387 2156 499 2203 data
524 2157 635 2204 ante
662 2155 840 2202 multos
864 2154 984 2213 dies,
1011 2157 1059 2202 et
1080 2154 1227 2202 breve
1253 2154 1343 2201 sub
1375 2154 1541 2201 datum
1563 2154 1768 2200 externa
1787 2151 1942 2200 direc-

155 2242 260 2287 tum
305 2238 461 2287 tribus
503 2238 850 2298 cardinalibus,
902 2240 956 2286 ut
1010 2237 1268 2286 induceret
1318 2252 1431 2284 eum
1466 2236 1516 2283 in
1554 2235 1933 2299 possessionem.

154 2321 355 2386 Interim
381 2324 768 2385 supervenerunt
792 2321 938 2369 etiam
966 2319 1238 2368 cardinales
1267 2335 1306 2367 s.
1343 2318 1556 2382 Georgii,
1585 2317 1938 2366 Alexandrinus

158 2407 206 2452 et
255 2405 520 2463 Adrianus;
565 2404 1041 2468 comprehendentes
1088 2402 1543 2452 vicecancellarium
1584 2417 1671 2465 per
1717 2416 1935 2461 manum,

158 2490 428 2550 posuerunt
451 2486 598 2550 [eum]
625 2487 674 2534 in
695 2487 810 2534 sede
833 2486 976 2534 solito
1001 2490 1134 2534 retro
1149 2501 1347 2549 parvam
1363 2485 1608 2542 mensam3
1629 2486 1940 2533 accesserunt

158 2569 521 2617 abbreviatores
546 2570 607 2618 de
634 2572 787 2616 Parco
811 2569 1006 2633 Majori;
1049 2568 1253 2616 osculati
1280 2568 1471 2615 fuerunt
1497 2583 1699 2614 manum
1723 2566 1942 2615 vicecan-

158 2651 358 2710 cellarii,
389 2652 785 2717 congratulantes
809 2651 870 2700 ei.
909 2654 1109 2699 Lectum
1144 2651 1291 2698 etiam
1325 2650 1416 2697 fuit
1439 2665 1528 2713 per
1551 2649 1778 2697 eumdem
1807 2665 1942 2697 man-

158 2735 327 2783 datum
353 2734 556 2798 simplex
572 2735 844 2798 perplacet,
864 2749 954 2797 pro
976 2749 1070 2797 quo
1088 2737 1218 2797 Papa
1236 2733 1351 2782 fecit
1371 2738 1621 2797 regentem
1645 2732 1939 2781 cancellarie

158 2820 216 2865 D.
245 2817 551 2866 Dominicum
577 2818 637 2865 de
662 2819 829 2876 Porta,
855 2832 1016 2880 quem,
1044 2816 1180 2864 finita
1201 2816 1408 2876 lectura,
1436 2815 1799 2863 abbreviatores
1816 2815 1943 2863 fece-

158 2904 274 2948 runt
293 2900 467 2949 sedere
489 2900 551 2949 ad
567 2901 730 2948 locum
753 2915 911 2958 suum,
941 2904 990 2947 et
1007 2899 1094 2947 fuit
1109 2899 1326 2948 osculata
1347 2914 1520 2946 manus
1534 2897 1937 2947 vicecancellarii.

158 2985 292 3031 Tunc
306 2983 731 3033 rescribendarius
747 2986 795 3031 et
815 2998 985 3031 omnes
1003 2983 1269 3046 scriptores
1291 2982 1371 3045 qui
1396 2981 1719 3030 interfuerunt
1735 2980 1941 3029 osculati

160 3065 354 3114 fuerunt
399 3068 505 3131 ejus
548 3082 764 3114 manum.
813 3068 1139 3114 Accesserunt
1178 3066 1239 3113 ad
1273 3081 1385 3113 eum
1424 3064 1789 3113 abbreviatores
1827 3079 1940 3111 cum

159 3148 302 3196 bullis
317 3149 510 3210 revisis;
528 3150 802 3199 retulerunt
822 3149 1224 3198 vicecancellario
1243 3148 1521 3206 materiam,
1541 3148 1622 3210 qui
1645 3147 1941 3211 signaviteas

161 3246 300 3279 more
323 3231 487 3292 solito;
515 3235 564 3280 et
593 3233 707 3297 quia
742 3233 1023 3297 plumbator
1060 3248 1159 3280 non
1196 3234 1322 3291 erat,
1359 3233 1411 3279 C.
1449 3231 1672 3279 Barotius
1708 3229 1937 3293 scriptor,

161 3315 263 3363 vice
286 3317 466 3374 custOS‚
493 3317 683 3381 accepit
720 3333 804 3365 eas
837 3316 1182 3366 custodiendas
1216 3331 1368 3378 usque
1405 3314 1467 3362 ad
1499 3313 1759 3360 adventum
1786 3312 1942 3375 plum-

162 3398 302 3447 barii.
337 3399 664 3448 Surrexerunt
704 3416 872 3448 omnes
904 3399 1177 3448 cardinales
1206 3402 1253 3446 et
1289 3398 1508 3446 fecerunt
1538 3395 1796 3458 prandium
1829 3410 1938 3444 cum

163 3480 581 3539 vicecancellario,
610 3482 809 3545 dempto
834 3481 1182 3539 Alexandrino,
1211 3481 1290 3542 qui
1312 3479 1461 3526 rediit
1474 3477 1534 3525 ad
1553 3477 1804 3541 palatium.
