2228 3938
160 380 364 422 [Decembre
384 379 474 422 1501]
600 378 768 415 RERUM
802 376 1102 414 URBANARUM
1136 376 1494 415 COMMENTARII.
1881 377 1946 412 173

230 483 369 532 Feria
394 488 547 540 sexta,
588 486 643 529 17
670 479 960 535 decembris,
996 477 1348 542 proclamatum
1382 477 1469 525 fuit
1497 493 1584 541 per
1614 476 1792 525 Urbem
1825 493 1935 525 cum

163 583 246 616 sex
265 567 472 616 tibicinis
500 565 630 630 quod
657 563 822 613 omnia
849 562 899 610 in
927 561 1239 626 carnisprivio
1263 561 1367 609 fieri
1401 561 1558 618 solita,
1588 560 1733 609 etiam
1768 577 1938 609 cursus

162 651 439 715 palliorum,
477 649 584 699 fieri
620 649 832 698 debeant
858 650 965 710 post
996 646 1120 694 festa
1145 645 1343 705 natalia,
1379 644 1654 709 incipiendo
1680 644 1838 708 prima
1863 645 1942 710 ja-

162 734 322 782 nuarii
343 733 580 798 proxima.

225 818 338 866 Novi
365 817 598 866 officiales
633 814 773 864 Urbis
805 813 918 862 anni
949 813 1096 861 futuri
1130 819 1177 867 et
1208 813 1397 862 nobiles
1429 829 1485 861 ac
1515 812 1594 861 alii
1627 813 1844 861 mittendi
1881 813 1942 861 ad

161 900 502 949 honorandum
533 903 582 948 et
613 897 955 947 associandum
990 900 1047 945 D.
1090 897 1363 946 Lucretiam
1398 913 1548 960 usque
1587 897 1648 944 ad
1672 896 1946 945 Ferrariam

162 984 388 1042 ordinati,
429 986 477 1032 et
520 983 692 1031 eodem
731 980 841 1029 heri
880 980 1062 1044 incepit
1097 979 1442 1051 currerelfons
1474 979 1851 1027 Innocentianus
1897 979 1945 1025 in

161 1068 321 1131 platea
349 1084 388 1116 s,
419 1067 545 1115 Petri
571 1066 652 1131 (1).

227 1150 496 1209 Dominica‚
531 1152 708 1214 quarta
739 1149 972 1197 adventus
1002 1148 1215 1206 Domini,
1257 1151 1312 1196 19
1344 1147 1636 1206 decembriS,
1674 1149 1730 1195 R.
1763 1150 1820 1196 D.
1856 1148 1946 1195 Fe-

159 1233 303 1293 1111115,
339 1234 596 1298 episcopus
630 1235 870 1290 Lucanus,
906 1216 1136 1279 assistens
1164 1233 1312 1294 Pape,
1343 1229 1606 1279 celebravit
1636 1231 1833 1278 missam
1856 1247 1947 1295 pu—

160 1317 337 1366 blicam
363 1317 412 1365 in
451 1316 640 1381 capella
674 1315 850 1381 majori
887 1314 1072 1379 palatii,
1103 1317 1234 1378 Papa
1265 1315 1483 1362 absente.
1512 1316 1801 1363 Sermonem
1834 1314 1947 1362 fecit

161 1401 358 1464 quidam
397 1401 552 1449 frater
589 1399 773 1448 ordinis
802 1398 1181 1448 Carmelitarum
1218 1415 1308 1462 pro
1346 1402 1687 1462 procuratore,
1724 1399 1945 1446 absente.

161 1484 270 1532 Alia
290 1500 429 1533 more
451 1483 612 1532 solito.

228 1568 371 1616 Feria
393 1570 586 1631 quarta,
612 1571 672 1615 22
698 1567 992 1625 decembris,
1024 1566 1114 1614 fuit
1141 1565 1486 1614 consistorium
1512 1568 1756 1614 secretum
1779 1565 1828 1612 in
1852 1579 1948 1628 quo

166 1654 219 1698 R.
249 1653 306 1698 D.
339 1653 388 1699 P.
422 1650 660 1698 Antonius
692 1652 960 1708 Corsettus,
998 1650 1194 1698 auditor
1226 1652 1354 1708 rote,
1385 1649 1466 1712 qui
1497 1649 1556 1696 de
1590 1649 1821 1696 mandato
1862 1650 1947 1696 SS.

168 1736 222 1781 D.
251 1735 308 1781 N.
338 1735 484 1797 pape,
515 1732 717 1781 sabbato
748 1737 804 1781 18
829 1733 991 1798 hujus,
1026 1733 1087 1780 ad
1120 1732 1301 1781 Urbem
1337 1732 1568 1790 redierat,
1599 1731 1953 1796 pronunciatus

166 1816 255 1865 fuit
286 1816 544 1880 episcopus
573 1816 867 1876 MelfitanuS,
903 1820 951 1864 et
983 1816 1078 1865 hoc
1109 1816 1170 1864 ad
1201 1818 1364 1864 rotam
1393 1815 1697 1874 nunciatum,
1731 1815 1812 1862 ubi
1842 1831 1955 1878 pre-

165 1900 322 1949 dictus
354 1903 409 1948 D.
444 1900 682 1948 Antonius
712 1916 823 1948 cum
858 1900 1035 1948 ceteris
1067 1899 1373 1948 auditoribus
1405 1914 1607 1963 presens
1631 1902 1754 1946 erat.
1794 1898 1956 1945 Finita

165 1983 429 2042 audientia,
469 1983 599 2030 idem
637 1985 694 2031 D.
734 1983 989 2041 Antonius,
1030 1986 1225 2030 retento
1263 1982 1522 2030 rocchetto
1562 1982 1651 2029 sub
1693 1981 1945 2035 mantello,

164 2066 431 2115 associatus
456 2066 545 2114 fuit
572 2067 632 2115 ad
658 2067 859 2115 domum
882 2066 1199 2115 habitationis
1225 2082 1308 2114 sue
1338 2067 1399 2114 ab
1424 2065 1649 2114 omnibus
1672 2067 1772 2113 DD.
1802 2064 1951 2113 coad-

156 2149 403 2213 jutoribus
442 2149 569 2209 suis3
613 2149 843 2213 equitavit
878 2150 926 2197 in
963 2150 1124 2214 primo
1158 2150 1268 2198 loco
1301 2149 1492 2197 medius
1526 2149 1654 2197 inter
1684 2151 1740 2196 D.
1776 2148 1953 2196 Hiero-

163 2248 363 2298 nymum
386 2232 693 2292 Porcarium,
727 2233 1011 2297 episcopum
1034 2233 1359 2282 Andriensem
1384 2249 1412 2280 a
1439 2232 1623 2281 dextris
1653 2236 1700 2281 et
1726 2232 1947 2280 Felinum

163 2316 446 2381 episcopum
472 2319 722 2365 Lucanum
754 2333 782 2366 a
805 2317 1043 2376 sinistris3
1081 2320 1191 2381 post
1223 2333 1306 2365 005
1336 2316 1567 2380 equitavit
1590 2316 1872 2365 Genetensis
1900 2318 1948 2363 et

164 2400 450 2459 Nucerinus,
486 2401 713 2465 accolyti,
744 2404 791 2448 et
823 2402 1029 2459 Grassis,
1065 2401 1240 2448 ultimo
1272 2400 1568 2459 Jacobatius,
1598 2400 1788 2448 medius
1818 2399 1946 2447 inter

162 2485 324 2531 Monte
349 2499 378 2531 a
402 2483 586 2532 dextris
612 2487 660 2532 et
688 2484 950 2534 Vanulium
974 2501 1002 2532 a
1039 2484 1268 2544 sinistris,
1310 2488 1422 2533 ante
1462 2485 1663 2533 domum
1693 2486 1750 2532 D.
1786 2482 1946 2541 electi,

164 2565 306 2614 sitam
330 2566 378 2614 in
403 2566 604 2631 regione
626 2567 882 2627 Columne,
907 2583 1053 2631 quam
1076 2568 1154 2615 vix
1178 2567 1394 2616 invenire
1416 2568 1574 2632 potuit
1600 2571 1648 2616 et
1671 2568 1721 2616 in
1746 2565 1948 2615 diversis

164 2648 284 2697 locis
310 2652 357 2698 et
378 2649 464 2697 viis
489 2651 669 2699 erravit
692 2666 702 2708 ;
731 2651 833 2715 ipse
864 2654 918 2699 D.
948 2651 1134 2699 electus
1162 2650 1346 2714 gratias
1371 2635 1633 2714 egitsmore
1660 2650 1821 2699 solito.

231 2733 372 2781 Feria
396 2736 589 2797 quarta,
618 2737 677 2782 22
704 2734 821 2783 dicti
848 2734 1031 2782 mensis
1062 2734 1357 2791 decembris,
1394 2735 1477 2782 SS.
1511 2737 1569 2782 D.
1610 2737 1777 2782 noster
1812 2749 1949 2782 com-

166 2816 295 2865 misit
322 2819 379 2865 D.
416 2818 740 2878 Bernardino,
772 2818 904 2867 socio
940 2834 1067 2876 meo,
1098 2818 1228 2881 quod
1259 2816 1447 2866 faceret
1478 2817 1694 2866 intimari
1722 2817 1948 2867 omnibus

166 2968 203 3002 01
222 2963 341 3014 quello
363 2965 400 3004 di
421 2966 578 3017 Savoya,
604 2967 671 3006 che
694 2971 842 3006 00110110
868 2967 964 3006 intra
984 2967 1060 3005 loro
1090 2965 1149 3005 del
1177 2965 1371 3016 precedere
1395 2966 1527 3005 Nostro
1547 2964 1706 3016 Signore
1732 2966 1755 3004 li
1776 2967 1808 3004 fe
1835 2964 1952 3003 andar

165 3024 258 3062 fuori
276 3027 368 3064 tucti
393 3039 415 3064 a
435 3028 523 3067 due.
556 3029 599 3065 Et
627 3021 668 3065 io'
689 3028 750 3077 gia
771 3028 842 3065 duo
869 3028 1084 3065 domeniche
1106 3039 1179 3064 non
1207 3039 1296 3064 sono
1318 3026 1440 3064 voluto
1466 3028 1518 3065 ire
1538 3028 1584 3064 ad
1610 3028 1773 3077 cappella
1790 3039 1855 3076 per
1873 3038 1946 3062 11011

166 3084 285 3122 venire
306 3085 342 3123 in
363 3087 421 3123 nel
439 3087 638 3125 medesimo
655 3100 775 3125 errore
798 3100 865 3125 0011
886 3087 922 3125 10
942 3089 1092 3125 Oratore
1121 3087 1309 3124 Genovese
1330 3087 1397 3124 che
1418 3087 1449 3124 ci
1470 3091 1489 3124 e
1505 3087 1542 3124 di
1562 3099 1696 3133 nuovo,
1719 3086 1949 3136 persuaden-

166 3142 263 3180 domi
282 3145 349 3182 0110
369 3146 466 3183 saria
489 3147 584 3184 facto
603 3147 627 3183 il
647 3147 861 3189 medesimo,
885 3152 920 3184 et
939 3148 1036 3184 forse
1059 3159 1126 3184 con
1149 3146 1211 3195 piu
1236 3146 1410 3184 diffavore
1429 3159 1451 3183 a
1475 3147 1508 3184 le
1529 3147 1680 3184 Excelse
1701 3147 1796 3195 Sig⁵⁰
1819 3146 1950 3182 Vostre

166 3202 233 3239 0110
264 3204 309 3240 ad
340 3205 490 3244 Venetia
495 3234 566 3246 .....
597 3207 713 3244 Rome
741 3207 789 3255 vij
821 3207 1023 3245 decembris
1055 3208 1159 3244 1501.
1192 3206 1354 3243 Servitor
1387 3207 1605 3244 Franciscus
1635 3206 1724 3255 Pepi
1759 3206 1901 3243 doctor.
1930 3220 1946 3237 »

170 3260 282 3306 (Clas.
303 3263 350 3309 X,
370 3265 460 3303 dist.
484 3278 523 3312 11,
546 3266 625 3303 filza
644 3268 704 3311 51,
721 3279 743 3304 a
763 3279 794 3304 c.
817 3268 918 3313 298.)

221 3321 254 3356 1.
283 3336 302 3354 «
380 3324 476 3362 nella
492 3326 614 3374 piazza
632 3326 670 3362 di
690 3338 721 3365 5.
750 3326 872 3364 Pietro
891 3327 968 3364 fece
989 3327 1219 3373 (Innocenzo)
1243 3325 1318 3362 sare
1337 3325 1372 3362 la
1390 3325 1539 3364 fontana
1558 3327 1624 3364 che
1644 3326 1732 3375 oggi
1753 3335 1887 3362 ancora
1913 3322 1944 3359 si

170 3379 273 3425 vesle,
295 3380 330 3417 la
348 3383 455 3429 quale
472 3385 512 3422 fu
533 3385 681 3423 stimata
699 3386 790 3423 delle
809 3386 872 3435 piu
893 3385 985 3424 belle
1005 3387 1071 3423 che
1095 3398 1118 3422 a
1141 3385 1226 3434 quel
1247 3389 1367 3434 tempo
1386 3386 1525 3423 fossero
1546 3386 1582 3422 in
1611 3385 1787 3423 ltalia.....
1813 3398 1830 3414 υ
1854 3382 1939 3418 Ser-

170 3438 306 3521 (1011011),
339 3442 424 3478 Vita
447 3455 465 3480 e
490 3446 576 3488 fatti
600 3447 832 3484 cl’lnnocenzo
868 3446 960 3489 VIII,
988 3458 1028 3494 p.
1060 3447 1119 3482 79.
1142 3446 1240 3493 Voy.
1273 3444 1533 3493 Gregorovius‚
1563 3450 1588 3491 t,
1617 3445 1714 3488 VIII,
1742 3456 1781 3491 p.
1808 3442 1880 3478 769
1900 3445 1936 3477 et

173 3502 256 3534 note
279 3522 315 3534 ...
