2222 3932
151 353 259 395 [Mars
274 353 370 394 15⁰4]
590 352 759 390 RERUM
791 351 1095 390 URBANARUM
1126 350 1480 392 COMMENTARII.
1866 355 1937 391 343

150 453 316 502 Turris
346 453 623 519 Sanguinee
648 458 780 503 recta
803 454 877 502 via
902 453 963 502 ad
990 453 1251 502 ecclesiam
1277 454 1417 502 beate
1448 452 1599 503 Marie
1626 454 1930 519 Magdalene,

149 537 261 585 inde
287 540 419 585 recta
440 537 515 586 via
533 538 593 585 ad
615 537 901 595 Minervam,
924 536 1003 583 ubi
1020 539 1151 600 Papa
1174 537 1426 585 descendit
1451 538 1511 585 ad
1533 537 1810 586 ecclesiam.
1824 540 1928 586 Car-

150 620 323 668 dinalis
346 619 580 668 Ascanius
600 619 889 667 ministravit
918 634 1113 668 crucem
1138 635 1283 682 quam
1307 619 1439 683 prior
1470 619 1678 669 ecclesie
1706 636 1934 685 porrexe-

149 706 222 752 rat
248 706 374 767 Pape
397 703 740 761 osculandam3
767 718 895 750 nunc
922 702 1228 751 ministrante
1252 703 1520 752 naviculam
1550 703 1934 769 Ascanio,·Papa

149 787 379 851 imposuit
420 786 672 834 incensum
708 786 759 833 in
803 786 1121 844 thuribulum,
1150 790 1197 834 et
1241 786 1344 850 ipse
1389 787 1623 834 Ascanius
1664 786 1932 836 incensavit

149 871 331 933 Papam
355 869 453 933 qui,
479 869 789 918 cantantibus
814 869 1048 917 fratribus
1071 869 1526 934 processionaliter:
1558 870 1622 917 Te
1647 870 1802 918 Deum
1824 871 1932 919 lau-

148 952 332 1013 damus,
369 952 558 1000 intravit
592 952 869 1001 ecclesiam.
907 955 1055 1001 Facta
1085 953 1306 1001 oratione
1337 955 1448 1000 ante
1483 953 1657 1012 altare,
1696 954 1931 1017 depositis

149 1036 272 1084 stola
293 1039 338 1084 et
365 1030 611 1100 capucci0‚
638 1036 824 1099 accepit
855 1036 1028 1084 stolam
1059 1036 1219 1085 albam
1248 1035 1521 1100 simplicem
1551 1040 1596 1084 et
1626 1036 1848 1100 pluviale,
1883 1042 1930 1087 et

146 1119 260 1167 fecit
284 1119 638 1168 confessionem
661 1135 772 1167 cum
794 1120 1090 1179 celebrante,
1118 1135 1257 1168 more
1274 1119 1414 1168 solito
1434 1135 1444 1178 3
1470 1122 1518 1167 et
1536 1120 1792 1168 observata
1816 1124 1930 1168 sunt

143 1203 309 1250 omnia
331 1203 382 1250 in
407 1202 556 1251 missa
578 1218 715 1251 more
738 1207 989 1252 consueto.
1018 1203 1160 1252 Prior
1180 1204 1586 1268 presbyterorum
1611 1220 1708 1251 non
1735 1204 1858 1252 sedit
1878 1204 1928 1251 in

139 1286 415 1335 assistentia
438 1289 640 1350 propter
661 1287 935 1351 angustiam
957 1287 1052 1335 loci
1075 1288 1161 1336 sed
1183 1287 1232 1334 in
1253 1287 1363 1335 loco
1390 1302 1476 1334 suo
1499 1286 1627 1334 inter
1653 1287 1927 1335 cardinales

140 1368 278 1416 alios
298 1368 490 1432 Capella
502 1369 590 1417 fuit
604 1373 774 1433 parata
782 1374 928 1434 prout
939 1371 1301 1434 habetursupra
1310 1372 1831 1420 MCCCCLXXXXVIIJ
1841 1369 1922 1435 (1).

135 1452 333 1500 Missam
358 1452 615 1500 celebravit
640 1452 897 1518 episcopus
918 1454 1237 1513 Tusculanus,
1261 1453 1467 1501 vicarius
1493 1455 1622 1517 Pape
1649 1453 1765 1501 satis
1787 1453 1926 1502 feria-

137 1535 274 1583 liter:
304 1535 423 1583 dixit
448 1539 635 1584 tantum
664 1552 808 1584 unam
834 1538 1108 1585 orationem
1138 1536 1318 1595 Gloria,
1354 1536 1505 1584 Credo
1534 1539 1582 1584 et
1604 1536 1924 1600 prefationem

139 1617 198 1665 de
229 1618 373 1665 beata
392 1618 614 1682 Virgine,
646 1635 784 1668 more
819 1620 988 1668 solito:
1018 1636 1113 1667 non
1136 1620 1334 1667 fuerunt
1356 1620 1598 1683 publicate
1624 1619 1923 1683 indulgentie

138 1716 231 1765 que
258 1716 347 1764 per
376 1701 557 1749 bullam
588 1701 780 1750 affixam
818 1703 867 1749 in
901 1703 1046 1750 valvis
1084 1702 1290 1751 ecclesie
1326 1702 1471 1750 etiam
1505 1702 1721 1766 plenarie
1762 1706 1917 1751 erant.

139 1783 262 1829 Data
284 1783 624 1832 benedictione
656 1800 746 1848 per
770 1787 966 1849 Papam,
992 1786 1179 1850 priores
1208 1785 1518 1834 fraternitatis
1546 1789 1922 1850 apportaverunt

138 1864 233 1912 duo
269 1865 462 1926 bacilia,
501 1884 651 1916 unum
689 1871 816 1932 Pape
853 1869 935 1932 qui
972 1869 1145 1917 obtulit
1181 1868 1382 1917 ducatos
1418 1868 1584 1932 viginti
1622 1868 1832 1932 quinque
1870 1869 1920 1916 in

134 1962 255 1996 auro
292 1954 338 1997 et
372 1933 542 1999 decem
581 1951 630 1998 in
664 1951 899 2011 carlenis,
933 1952 1108 1999 deinde
1143 1951 1486 2010 cardinalibus,
1526 1951 1658 1999 aliud
1702 1951 1918 2000 diaconis

132 2031 476 2080 cardinalibus.
515 2034 738 2083 Maritate
768 2039 879 2083 sunt
908 2035 1075 2099 viginti
1108 2035 1268 2099 puelle
1300 2034 1471 2098 quibus
1499 2037 1632 2099 Papa
1659 2034 1791 2084 dedit
1817 2035 1917 2082 sin-

131 2114 252 2178 gulis
270 2116 458 2175 bursas,
482 2120 530 2164 et
555 2117 640 2165 ille.
657 2121 705 2166 et
729 2123 836 2182 post
859 2134 940 2167 eas
966 2124 1189 2167 matrone
1215 2118 1544 2167 conducentes
1567 2118 1782 2166 osculate
1805 2123 1917 2167 sunt

129 2198 275 2261 pedes
302 2200 429 2262 Pape
454 2214 588 2248 more
613 2200 773 2249 solito.
804 2202 908 2257 Quo
931 2201 1077 2262 facto,
1103 2204 1252 2265 Papa,
1281 2201 1501 2265 deposita
1523 2202 1672 2249 mitra
1696 2201 1746 2248 in
1777 2202 1912 2261 sede,

128 2280 320 2344 pluviali
363 2286 411 2331 et
452 2283 593 2342 stola,
638 2284 874 2347 capellam
916 2300 1015 2333 non
1050 2285 1270 2343 intravit;
1311 2285 1500 2348 accepit
1538 2285 1830 2348 capuccium
1866 2292 1915 2334 et

132 2364 341 2428 desuper
371 2366 545 2414 stolam
572 2382 683 2414 cum
707 2368 881 2431 perlis3
922 2368 1033 2417 fecit
1070 2368 1340 2417 orationem
1376 2373 1486 2416 ante
1522 2368 1699 2426 altare,
1741 2367 1913 2417 obtulit

128 2446 299 2494 decem
321 2447 521 2496 ducatos
547 2466 668 2511 quos
690 2451 793 2498 dari
814 2451 927 2499 fecit
949 2452 1143 2499 cuidam
1164 2452 1303 2499 fratri
1320 2451 1449 2498 illius
1471 2450 1677 2499 ordinis:
1699 2451 1910 2500 visitavit

127 2529 364 2592 capellam
398 2532 658 2579 cardinalis
692 2533 1009 2596 Neapolitani,
1043 2535 1183 2582 exivit
1216 2551 1305 2598 per
1338 2540 1535 2598 parvam
1568 2537 1760 2598 portam
1793 2535 1911 2582 late-

128 2613 282 2661 ralem
311 2618 359 2661 et
382 2614 608 2676 equitavit
631 2598 700 2662 ad
731 2632 769 2663 s.
801 2619 1016 2664 Marcum
1050 2618 1130 2664 ubi
1161 2618 1274 2666 fecit
1306 2618 1565 2681 prandium
1602 2622 1746 2680 atque
1778 2619 1907 2666 stetit

127 2712 279 2759 usqu-e
301 2697 360 2744 ad
386 2697 514 2744 diem
537 2697 738 2756 sabbati,
760 2702 819 2746 30
841 2700 1019 2747 martii.

189 2779 276 2826 Die
298 2780 544 2838 mercurii,
579 2784 636 2828 27
667 2782 844 2841 martii,
876 2782 967 2829 fuit
998 2782 1341 2831 consistorium
1373 2785 1617 2830 secretum
1648 2783 1697 2830 in
1725 2783 1904 2847 palatio

124 2876 162 2907 s.
182 2861 348 2921 Marci,
373 2861 419 2908 in
443 2878 538 2926 quo
562 2865 618 2910 D.
644 2864 841 2911 Gabriel
864 2864 922 2912 de
947 2866 1077 2912 Fano
1103 2865 1187 2912 fuit
1208 2866 1454 2928 prefectus
1471 2866 1673 2914 ecclesie
1698 2866 1905 2915 Urbina-

122 2944 264 3003 tensi,
301 2948 349 2992 et
382 2946 640 3010 episcopus
674 2947 995 2996 Hostunensis
1035 2948 1284 2997 absolutus
1326 2955 1374 2997 et
1410 2949 1654 3012 prefectus
1694 2949 1901 2997 ecclesie

120 3027 431 3075 Pisauriensi.

184 3109 270 3157 Die
291 3110 494 3170 sabbati,
521 3115 582 3159 30
606 3113 789 3173 martii,
819 3114 947 3162 circa
968 3114 1145 3162 horam
1168 3115 1502 3175 tredecimam,
1528 3117 1613 3164 SS.
1645 3119 1701 3163 D.
1731 3118 1900 3163 noster

119 3192 323 3240 recessit
349 3194 407 3241 de
434 3210 473 3241 s,
501 3196 666 3244 Marco
690 3196 738 3243 in
766 3197 945 3245 amictu
978 3198 1105 3258 albo,
1140 3199 1348 3262 cingulo,
1385 3198 1617 3262 capuccio
1646 3199 1705 3245 de
1738 3204 1899 3246 rosato

119 3278 166 3319 et
194 3273 317 3320 stola
342 3274 566 3339 desuper,
595 3278 829 3340 equitavit
852 3285 988 3328 recta
1016 3280 1091 3329 via
1117 3281 1177 3328 ad
1204 3282 1442 3346 Populum
1468 3282 1548 3329 ubi
1579 3281 1756 3328 audivit
1781 3281 1900 3328 mis-

117 3369 219 3401 sam
256 3355 447 3405 bassam
482 3374 626 3420 quam
663 3360 922 3411 celebravit
961 3365 1019 3412 D.
1058 3364 1449 3428 ChristophoruS,
1494 3364 1793 3427 capellanus,
1837 3364 1898 3413 de

165 3465 198 3501 1.
227 3464 319 3512 Voy.
342 3469 367 3502 t.
392 3466 420 3512 I,
440 3478 476 3514 p.
498 3469 568 3504 294
