2202 3918
258 313 261 317 “
285 330 357 366 400
892 325 1125 362 JOHANNIS
1159 323 1454 368 ssuchARm,
1723 322 1943 364 [Septembre
1964 323 2060 363 1505]

290 430 477 493 capella
504 429 690 492 majore
741 428 906 491 palatii
941 428 1001 475 ad
1035 444 1074 475 s.
1114 430 1313 475 Petrum
1356 425 1506 473 missa
1544 423 1859 472 anniversarii
1897 424 2057 473 obitus

290 511 552 560 Alexandri
593 514 673 570 VI,
722 511 798 559 cui
841 510 1165 559 interfuerunt
1210 514 1339 573 Papa
1383 514 1430 557 et
1491 507 1722 556 tredecim
1769 507 2055 567 cardinales,

290 595 514 643 videlicet
529 611 567 642 s.
593 594 803 657 Georgii,
824 594 1194 654 Alexandrinus,
1214 592 1484 657 RegiensiS,
1503 590 1862 656 Agrigentinus,
1884 592 2063 638 Cusen-

290 678 435 737 tinus,
460 678 805 735 Salernitanus,
834 679 1094 736 Cumanus,
1122 675 1458 734 Bononiensis,
1484 674 1853 732 Volaterranus,
1887 671 2062 720 Adria-

290 777 399 820 nus,
424 761 675 821 Columna,
703 760 946 824 Aragonia
971 764 1018 808 et
1045 759 1286 818 Elnensis3
1324 762 1455 822 Papa
1490 757 1692 806 absolvit
1722 759 1830 820 post
1864 755 2062 804 missam

292 860 435 907 quam
458 843 714 893 celabravit
737 844 994 908 episcopus
1016 843 1299 892 Calmensis.

358 929 507 986 Lune,
538 930 597 975 25
620 927 828 991 augusti,
854 927 904 975 in
928 943 1086 986 mane,
1112 926 1290 975 recessi
1313 942 1371 974 ex
1392 924 1518 974 Urbe
1539 924 1693 972 iturus
1720 922 1778 971 ad
1815 920 2062 969 Civitatem

292 1010 629 1070 Castellanam,
660 1010 917 1058 ecclesiam
942 1026 1118 1069 meam,
1145 1010 1195 1057 in'
1218 1010 1412 1058 nomine
1436 1007 1646 1056 Domini.

360 1097 507 1153 Lune,
543 1098 560 1141 1
604 1094 908 1158 septembliS‚
947 1095 996 1142 in
1031 1094 1323 1142 consistorio
1355 1097 1559 1152 secreto,
1593 1091 1683 1139 fuit
1717 1068 2063 1154 pronunciatus

294 1175 444 1224 frater
465 1177 687 1225 Nicolaus
713 1178 773 1225 de
797 1175 1411 1241 Aquapendente,old1n1s
1436 1174 1789 1222 heremitarum
1807 1189 1846 1220 s.
1872 1172 2061 1237 Augus-

293 1259 396 1317 tini,
422 1260 818 1323 archiepiscopus
843 1260 1193 1319 Dirachiensis,
1218 1263 1263 1307 et
1284 1259 1439 1307 factus
1462 1258 1663 1306 sacrista
1683 1260 1830 1321 Pape.

357 1343 545 1402 Martis,
573 1347 599 1391 2
623 1344 930 1407 septembris,
963 1347 1074 1391 ante
1103 1343 1229 1406 diem
1256 1343 1328 1390 vel
1357 1342 1406 1390 in
1439 1357 1600 1401 mane,
1627 1340 1831 1389 recessit
1856 1355 1915 1387 ex
1935 1339 2062 1388 Urbe

295 1427 377 1473 SS.
404 1428 460 1473 D.
495 1429 676 1486 noster,
718 1430 901 1475 etcum
934 1443 991 1474 eo
1030 1427 1369 1486 cardinalis...,
1407 1428 1762 1473 sacramentum
1796 1425 1908 1470 ante
1931 1438 2060 1480 eum,

296 1508 423 1570 quod
448 1513 640 1556 secutus
669 1509 758 1557 fuit
793 1513 849 1557 D.
885 1510 1138 1558 Balthasar
1171 1509 1230 1557 de
1266 1508 1488 1558 Viterbio
1522 1522 1612 1571 pro
1647 1507 1865 1564 sacrista,
1903 1510 1950 1553 et
1973 1505 2066 1552 alia

294 1606 429 1639 more
445 1591 609 1649 solit03
638 1591 752 1639 fecit
775 1591 1066 1655 prandium
1055 1607 1104 1638 ln
1121 1593 1359 1649 Baccano,
1388 1590 1560 1637 deinde
1587 1588 1814 1652 equitavit
1829 1589 1890 1635 ad
1911 1589 2059 1651 Nepe,

297 1673 375 1721 ubi
396 1673 669 1738 hospitatus
691 1675 816 1722 fuit
806 1691 851 1722 ln
877 1678 1036 1723 castio
1059 1691 1162 1724 suo.

356 1757 577 1817 Veneris,
618 1762 644 1806 5
681 1759 989 1821 septembris,
1029 1760 1161 1808 circa
1188 1759 1472 1823 vigesimam
1494 1730 1774 1806 secundam
1806 1757 1982 1805 horam
2015 1754 2065 1803 in

291 1840 479 1888 civitate
507 1838 824 1901 Vitelbiensi,
871 1843 991 1890 obiit
1035 1844 1160 1891 bone
1200 1843 1438 1891 memorie
1477 1842 1737 1891 cardinalis
1781 1840 2058 1898 GurcensiS,

288 1922 476 1985 legatus
496 1924 805 1992 patrimonii,
849 1926 986 1997 cujus
1019 1927 1226 1974 cadaver
1257 1927 1468 1990 positum
1501 1925 1592 1974 fuit
1626 1925 1675 1973 in
1711 1923 1918 1973 ecclesia
1951 1938 2063 1971 con-

287 2011 457 2052 ventus
484 2006 785 2055 sanctissime
810 2007 1074 2057 Trinitatis.

355 2090 505 2148 Lune,
536 2091 563 2136 8
591 2090 897 2153 septembris,
927 2095 1037 2139 ante
1073 2091 1249 2140 horam
1283 2092 1567 2156 vigesimam
1596 2091 1823 2155 primam,
1850 2092 1981 2152 Papa
2005 2104 2063 2136 ex

289 2173 420 2234 Nepe
454 2172 653 2220 veniens
690 2173 883 2222 intravit
928 2174 1176 2222 Civitatem
1221 2175 1540 2224 Castellanam
1585 2181 1679 2237 'per
1721 2176 1909 2237 portam
1946 2175 2063 2220 Bur-

288 2269 504 2317 gensem,
530 2257 577 2302 et
597 2258 828 2318 potestas,
852 2262 1213 2306 conservatores
1229 2261 1276 2306 et
1296 2257 1665 2322 principaliores
1681 2256 1809 2304 cives
1832 2257 2062 2303 venerunt

288 2336 375 2383 sibi
400 2336 606 2397 obviam,
633 2341 680 2385 et
705 2338 841 2402 pueri
867 2339 1059 2388 circiter
1084 2345 1295 2399 centum,
1323 2355 1492 2388 omnes
1524 2339 1573 2387 in
1609 2339 1746 2398 albis,
1782 2353 1893 2385 cum
1917 2335 2061 2385 ramis

289 2418 540 2478 olivarum,
588 2420 851 2469 clamantes
894 2421 1040 2481 Julio,
1088 2422 1248 2470 chlio!
1289 2425 1418 2486 Papa
1465 2421 1695 2484 equitavit
1735 2435 1888 2483 usque
1925 2418 1987 2467 ad
2023 2433 2062 2467 S.

287 2501 491 2550 Mariam
515 2502 574 2551 de
598 2505 765 2563 Barco,
794 2505 874 2552 ubi
898 2505 944 2552 in
973 2505 1181 2553 ecclesia
1212 2506 1400 2569 accepit
1433 2504 1660 2553 amictum
1681 2503 1863 2562 album,
1890 2502 2060 2566 cingu-

286 2583 405 2642 lum,
435 2586 719 2648 capuccium
740 2591 785 2634 et
809 2588 982 2635 stolam
1003 2588 1060 2636 de
1087 2589 1237 2652 perlis
1264 2593 1310 2635 et
1336 2588 1575 2652 capellum
1598 2587 1656 2635 de
1679 2586 1852 2634 velluto
1875 2600 2061 2633 creme-

287 2666 408 2725 sino,
445 2671 491 2715 et
521 2669 598 2717 via
635 2673 770 2717 recta
805 2686 892 2733 per
927 2671 1137 2735 plateam
1179 2671 1408 2735 equitavit
1447 2670 1507 2718 ad
1539 2670 1796 2718 ecclesiam
1831 2654 2054 2716 Civitatis.

285 2751 402 2812 Ego,
428 2765 537 2798 cum
566 2751 720 2800 exiret
750 2757 941 2816 portam
979 2754 1075 2802 sive
1108 2769 1279 2802 arcum
1311 2753 1552 2802 antedicte
1587 2751 1791 2801 ecclesie
1823 2767 1861 2799 S.
1888 2749 2057 2807 Marie,

286 2834 480 2895 porrexi
503 2837 630 2898 Pape
650 2851 845 2884 crucem
869 2837 919 2884 in
939 2838 1072 2885 mula
1098 2838 1430 2897 osculandam,
1451 2852 1594 2900 quam
1611 2852 1669 2884 ex
1693 2834 1917 2883 manibus
1938 2831 2059 2903 meis

288 2916 530 2964 osculatus
566 2922 653 2977 ost,
694 2935 790 2967 non
824 2921 953 2969 facta
990 2921 1078 2969 sihi
1115 2921 1406 2979 reverentia,
1444 2923 1644 2984 propter
1679 2932 1876 2967 crucem
1914 2929 2059 2978 quam

290 2999 518 3046 manibus
575 3002 822 3062 tenebam3
883 3001 1058 3051 deinde
1116 3003 1273 3067 incepi
1330 3003 1646 3066 antiphonam
1701 3015 1800 3048 ecce
1847 2997 2059 3069 sacerdos

290 3097 513 3146 maynus,
549 3099 694 3146 quam
720 3086 964 3148 processio
990 3086 1307 3145 continuavit3
1336 3084 1647 3149 procedendo
1679 3098 1766 3146 per
1794 3081 1917 3129 viam
1947 3082 2058 3129 bre-

289 3163 488 3223 viorem,
533 3167 750 3229 pervenit
785 3168 846 3215 ad
890 3169 1144 3216 ecclesiam
1191 3184 1368 3227 meam,
1409 3167 1489 3215 ubi
1532 3164 1792 3214 cardinalis
1826 3164 2059 3212 Columna

290 3246 575 3296 ministravit
614 3249 656 3296 ei
695 3252 1038 3314 aspersorium,
1079 3251 1368 3309 naviculam,
1405 3253 1452 3297 et
1485 3248 1713 3312 imposito
1745 3248 1944 3296 incenso
1967 3262 2056 3310 per

292 3330 490 3392 Papam,
517 3331 619 3394 ipse
641 3333 898 3382 cardinalis
919 3334 1182 3384 incensavit
1209 3349 1343 3392 eum3
1371 3348 1460 3396 ego
1489 3332 1648 3395 incepi
1680 3331 1742 3378 Te
1772 3330 2054 3378 Deccmlau-

292 3410 474 3460 damus,
501 3416 632 3479 Papa
648 3418 865 3467 ascendit
881 3433 1046 3467 versus
1062 3418 1212 3467 altare
1229 3418 1385 3482 majus
1400 3420 1447 3464 et
1462 3415 1679 3464 adoravit
1693 3415 2052 3464 sacramentum
