2228 3938
350 374 420 410 208
966 370 1201 408 JOHANNIS
1228 369 1523 414 BURCHARDI,
1924 373 2016 414 [suin
2038 373 2129 414 1502]

351 474 475 523 libus
498 474 768 537 pulverum,
796 471 990 523 tandem
1012 475 1225 538 quinque
1244 473 1336 521 alie
1362 488 1471 520 cum
1497 472 1713 532 salnitro,
1740 472 1848 521 telis
1875 478 1924 521 et
1941 474 2132 537 pallotis

354 557 559 615 mixtim,
582 572 675 621 que
693 557 858 606 omnia
877 561 1007 622 Papa
1027 564 1160 606 stans
1182 558 1231 605 in
1254 556 1413 606 castro
1433 573 1472 604 s.
1493 555 1665 619 Angeli
1686 555 1798 603 vidit
1818 556 2040 606 conduci.

359 676 361 678 -
418 640 561 688 Feria
581 645 768 704 quarta,
799 637 817 688 1
845 640 1026 690 mensis
1043 641 1185 706 junii,
1210 641 1258 688 in
1280 655 1422 688 mane
1444 642 1555 687 ante
1578 638 1726 698 diem,
1755 641 1921 687 RmUs.
1947 641 2004 687 D.
2029 645 2133 689 car-

353 720 524 772 dinalis
547 724 775 772 Senensis
798 723 1000 773 recessit
1019 740 1077 773 ex
1105 724 1231 772 Urbe
1254 722 1724 783 iturus'Hetruriam,
1749 722 1958 787 patriam
1976 740 2127 774 suam.

416 807 597 856 Eadem
631 807 724 865 die,
760 813 928 872 captus
966 807 1054 856 fuit
1091 807 1222 856 circa
1252 807 1424 856 horam
1463 821 1776 869 vesperarum
1813 805 2128 872 Hieronymus

352 891 616 951 Her-melin,
641 891 842 940 clericus
864 891 1139 940 Basiliensis
1161 891 1380 952 diecesis,
1400 894 1446 939 et
1466 890 1636 939 ductus
1655 889 1716 937 ad
1733 904 1980 939 carcerem
2000 890 2131 939 curie

352 993 390 1024 s.
416 975 597 1034 Crucis,
623 974 734 1023 inde
756 975 816 1023 ad
835 975 1035 1023 domum
1057 975 1286 1023 auditoris
1308 989 1519 1033 camere,
1547 977 1595 1021 et
1622 972 1681 1022 de
1714 972 1795 1020 illa
1824 972 1884 1020 ad
1911 988 2131 1022 carceres

350 1058 513 1107 Turris
536 1060 689 1117 None,
722 1062 769 1106 et
799 1057 977 1107 ibidem
1000 1058 1049 1105 in
1069 1058 1317 1122 presentia
1348 1061 1405 1106 D.
1432 1056 1645 1121 episcopi
1667 1056 2020 1117 Cesenatensis,
2045 1061 2132 1105 au'-

350 1142 533 1202 ditoris,
549 1137 741 1190 ‘torture
765 1142 1029 1205 expositus,
1051 1141 1113 1191 ob
1136 1157 1284 1206 quam
1306 1141 1556 1190 confessus
1578 1144 1652 1188 est
1668 1139 1872 1188 nimium
1893 1140 1953 1188 de
1971 1139 2131 1204 signa—

348 1225 463 1273 turis
485 1225 746 1274 multarum
767 1225 1170 1289 supplicationum
1199 1223 1515 1288 promovendi
1544 1223 1604 1272 ad
1634 1238 1796 1271 sacros
1818 1222 2011 1271 ordines
2043 1238 2131 1286 per

349 1320 459 1357 eum
482 1309 733 1357 factarum.
1947 1310 1951 1313 “
2063 1310 2066 1313 “

414 1391 552 1441 Feria
572 1391 755 1455 quinta,
781 1394 808 1438 2
831 1390 1170 1449 dicti'mensis,
1198 1390 1387 1438 intravit
1413 1390 1592 1438 Urbem
1619 1394 1730 1453 post
1758 1388 1928 1438 horam
1956 1389 2130 1453 vigesi*

347 1490 494 1533 mam,
519 1490 606 1538 per
624 1479 813 1538 portam
836 1473 1083 1531 Viridarii,
1106 1473 1410 1537 [magnificus
1432 1476 1490 1521 D.
1521 1472 1837 1536 Justinianus]
1859 1472 1941 1537 (1),
1967 1475 2129 1520 orator

341 1557 480 1606 >ducis
502 1561 551 1606 et
572 1556 772 1605 dominii
795 1556 1094 1606 Venetorum
1114 1556 1196 1619 qui
1223 1571 1253 1603 a
1278 1556 1469 1603 familiis
1497 1557 1580 1604 SS.
1617 1557 1675 1603 D.
1709 1555 1860 1603 nostri
1880 1559 1936 1604 ⁴et
1966 1555 2126 1604 cardi-

346 1639 528 1688 nalium
556 1644 780 1703 receptus
811 1643 859 1687 et
886 1653 1038 1701 usque
1066 1637 1127 1685 ad
1153 1637 1351 1685 domum
1380 1653 1468 1700 pro
1494 1637 1793 1685 habitatione
1822 1653 1909 1685 sua
1934 1637 2126 1686 ordina-

346 1727 443 1771 tam
466 1723 750 1772 associatus

411 1807 549 1855 Feria
565 1807 750 1870 quinta,
769 1810 796 1854 9
817 1805 931 1854 dicti
953 1805 1134 1853 mensis
1146 1804 1287 1870 junii,
1311 1804 1488 1869 reperti
1512 1810 1621 1853 sunt
1641 1806 1692 1854 in
1712 1805 1886 1871 Tyberi
1907 1804 2127 1854 suffocati

337 1907 399 1939 ac
416 1890 593 1939 mortui
616 1890 850 1939 Dominus
872 1889 1116 1947 Faventie,
1133 1888 1323 1952 juvenis
1342 1888 1618 1937 octodecim
1639 1905 1879 1939 annorum
1899 1889 1975 1938 vel
1995 1889 2127 1937 circa

345 1973 465 2022 adeo
486 1973 687 2037 pulchre
711 1973 866 2021 forme
889 1976 936 2020 et
965 1975 1148 2020 stature
1171 1971 1302 2034 quod
1321 1970 1449 2020 inter
1471 1972 1602 2021 mille
1625 1977 1882 2022 coetaneos
1911 1987 2025 2021 suos
2050 1971 2128 2020 vix

346 2056 583 2121 potuisset
601 2043 690 2104 sibi
708 2055 877 2104 similis
897 2055 1117 2119 reperiri,
1136 2070 1246 2103 cum
1264 2054 1438 2102 balista
1454 2054 1514 2103 ad
1532 2055 1732 2114 collum3
1751 2062 1798 2105 et
1814 2056 1909 2104 duo
1923 2056 2126 2120 juvenes

354 2157 441 2205 per
472 2138 671 2188 brachia
699 2139 841 2187 simul
866 2138 1016 2202 ligati,
1054 2154 1176 2186 unus
1205 2137 1482 2201 quindecim
1514 2154 1772 2198 annorum,
1809 2139 1929 2187 alius
1961 2137 2126 2202 viginti

353 2224 563 2287 quinque
583 2223 658 2272 vel
679 2223 807 2271 circa
823 2227 871 2271 et
892 2237 1040 2286 prope
1065 2238 1148 2270 eos
1170 2221 1378 2284 quedam
1405 2221 1586 2270 femina
1609 2225 1658 2271 et
1678 2222 1759 2270 alii
1779 2222 1918 2270 multi
1944 2220 2023 2286 (2).

418 2307 557 2356 Feria
577 2311 725 2366 sexta,
756 2310 813 2354 10
838 2306 979 2370 junii,
1009 2305 1294 2354 nunciatum
1315 2305 1469 2353 estad
1489 2305 1667 2354 Urbem
1697 2305 1937 2354 civitatem
1965 2304 2126 2354 Pisau-

353 2391 564 2440 riensem
587 2390 696 2438 duci
716 2389 1047 2440 valentinensi
1066 2405 1117 2437 se
1140 2388 1410 2438 subdidisse
1433 2393 1480 2437 et
1505 2389 1608 2453 ejus
1629 2388 1800 2437 vexilla
1822 2404 1910 2452 per
1937 2387 2126 2438 diversa

352 2474 461 2523 loca
478 2473 679 2522 civitatis
698 2473 910 2522 erexisse
931 2489 941 2533 ;
966 2472 1097 2536 quod
1125 2475 1291 2520 tamen
1310 2487 1480 2521 verum
1501 2488 1597 2520 non
1618 2472 1722 2520 fuit.

418 2557 558 2606 Feria
579 2557 806 2616 secunda,
837 2559 892 2604 13
914 2555 1096 2604 mensis
1117 2555 1258 2620 junii,
1289 2555 1491 2604 recessit
1514 2556 1573 2604 ab
1607 2555 1737 2604 Urbe
1768 2557 1923 2603 Lucas
1953 2554 2012 2604 de
2038 2557 2128 2604 Re-

352 2640 523 2700 naldis,
549 2640 838 2689 secretarius
859 2645 906 2688 et
928 2644 1091 2688 orator
1114 2639 1408 2687 serenissimi
1428 2640 1556 2704 regis
1578 2642 1925 2698 Romanorum,
1948 2637 2028 2702 qui
2048 2637 2126 2687 die

350 2724 537 2772 veneris
562 2727 617 2772 13
640 2723 822 2772 mensis
843 2723 958 2771 maii
984 2725 1187 2771 Romam
1208 2726 1421 2772 venerat.

418 2807 645 2866 Sabbato,
674 2811 731 2855 18
754 2807 975 2871 ejusdem
996 2806 1193 2866 mensis,
1220 2806 1402 2855 dictum
1416 2811 1498 2854 -est
1520 2821 1606 2870 per
1630 2806 1807 2855 Urbem
1826 2803 2124 2856 Vitellotium

352 2891 598 2941 Vitellium
623 2891 704 2955 qui
732 2906 888 2954 nuper
914 2889 1155 2938 civitatem
1187 2890 1459 2948 Aretinam,
1491 2889 1704 2938 dominio
1734 2889 2124 2940 Florentinorum

400 3075 433 3111 1.
461 3075 511 3112 Le
531 3085 614 3112 nom
634 3074 678 3110 de
694 3072 865 3111 l'orateur
884 3073 1041 3111 venitien
1062 3077 1120 3111 est
1138 3073 1247 3110 laisse
1268 3085 1313 3110 en
1329 3073 1436 3110 blanc
1455 3073 1547 3111 dans
1571 3074 1624 3112 les
1644 3087 1733 3113 mss.

341 3167 343 3169 .
399 3134 455 3170 On
473 3133 551 3170 doit
576 3136 596 3170 a
616 3134 667 3170 M.
688 3132 813 3170 Villari
843 3133 876 3169 la
897 3132 1084 3180 precieuse
1116 3132 1339 3182 publication
1363 3133 1428 3170 des
1460 3133 1639 3181 depeches
1660 3134 1703 3171 de
1736 3133 1942 3172 Giustinani
1964 3133 2126 3181 pendant

352 3204 419 3229 son
437 3191 653 3229 ambassadc
675 3195 696 3228 a
715 3192 842 3236 Rome,
861 3192 909 3228 du
924 3194 946 3226 2
962 3191 1040 3240 juin
1065 3193 1157 3228 1502
1170 3204 1215 3228 au
1232 3193 1279 3227 26
1295 3191 1383 3228 avril
1405 3193 1508 3229 1505.
1527 3192 1568 3238 (F
1571 3192 1727 3238 lorence,
1746 3194 1848 3238 1876,
1864 3192 1968 3230 3vol.
1990 3192 2122 3238 ἰπὶ-12.)
2167 3239 2173 3245 -

396 3252 432 3287 2.
463 3250 704 3288 Giueciardini
724 3251 844 3287 donne
864 3252 885 3285 a
918 3250 1091 3286 entendre
1110 3250 1283 3297 qu'avant
1309 3251 1354 3286 de
1386 3249 1475 3286 faire
1494 3250 1630 3287 mourir
1645 3252 1767 3297 Astor,
1790 3252 1901 3290 Cesar
1920 3250 2055 3300 Borgia
2073 3249 2123 3286 lui

351 3309 469 3347 aurait
499 3310 564 3347 fait
599 3310 702 3347 subir
729 3309 782 3347 les
813 3309 976 3346 derniers
1006 3313 1179 3357 outrages
1211 3309 1312 3357 (ann.
1338 3311 1441 3355 1502,
1474 3309 1532 3346 cb.
1562 3311 1612 3358 v).
1647 3311 1803 3349 Suivant
1822 3310 1976 3356 Vettori‚
2011 3309 2124 3347 cesar

350 3368 490 3406 l’aurait
506 3369 570 3407 fait
590 3370 684 3419 perir
703 3381 768 3417 par
785 3368 836 3405 les
852 3368 968 3404 mains
985 3368 1030 3405 de
1050 3367 1251 3405 Bianchino
1271 3369 1315 3405 de
1327 3368 1426 3412 Piso,
1453 3384 1470 3403 «
1492 3368 1516 3404 il
1537 3369 1644 3418 quale
1662 3371 1864 3420 adoperava
1882 3382 1946 3420 per
1958 3368 2121 3406 ministro

350 3427 387 3464 in
410 3427 517 3465 simili
538 3429 712 3467 crudelta.
740 3442 759 3462 »
779 3429 809 3465 Il
828 3428 938 3465 Sacco
966 3428 1005 3464 di
1023 3430 1147 3475 Romu,
1169 3440 1206 3476 p.
1233 3429 1315 3465 454.
1337 3427 1430 3477 Voy.
1460 3428 1494 3465 la
1519 3428 1678 3477 depeche
1700 3430 1749 3467 du
1768 3431 1791 3468 6
1812 3430 1892 3479 juin
1912 3430 1958 3472 de
1974 3427 2119 3466 >Giusti-

350 3486 464 3532 niani,
488 3493 513 3526 t.
538 3490 565 3531 I,
587 3501 622 3537 p.
648 3490 704 3525 18.
