2228 3938
141 362 226 405 [Mai
248 363 341 404 15⁰2]
586 360 756 398 RERUM
789 358 1093 398 URBANARUM
1125 358 1478 397 COMMENTARII.
1858 362 1928 396 207

140 467 202 516 ad
230 464 610 531 processionem,
647 478 741 528 que
778 462 905 511 facta
940 465 1015 511 est
1049 465 1193 527 prout
1226 463 1386 512 fuerat
1416 462 1655 512 intimata.
1694 464 1925 512 Cursores

141 550 381 599 dederunt
406 548 691 598 relationem
713 547 773 596 de
803 545 1024 595 examine
1056 547 1204 598 trium
1231 547 1569 596 mandatorum
1599 563 1689 611 per
1720 562 1805 595 eos
1835 563 1923 612 pro

139 633 416 700 hujusmodi
453 631 762 697 processione
797 633 1112 680 executorum
1153 631 1262 680 heri
1294 634 1354 680 D.
1395 631 1708 695 gubernatori
1749 631 1920 680 Urbis:

139 718 496 767 abbreviatores
520 717 580 765 de
602 715 760 781 prima
774 714 958 764 visione
985 718 1033 764 et
1053 732 1200 780 parco
1228 716 1407 765 minori
1432 719 1482 765 et
1509 715 1744 780 magister
1771 714 1925 780 regis-

139 805 329 851 trorum
354 801 592 850 bullarum
625 802 675 848 et
704 798 1107 863 supplicationum
1135 816 1234 849 non
1266 800 1590 848 interfuerunt
1615 814 1706 848 nec
1733 799 1928 848 fuerunt

139 886 314 945 vocati,
337 888 537 950 propter
556 883 921 932 contentionem
939 899 1181 931 annorum
1203 884 1526 948 superiorum.
1547 883 1638 931 Via
1654 883 1743 931 fuit
1758 886 1929 931 ornata

139 985 227 1034 per
259 969 530 1018 cardinales
563 970 706 1032 prout
736 967 873 1016 annis
908 967 1254 1031 superioribus.
1289 970 1404 1017 Post
1434 982 1604 1016 omnes
1631 966 1923 1026 cardinales,

140 1054 445 1102 incesserunt
473 1051 610 1100 mimi
643 1054 872 1116 tympana
906 1055 1135 1100 sonantes
1168 1067 1376 1116 quorum
1412 1067 1537 1100 unus
1571 1050 1660 1098 fuit
1690 1049 1751 1115 (1)
1781 1066 1928 1115 super

141 1137 362 1201 planellis
377 1135 475 1185 suis
494 1135 691 1185 circiter
711 1135 882 1185 decem
901 1135 1209 1195 ducatorum,
1232 1138 1280 1185 et
1298 1138 1408 1200 post
1425 1151 1509 1184 eos
1528 1134 1624 1183 dux
1639 1133 1927 1184 Valentinus

141 1236 253 1269 cum
274 1220 516 1269 nobilibus
538 1220 653 1279 suis,
680 1219 854 1269 deinde
877 1222 1025 1284 Papa,
1053 1222 1166 1284 post
1194 1236 1340 1283 quem
1368 1222 1540 1284 gentes
1565 1234 1811 1267 armorum
1834 1233 1927 1281 que

141 1303 290 1353 etiam
310 1304 501 1353 iverunt
518 1305 658 1368 juxta
679 1303 1043 1367 processionem
1061 1303 1176 1351 hinc
1198 1307 1247 1352 et
1272 1302 1402 1364 inde,
1427 1303 1487 1352 ab
1510 1302 1636 1351 illius
1658 1301 1895 1366 principio
1915 1317 1925 1350 ε

137 1387 398 1436 cardinalis
431 1386 812 1451 Caputaquensis
846 1386 1180 1436 celebraturus
1214 1387 1415 1436 missam
1444 1401 1543 1435 non
1566 1386 1699 1435 venit
1733 1385 1794 1434 ad
1817 1400 1930 1450 pro-

142 1471 417 1520 cessionem
452 1470 540 1519 sed
570 1470 826 1519 associavit
851 1470 1009 1519 solum
1039 1471 1090 1519 in
1120 1470 1419 1536 paramentis
1449 1473 1630 1534 Papam
1652 1469 1712 1519 de
1739 1484 1934 1518 camera

145 1554 388 1619 Papagalli
407 1570 558 1618 usque
576 1554 638 1603 ad
655 1570 852 1618 parvam
871 1555 1110 1619 capellam
1127 1555 1207 1604 ubi
1225 1557 1336 1619 post
1352 1569 1600 1603 recessum
1619 1556 1765 1617 Pape,
1785 1553 1934 1616 depo-

146 1638 250 1686 sitis
274 1638 588 1702 paramentiS,
615 1638 806 1702 accepit
832 1654 1036 1702 cappam
1060 1641 1110 1686 et
1135 1638 1263 1686 venit
1289 1638 1350 1686 ad
1374 1638 1524 1685 altare
1554 1636 1711 1701 majus
1736 1635 1931 1685 basilice

146 1738 185 1769 s.
211 1722 341 1771 Petri
366 1722 447 1770 ubi
474 1722 671 1770 indutus
696 1727 769 1770 est
791 1722 1088 1786 paramentis
1115 1721 1391 1770 missalibus
1419 1720 1680 1770 consuetis.
1707 1722 1823 1769 Post
1847 1720 1934 1769 ad—

144 1808 343 1854 ventum
364 1808 511 1869 Pape,
532 1805 726 1870 incepta
743 1810 814 1854 est
834 1805 982 1854 missa
999 1810 1048 1855 et
1065 1805 1158 1854 alia
1175 1805 1341 1854 omnia
1357 1807 1468 1854 acta
1482 1807 1595 1853 sunt
1612 1820 1748 1853 more
1770 1804 1930 1853 solito.

145 1891 251 1937 Non
271 1889 403 1937 dicta
423 1892 497 1938 est
514 1904 674 1953 prosa,
697 1889 808 1953 quia
828 1891 959 1953 Papa
976 1890 1222 1938 mandavit
1242 1889 1523 1938 cantoribus
1544 1888 1674 1953 quod
1691 1888 1937 1938 abbrevia-

147 1977 258 2021 rent
277 1978 474 2022 cantum
497 1989 656 2032 suum,
683 1973 812 2037 quod
831 1973 1072 2023 fecerunt.

211 2057 538 2123 Sabbato‚28
561 2057 675 2105 dicti
708 2057 889 2106 mensis
922 2057 1054 2118 maii,
1092 2063 1202 2123 post
1233 2058 1405 2107 horam
1434 2048 1762 2123 vesperarum,
1793 2057 1938 2107 ducta

145 2140 342 2189 fuerunt
361 2140 421 2189 de
443 2140 547 2205 ripa
569 2157 658 2204 per
678 2143 915 2206 Campum
939 2142 1079 2191 Flore
1101 2142 1162 2191 ad
1188 2147 1398 2191 castrum
1425 2159 1464 2190 s.
1489 2143 1662 2207 Angeli
1693 2142 1938 2191 artelleria

146 2224 262 2273 olim
279 2224 516 2285 Federici,
540 2225 669 2289 regis
690 2226 1014 2290 Neapolitani,
1032 2242 1125 2290 que
1146 2226 1315 2275 habuit
1335 2227 1385 2275 in
1406 2227 1562 2276 Ischia
1583 2232 1631 2276 et
1662 2230 1791 2292 Papa
1818 2226 1937 2275 emit

147 2325 176 2357 a
192 2324 306 2373 rege
323 2309 559 2358 tredecim
578 2310 730 2358 millia
747 2309 1062 2359 ducatorum:
1081 2311 1432 2360 estimabantur
1447 2327 1554 2362 esse
1571 2312 1748 2361 valoris
1765 2312 1936 2360 decem

146 2393 314 2442 millia.
354 2395 568 2442 Fuerunt
603 2410 802 2443 carruce
841 2395 1104 2459 octoginta,
1138 2412 1342 2460 quarum
1382 2396 1569 2461 singule
1609 2396 1929 2445 trahebantur

148 2478 356 2540 quedam
377 2494 466 2541 per
484 2495 633 2526 unum
651 2495 846 2542 equum,
871 2479 1080 2543 quedam
1099 2495 1188 2543 per
1205 2480 1328 2529 duos
1347 2480 1568 2541 bubalos,
1590 2481 1682 2530 alie
1702 2497 1790 2546 per
1809 2485 1926 2541 tres,

148 2559 239 2609 alie
269 2576 359 2625 per
389 2577 475 2609 sex
506 2562 664 2610 mulos
695 2578 705 2609 :
736 2562 785 2609 in
809 2562 967 2625 prima
997 2566 1045 2610 et
1071 2564 1287 2612 secunda
1314 2580 1518 2619 carruca
1543 2569 1679 2613 erant
1705 2564 1930 2628 sclopetti

147 2659 238 2707 pro
264 2644 432 2693 baucis
463 2649 511 2694 et
545 2645 692 2693 etiam
722 2645 1002 2705 manuales3
1033 2646 1081 2693 in
1110 2647 1349 2711 sequenti,
1389 2647 1437 2695 in
1467 2648 1697 2711 qualibet,
1727 2652 1824 2696 tres
1859 2647 1931 2695 vel

149 2731 354 2790 quatuor
380 2733 462 2777 aut
495 2745 579 2778 sex
602 2729 950 2789 bombardelle‚
977 2731 1248 2779 successive
1275 2730 1325 2778 in
1353 2731 1459 2779 aliis
1488 2730 1690 2795 singulis
1718 2730 1929 2779 carrucis

150 2812 384 2875 usquead
410 2811 575 2875 viginti
606 2813 725 2863 duas
754 2830 1002 2874 carrucas;
1027 2814 1226 2863 fuerunt
1253 2831 1350 2863 una
1375 2815 1449 2863 vel
1479 2815 1571 2864 due
1596 2814 1860 2864 bombarde
1881 2814 1926 2862 in

147 2894 381 2959 vigesima
401 2897 615 2946 secunda
635 2902 861 2959 carretta,
886 2903 934 2947 et
957 2899 1228 2947 successive
1248 2899 1297 2947 in
1319 2898 1522 2964 singulis
1544 2915 1695 2963 usque
1716 2898 1778 2947 ad
1799 2898 1931 2963 vige-

151 2975 321 3026 simam
345 2979 563 3043 quintam
585 2985 822 3030 carretam
844 2982 1043 3032 fuerunt
1067 3000 1162 3032 una
1186 2983 1455 3032 bombarda
1478 2999 1674 3048 magna,
1698 2988 1744 3032 et
1769 2982 1932 3047 plures

150 3077 209 3109 ex
240 3061 308 3110 eis
340 3063 666 3126 pulcherrime
698 3071 746 3115 et
778 3066 915 3115 fortis
949 3068 1316 3132 compositionis
1347 3084 1358 3116 ε
1391 3067 1722 3131 sequebantur
1745 3065 1932 3130 pedites

150 3141 356 3194 numero
377 3146 472 3195 duo
493 3149 643 3197 millia
662 3149 735 3198 vel
765 3150 898 3198 circa
923 3150 1148 3199 ordinate
1177 3155 1224 3200 et
1249 3154 1436 3216 septem
1465 3151 1513 3198 in
1541 3150 1756 3214 quolibet
1780 3163 1934 3196 mem-

87 3245 91 3250 ’
151 3227 239 3276 bro
259 3228 539 3280 incedentes
562 3248 672 3282 cum
699 3234 901 3295 lanceiS,
923 3235 1198 3295 allabardiS‚
1225 3235 1489 3300 sclopettiS,
1508 3239 1618 3299 post
1637 3233 1745 3282 illos
1766 3231 1933 3295 viginti

152 3313 340 3373 septem
373 3327 574 3363 carruce
601 3316 792 3380 pallotis
827 3317 998 3366 ferreis
1032 3322 1234 3366 onerate
1270 3317 1446 3367 deinde
1482 3333 1593 3366 cum
1624 3315 1775 3364 tribus
1805 3312 1935 3360 hari-

199 3434 232 3471 1.
261 3433 382 3481 Lecon
408 3436 454 3474 de
478 3438 601 3487 Chigi,
621 3439 647 3476 f.
669 3440 752 3486 397,
778 3446 817 3477 v⁰
847 3445 883 3478 et
908 3443 958 3478 du
987 3442 1143 3480 5522-4.
1172 3441 1222 3478 Le
1248 3452 1340 3479 mss.
1370 3442 1434 3478 151
1455 3441 1575 3478 donne
1599 3454 1619 3474 «
1643 3437 1941 3477 ...incesserunt

151 3489 321 3531 buffones
337 3496 563 3535 tamburrino
586 3504 775 3546 sonantem
796 3513 948 3549 quorum
978 3512 1072 3539 unus
1092 3502 1202 3539 ivit...
1225 3516 1245 3535 »
