2248 3892
778 296 1096 342 SUPPLEMENT
1128 305 1159 341 A
1192 304 1518 344 L'APPENDICE.
2003 320 2038 343 111

265 423 366 454 mus
373 441 490 452 .......
519 411 681 451 Datum
715 410 864 457 Rome,
894 407 1013 459 apud
1043 409 1251 449 Sanctum
1281 410 1474 460 Petrum,
1499 420 1615 451 anno
1646 410 1782 451 incar.
1820 409 2037 451 dominice

264 478 386 528 1480,
410 477 503 518 Kal.
527 475 735 525 octobris,
758 473 912 526 pontif.
937 474 1078 514 nostri
1100 485 1215 515 anno
1236 475 1271 514 X
1291 475 1366 527 (1).
1396 493 1412 512 )

315 597 369 637 N⁰
392 595 484 637 883.
508 595 640 647 Copie
667 595 728 636 du
751 592 962 647 privilege
987 594 1040 635 de
1070 593 1363 648 legitimation
1385 596 1596 638 accordee
1624 608 1706 649 par
1736 597 1777 638 le
1804 596 1870 638 roi
1896 596 2041 638 Ferdi-

267 662 386 703 nand
410 660 431 702 ὲ
460 659 594 702 cesar
607 661 780 714 Borgia.
805 684 857 689 —
879 661 990 701 Sans
1015 660 1131 702 date.

321 781 337 801 ‹
361 762 666 806 Ferdinandus
673 793 754 803 .....
781 774 807 804 a
830 763 1126 816 maioribus...
1151 763 1197 804 in
1228 762 1506 815 frequentem
1531 776 1666 805 usum
1694 764 1934 805 relatum...
1963 764 2040 807 ubi

260 830 422 883 aliquis
439 829 656 871 natalium
687 828 908 882 reperitur
929 827 1127 870 defectus
1155 829 1242 881 ipsi
1267 841 1348 870 sua
1374 830 1648 882 benignitate
1675 843 1810 882 super
1829 843 1881 872 ea
1900 843 1948 872 re
1968 831 2041 873 be-

262 896 524 950 nignissime
545 895 911 948 dispensarunt‚..
943 895 1037 935 suis
1061 895 1179 935 enim
1210 895 1552 946 sapientissimis
1582 896 1825 937 decretis...
1853 908 1944 938 non
1974 908 2043 938 so-

259 954 599 1003 lum‘nobilium'
625 972 808 1002 suorum
842 960 1123 1002 subditorum
1151 959 1268 1001 filios
1296 964 1420 1001 extra
1448 973 1576 1002 suam
1601 962 1811 1004 ditionem
1843 975 1892 1004 ac
1919 965 2042 1004 extra

258 1028 472 1070 maritalis
495 1028 611 1068 thori
633 1028 758 1081 leges
788 1030 924 1077 ortos,
946 1028 992 1068 in
1008 1039 1193 1068 suorum
1213 1038 1455 1080 regnorum
1467 1027 1572 1079 J’ura
1598 1030 1859 1079 receperunt
1877 1039 2043 1080 eosque

263 1093 483 1147 legitimos
499 1105 598 1134 esse
614 1093 998 1146 etlegitimenatos
1016 1094 1192 1135 decerni
1205 1094 1459 1143 voluerunt,
1479 1104 1635 1134 verum
1657 1095 1838 1135 etiam...
1855 1094 1900 1134 in
1918 1105 2042 1135 sum-

259 1166 383 1200 mum
411 1160 626 1201 honorem
661 1171 711 1201 ac
732 1159 1010 1213 dignitatem,
1037 1163 1219 1209 statum,
1244 1161 1390 1201 lucem
1418 1161 1461 1199 et
1489 1159 1825 1210 amplitudinem
1852 1159 2044 1200 sustule-

264 1227 419 1265 runt...
449 1226 537 1266 Nos
573 1224 710 1277 igitur
743 1235 844 1264 cum
867 1225 1097 1266 videamus
1129 1237 1207 1267 vos
1233 1225 1432 1266 nobilem
1461 1226 1503 1265 et
1533 1224 1745 1265 dilectum
1765 1225 1971 1266 Cesarem
1992 1223 2045 1265 de

263 1291 438 1343 Boi-gia,
473 1301 527 1331 ex
559 1301 611 1331 eo
639 1293 766 1342 patre
797 1290 997 1344 genitum
1027 1290 1103 1343 qui
1125 1291 1258 1332 etiam
1279 1302 1333 1332 ex
1364 1290 1506 1331 nobili
1538 1290 1798 1342 Borgiarum
1833 1291 2045 1344 progenie

258 1358 376 1396 recta
391 1356 462 1397 via
475 1356 693 1409 originem
714 1356 883 1397 ducit...
904 1357 1011 1398 Cum
1024 1357 1155 1398 etiam
1174 1357 1269 1409 ipse
1284 1357 1402 1398 idem
1423 1357 1598 1408 genitor
1618 1359 1765 1397 vester
1780 1359 2045 1409 perpetuum

260 1421 570 1474 insignemque
594 1433 790 1463 amorem
811 1423 856 1463 in
885 1434 968 1464 nos
996 1426 1251 1475 statumque
1282 1426 1485 1464 nostrum
1515 1434 1677 1476 gerens
1708 1423 1761 1464 de
1788 1427 1967 1475 paterno
1998 1434 2046 1463 ac

260 1490 412 1529 nostro
433 1490 605 1539 sceptro
632 1491 723 1529 tam
745 1489 849 1530 belli
869 1500 1005 1541 quam
1030 1490 1151 1542 pacis
1172 1492 1369 1541 tempore
1390 1490 1452 1530 ita
1472 1489 1657 1530 meritus
1682 1489 1752 1538 sit,
1772 1491 1822 1528 ut
1842 1487 2046 1528 maximis

265 1554 443 1605 premiis
465 1554 758 1607 dignissimus
775 1554 1000 1604 videatu1·;
1021 1567 1121 1595 cum
1144 1555 1323 1595 demum
1350 1555 1406 1595 ad
1435 1557 1607 1595 tantum
1631 1554 1860 1606 dignitatis
1888 1565 1938 1594 ac
1958 1565 2048 1594 me-

265 1618 449 1660 ritorum
470 1621 660 1673 gradum
690 1620 963 1670 ascenderet,
989 1623 1038 1660 ut
1058 1632 1161 1661 eum
1183 1623 1226 1661 et
1248 1620 1294 1660 in
1315 1620 1556 1672 compatris
1577 1619 1951 1661 necessitudinem
1973 1619 2048 1660 ad-

265 1686 514 1726 miserimus
529 1689 572 1726 et
587 1686 821 1738 peculiaris
843 1685 970 1726 amici
988 1686 1084 1726 loco
1104 1698 1280 1737 semper
1300 1698 1350 1726 ac
1363 1686 1658 1726 libentissime
1672 1686 1962 1727 habuerimus
1968 1716 2047 1726 .....

262 1761 314 1791 ea
336 1754 566 1802 propter...
592 1751 770 1791 duobus
784 1762 863 1791 vos
882 1750 926 1791 in
949 1752 1173 1802 presentia
1199 1751 1356 1805 gratiis
1379 1754 1423 1792 et
1446 1752 1707 1792 muneribus
1730 1749 1940 1803 prosequi
1965 1754 2051 1791 sta-

270 1815 452 1856 tuimus.
474 1816 670 1857 Primum
694 1816 811 1857 enim
834 1828 923 1867 vos,
949 1816 1055 1868 quia
1076 1819 1198 1858 extra
1226 1818 1496 1858 matrimonii
1522 1818 1646 1870 leges
1671 1820 1818 1858 ortum
1844 1819 2051 1858 asserunt

269 1881 431 1922 natalis
449 1882 584 1923 vestri
607 1881 858 1932 deffectum‚
881 1882 936 1922 de
955 1885 1108 1923 nostra
1127 1885 1209 1924 etc.
1237 1900 1254 1918 ι

947 2125 972 2167 5
999 2137 1215 2168 NOVEMBRE
1247 2127 1366 2169 1481.

319 2249 371 2289 N⁰
391 2246 511 2289 1726.
537 2246 662 2288 Bulle
694 2246 750 2288 de
782 2247 902 2289 Sixte
936 2249 987 2288 IV
1027 2248 1155 2301 (orig.
1196 2261 1274 2290 sur
1306 2248 1574 2300 parchemin,
1610 2260 1742 2290 sceau
1773 2248 1961 2302 mutila).
1993 2251 2050 2289 Le

267 2324 380 2365 pape
403 2311 600 2366 legitime
624 2313 667 2354 la
682 2313 916 2354 naissance
937 2314 991 2355 de
1027 2316 1123 2355 Don
1163 2314 1309 2354 Pierre
1331 2314 1449 2363 Luis‚
1474 2314 1667 2365 premier
1686 2315 1771 2355 duc
1791 2314 1846 2355 de
1867 2314 2048 2355 Gandie.

266 2381 334 2419 Au
357 2378 453 2428 dos,
491 2390 548 2419 on
570 2379 635 2428 lit,
668 2390 723 2419 en
745 2378 990 2420 caracteres
1026 2379 1221 2428 anciens,
1253 2377 1486 2420 retouches
1511 2393 1520 2420 :
1548 2396 1564 2415 ‹
1591 2381 1877 2431 Leqitimatio
1899 2382 2050 2421 elabi-

269 2444 411 2484 litatio
434 2445 523 2484 Dm‘
546 2445 601 2483 P.
629 2445 742 2484 Lud.
773 2445 824 2483 de
853 2445 990 2485 Beria
1018 2445 1078 2485 ad
1104 2445 1222 2485 bona
1247 2445 1472 2492 secularia
1498 2446 1780 2496 amplissima
1805 2458 1906 2487 cum
1932 2450 2051 2487 certa

267 2509 478 2559 facultate
500 2509 614 2549 Rmi.
643 2508 729 2548 Dm'
763 2507 828 2549 Vi.
855 2510 1029 2550 Cam-ii.
1058 2527 1073 2546 ›

325 2627 342 2647 ‹
366 2611 514 2652 Sixtus
540 2610 760 2663 Epicopus
784 2611 952 2653 >Servus
987 2613 1220 2653 Servorum
1241 2612 1335 2662 Dei,
1374 2612 1540 2653 Dilecto
1571 2611 1662 2654 filio
1682 2613 1808 2653 Petro
1833 2611 2050 2653 Ludovico

268 2676 322 2728 de
346 2668 499 2728 Boria,
531 2676 798 2718 adolescenti
821 2688 1021 2726 romano,
1056 2678 1240 2719 salutem
1274 2681 1317 2718 et
1349 2677 1635 2729 apostolicam
1683 2676 2048 2729 benedictionem·

268 2742 481 2796 llegitime
504 2742 679 2796 genitos
712 2754 825 2795 quos
854 2754 1028 2784 morum
1059 2744 1235 2785 decorat
1255 2743 1464 2784 honestas
1493 2745 1651 2783 nature
1682 2742 1836 2784 vitium
1871 2743 2051 2785 minime

268 2807 506 2859 decolorat,
527 2819 633 2849 nam
666 2807 800 2849 decus
824 2809 1036 2850 virtutum
1068 2810 1274 2863 geniture
1306 2809 1527 2850 maculam
1562 2808 1778 2861 abstergit
1805 2809 1850 2848 in
1884 2807 1986 2850 filiis
2010 2812 2052 2850 et

267 2873 476 2926 pudicitia
502 2885 677 2916 morum
696 2874 842 2928 pudor
865 2875 1049 2928 originis
1070 2876 1287 2917 aboletur.
1322 2874 1610 2916 Attendentes
1631 2874 1768 2927 igitur
1790 2873 1909 2926 quod
1942 2875 2053 2916 sicut

274 2951 321 2981 se
342 2940 483 2981 'habet
514 2940 602 2982 fide
635 2941 872 2994 dignorum
905 2941 1110 2991 assertio,
1137 2944 1184 2982 tu
1206 2941 1283 2993 qui
1315 2939 1535 2982 defectum
1557 2940 1771 2980 natalium
1794 2940 1974 2991 pateris,
2000 2939 2053 2981 de

272 3008 376 3046 tunc
396 3004 583 3047 diacono
607 3005 828 3048 Cardinali
849 3006 1028 3058 genitus
1058 3010 1101 3048 et
1118 3007 1277 3058 soluta,
1311 3005 1530 3048 defectum
1556 3005 1801 3058 predictum
1823 3005 2056 3046 honestate

271 3080 446 3111 morum
464 3073 507 3112 et
526 3071 615 3113 vite
644 3072 830 3123 aliisque
850 3071 1083 3124 probitatis
1115 3072 1285 3113 meritis
1308 3082 1637 3124 recompensas,
1660 3069 1882 3111 redimens
1904 3069 2055 3112 favore

273 3134 486 3177 virtutum
506 3137 624 3190 quod
638 3137 692 3178 iis
708 3140 751 3178 te
769 3137 951 3178 odiosus
979 3140 1103 3178 ortus
1125 3137 1304 3189 ademit,
1327 3142 1370 3179 et
1384 3140 1618 3190 propterea
1637 3136 1834 3177 volentes
1851 3137 1893 3175 te
1908 3134 2056 3177 favore

275 3203 485 3255 prosequi
518 3204 730 3257 gratiose,
768 3215 859 3246 non
883 3203 940 3246 ad
968 3207 1046 3244 tua
1074 3203 1144 3245 vel
1164 3214 1243 3255 pro
1265 3205 1307 3244 te
1338 3203 1467 3244 nobis
1491 3213 1626 3253 super
1655 3201 1736 3241 hoc
1772 3200 1918 3242 oblate
1951 3201 2058 3254 peti-

315 3327 346 3359 1.
375 3325 438 3359 Cet
457 3328 584 3362 extruit
603 3328 646 3361 de
668 3329 702 3362 la.
720 3328 819 3363 bulle
840 3327 981 3371 papale,
1002 3328 1093 3361 ainsi
1114 3337 1185 3370 que
1199 3327 1252 3361 les
1273 3330 1391 3361 autres
1413 3327 1553 3371 puhlies
1572 3335 1636 3368 par
1655 3326 1700 3358 M.
1721 3325 1764 3358 de
1778 3317 1958 3369 l‘Epinois,
1979 3327 2059 3361 sont

274 3379 478 3421 reproduits
509 3379 556 3414 ici
587 3381 727 3424 d'apres
754 3383 788 3415 la
812 3382 913 3424 copie
937 3381 1017 3423 plus
1045 3381 1224 3423 complete
1245 3383 1279 3414 et
1298 3381 1379 3424 plus
1400 3382 1556 3414 correcte
1577 3388 1646 3421 que
1665 3388 1757 3412 nous
1774 3389 1884 3413 avons
1904 3390 1990 3414 sous
2007 3381 2059 3415 les

269 3440 373 3472 yeux.
