2202 3918
151 358 266 400 [Avril
286 357 386 397 1504]
598 355 767 392 RERUM
798 352 1102 391 URBANARUM
1134 350 1486 390 COMMENTARII.
1865 357 1934 392 347

149 458 415 508 latitudinis
457 458 729 522 palmorum
773 455 1031 505 duodecim
1069 455 1144 504 vel
1190 449 1342 514 circa,
1381 456 1648 524 altitudinis
1694 473 1778 506 sex
1825 473 1936 506 cum

150 542 368 606 predella
394 541 492 589 lata
524 540 793 605 palmorum
827 554 927 586 sex.
971 540 1025 585 In
1055 554 1151 602 qua
1187 538 1336 586 missa
1366 540 1665 589 consecravit
1693 556 1778 590 sex
1811 540 1938 604 epis-

152 641 317 689 copos,
355 624 579 672 videlicet
617 623 946 670 Albanensem
971 624 1019 670 et
1051 624 1322 670 Lucensem
1360 623 1646 683 cardinaleS‚
1689 639 1767 672 me
1803 626 1940 672 Orta-

151 724 288 767 num,
327 708 591 756 Antonium
626 706 936 765 Naulensem,
966 706 1279 754 Franciscum
1310 706 1617 754 Melitensem
1655 710 1703 755 et
1737 707 1937 755 Gabrie-

150 792 248 840 lem
291 792 663 840 Urbinatensem
688 789 1020 838 :assistentes
1063 789 1262 837 fuerunt
1302 789 1570 837 cardinales
1616 806 1654 838 s.
1703 791 1933 838 Praxedis

151 878 200 923 et
221 875 600 932 Alexandrinus;
634 873 789 921 nostri
823 873 1016 921 fuerunt
1050 873 1285 936 Raphael,
1315 872 1571 936 episcopus
1599 873 1933 936 Melphitensis

151 962 198 1006 et
224 959 446 1006 Andreas
469 957 782 1006 Crotonensis
811 956 1074 1005 servientes
1098 959 1226 1019 Pape
1254 956 1313 1004 de
1345 955 1577 1015 candela3
1607 972 1665 1003 ex
1690 956 1814 1004 libro
1837 956 1938 1003 fue-

113 1054 117 1059 ·
148 1045 259 1089 runt
300 1040 560 1089 cardinalis
600 1040 914 1098 Mimatensis,
950 1040 1208 1103 episcopus
1234 1039 1479 1088 Naulauus
1505 1039 1926 1088 etCesenatensis.

149 1124 408 1172 Credentia
450 1127 580 1188 Pape
623 1128 724 1173 erat
767 1125 816 1172 in
859 1124 1035 1188 angulo
1078 1124 1218 1188 juxta
1262 1122 1503 1185 capellam
1543 1114 1932 1186 ligneamffnter

149 1207 375 1255 eamdem
402 1210 450 1255 et
472 1208 623 1257 altare
655 1207 927 1272 predictum
958 1205 1194 1271 novumssa
1220 1207 1372 1254 latere
1398 1205 1524 1253 dicte
1551 1206 1737 1270 capelle
1770 1222 1936 1254 versus

148 1291 412 1340 fenestras:
448 1296 554 1340 erat
586 1290 899 1356 longitudinis
937 1290 1197 1338 duodecim
1243 1289 1515 1353 palmorum
1550 1289 1600 1336 in
1636 1289 1791 1346 circa;
1832 1274 1938 1338 cre-

148 1375 313 1423 dentia
343 1377 512 1423 nostra
543 1374 858 1438 longitudinis
882 1373 1158 1438 palmorum
1181 1373 1353 1430 ,decem
1382 1372 1457 1419 vel
1488 1372 1636 1431 circa,
1663 1373 1931 1421 latitudinis
1974 1428 1978 1430 Y

147 1457 423 1522 palmorum
458 1461 664 1522 septem,
699 1458 855 1522 posita
880 1459 1020 1522 juxta
1041 1456 1283 1520 'angulum
1308 1470 1461 1519 prope
1485 1460 1678 1519 portam
1703 1455 1934 1503 introitus
1958 1517 1962 1521 ι

149 1541 211 1588 ad
238 1556 457 1589 cameras
479 1543 625 1605 Pape,
649 1541 778 1590 inter
802 1541 1025 1589 eamdem
1046 1543 1241 1604 portam
1267 1543 1313 1587 et
1335 1542 1557 1587 nostrum
1583 1539 1754 1596 altare.
1783 1540 1934 1586 Sedes

152 1625 280 1687 Pape
298 1623 404 1672 'alta
428 1629 532 1672 erat
556 1640 585 1672 a
612 1625 768 1688 capite
796 1625 978 1682 altariS,
1007 1627 1137 1686 Papa
1162 1639 1190 1671 a
1213 1638 1364 1670 cornu
1397 1622 1635 1685 evangelii
1668 1621 1851 1669 distans
1873 1623 1933 1669 ab

149 1705 322 1754 eodem
362 1707 504 1754 altari
545 1708 606 1754 ad
639 1723 786 1755 unam
822 1723 1027 1755 cannam
1060 1723 1149 1771 per
1179 1706 1380 1769 longum
1418 1709 1465 1753 et
1505 1706 1676 1752 latum.
1707 1707 1936 1753 Paratum

150 1789 299 1837 etiam
319 1789 410 1837 fuit
434 1790 752 1838 faldistorium
773 1805 863 1854 pro
891 1794 1038 1854 Papa,
1067 1789 1291 1837 videlicet
1318 1790 1458 1836 sedes
1484 1804 1580 1836 una
1605 1788 1864 1837 cameralis
1890 1794 1936 1837 et

150 1888 235 1919 sex
258 1872 350 1920 alie
379 1889 469 1937 pro
495 1878 661 1921 nostra
682 1874 1069 1922 intronizatione.
1101 1876 1231 1936 Papa
1259 1872 1382 1920 sedit
1402 1871 1452 1918 in
1473 1887 1559 1919 sua
1584 1872 1699 1918 sede
1726 1871 1822 1919 sive
1846 1871 1937 1918 fal-
1983 1925 1986 1927 ,
2016 1888 2020 1892 ’

150 1954 355 2003 distorio
380 1971 484 2014 suo,
512 1958 753 2019 tempore,
773 1972 924 2019 usque
944 1957 1004 2003 ad
1025 1956 1204 2003 dictam
1226 1955 1526 2003 orationem:
1556 1955 1700 2014 Deus,
1725 1954 1934 2001 omnium

139 2037 357 2101 fidelium
370 2046 554 2101 pastor,
584 2047 700 2097 etc.,·
728 2040 904 2087 deinde
931 2040 1150 2088 ascendit
1177 2040 1237 2087 ad
1267 2039 1433 2087 sedem
1460 2038 1774 2086 eminentem.
1804 2040 1935 2101 Papa

144 2123 338 2183 paratus
359 2121 446 2169 fuit
463 2122 690 2170 sandaliis
704 2123 818 2181 suis,
842 2123 988 2186 pallio
1007 2122 1335 2186 respondente
1356 2125 1404 2169 et
1426 2122 1529 2169 aliis
1546 2121 1772 2169 omnibus
1794 2136 1932 2184 para-

144 2203 320 2251 mentis
357 2204 744 2267 pontificalibus:
782 2205 961 2269 incepit
992 2205 1209 2253 officium
1238 2205 1480 2262 absolute;
1517 2204 1733 2252 sedimus
1765 2219 1930 2251 coram

146 2289 274 2350 Papa
296 2287 390 2335 hoc
418 2288 613 2336 ordine:
642 2289 931 2336 Albanensis
963 2305 990 2337 a
1019 2288 1218 2347 dextriS,
1257 2288 1486 2336 Lucensis
1517 2303 1546 2335 a
1579 2286 1802 2345 sinistris,
1836 2302 1928 2350 ego

146 2369 208 2416 ad
231 2369 476 2418 dexteram
504 2371 794 2419 Albanensis
821 2374 869 2420 et
893 2373 953 2419 ad
979 2372 1217 2419 sinistram
1241 2371 1496 2420 Militensis
1524 2372 1572 2418 et
1600 2370 1662 2417 ad
1683 2369 1932 2416 sinistram

148 2453 395 2511 Lucensis,
423 2454 677 2501 Naulensis
699 2456 760 2502 ad
785 2455 910 2502 illius
930 2455 1280 2503 Urbinatensis.
1307 2455 1491 2502 Eodem
1513 2453 1683 2501 ordine
1706 2452 1931 2500 stetimus

150 2534 200 2581 in
224 2534 480 2593 altaribus;
509 2537 594 2583 sed
619 2537 680 2584 ad
704 2537 920 2584 litaniam
949 2538 1179 2600 prostrati
1208 2538 1387 2584 fuimus
1415 2534 1502 2600 per
1533 2535 1773 2593 ordinem,
1797 2534 1935 2598 juxta

151 2619 352 2681 Papam,
378 2617 602 2666 videlicet
633 2619 919 2667 Albanensis
951 2621 1011 2666 ad
1038 2620 1163 2666 illius
1190 2620 1452 2678 sinistram,
1487 2618 1718 2666 Lucensis
1745 2608 1932 2680 postea‘,

150 2716 259 2764 ego,
272 2705 378 2760 tum
397 2702 667 2761 Naulensis,
688 2703 865 2750 deinde
889 2702 1142 2750 Militensis
1168 2707 1214 2750 et
1241 2701 1592 2759 Urbinatensis,
1618 2705 1666 2747 et
1688 2700 1756 2748 ita
1779 2699 1934 2747 credi-

149 2799 275 2844 muS,
303 2786 668 2833 convenientius
704 2786 874 2834 fuisset
918 2791 1043 2834 stare
1077 2786 1127 2833 in
1167 2785 1318 2834 altari.
1348 2787 1461 2833 Post
1500 2799 1731 2842 examen,
1771 2782 1932 2830 socius

149 2882 285 2915 meus
307 2868 544 2917 ordinavit
568 2869 698 2932 quod
719 2869 813 2918 duo
836 2869 1109 2918 cardinales
1131 2869 1467 2917 oscularentur
1486 2867 1637 2931 pedes
1660 2869 1707 2913 et
1728 2880 1928 2912 manum

151 2954 198 2998 et
221 2966 274 2998 os
300 2953 451 3015 Pape;
476 2957 523 2999 et
543 2967 632 3000 nos
655 2957 860 3015 quatuor
883 2953 1031 3017 pedes
1055 2956 1261 3010 tantum,
1292 2951 1419 3014 quod
1441 2950 1645 2998 fecimus
1666 2967 1675 2996 :
1705 2948 1790 2996 sed
1811 2947 1930 2994 mihi

151 3049 248 3080 non
268 3034 520 3083 videbatur
545 3036 800 3085 convenire
829 3038 931 3096 sed,
963 3036 1295 3085 osculantibus
1320 3050 1492 3083 manus
1522 3033 1763 3090 omnibus,
1791 3029 1932 3077 nobis

153 3118 503 3166 contravenire.
533 3121 664 3182 Papa
696 3120 892 3168 tradidit
928 3120 1090 3167 omnia
1119 3118 1399 3167 necessaria
1433 3121 1480 3165 et
1513 3116 1647 3163 unxit
1672 3114 1831 3177 capita
1860 3113 1935 3160 vel

154 3213 325 3245 manus
358 3205 410 3248 ut
443 3201 711 3265 imponeret
738 3203 906 3251 mitras
935 3204 1010 3251 vel
1047 3203 1356 3251 chirothecas
1395 3216 1515 3263 quas
1552 3199 1653 3246 sine
1688 3195 1935 3244 intermis-

156 3280 290 3328 sione
333 3282 491 3332 dabat.
534 3287 775 3350 Surgebat
812 3292 859 3335 et
896 3287 945 3333 in
982 3287 1087 3350 ejus
1134 3286 1297 3334 locum
1334 3281 1689 3348 genuflectebat
1728 3295 1936 3342 sequens

155 3363 483 3424 similiter-ad,
498 3368 816 3417 offertorium.
853 3370 991 3417 Dicta
1023 3369 1267 3416 oratione:
1305 3367 1528 3423 Domine,
1562 3364 1774 3411 omnium
1807 3362 1930 3425 fide-

156 3445 289 3504 lium,
317 3449 443 3510 Papa
465 3451 680 3500 ascendit
705 3453 764 3499 ad
790 3452 956 3500 sedem
983 3452 1295 3507 eminentem,
1320 3447 1605 3496 Albanensis
1630 3445 1760 3493 dedit
1782 3444 1932 3492 bene-
