2228 3938
326 389 393 425 128
800 392 802 394 ’
929 389 1160 426 JOHANNIS
1199 389 1492 434 BURCHARDI,
1867 391 1979 431 [Avril
2000 393 2094 433 1501]

325 491 598 538 cardinales
634 490 1005 554 Neapolitanus,
1049 508 1087 539 S.
1133 492 1302 540 Crucis
1340 495 1387 539 et
1423 491 1636 539 Medices
1677 495 1916 540 venerunt
1951 493 2095 542 simul

325 573 705 621 obviam‘eidem
741 573 977 622 cardinali
1007 574 1216 622 venienti
1252 591 1401 638 usque
1434 574 1494 621 ad
1528 590 1682 637 prope
1712 574 1904 623 vineam
1934 576 2096 624 cardi-

323 656 448 703 nalis
485 656 735 714 Senensis,
785 656 867 704 ubi
909 659 1205 720 receperunt
1249 674 1367 705 eum
1403 672 1541 704 more
1592 655 1771 716 solito·;
1819 658 2099 722 equitarunt

321 739 502 787 deinde
522 739 869 804 Neapolitanus
895 743 943 788 et
967 756 1005 787 s.
1034 740 1203 788 Crucis
1228 740 1389 800 simul,
1418 743 1466 788 et
1488 740 1703 788 Medices
1728 745 1837 804 post
1867 756 1968 800 e05,
1995 757 2098 789 me-

322 822 430 869 dius
455 822 583 871 inter
606 840 643 872 S.
674 823 891 871 Severini
917 840 945 871 a
976 823 1158 871 dextris
1188 828 1236 872 et
1265 840 1303 870 s.
1339 823 1506 872 Crucis
1538 839 1567 871 a
1600 823 1823 882 sinistris,
1851 839 2004 887 usque
2035 823 2096 872 ad

321 905 521 953 domum
547 923 584 954 s.
615 907 851 965 Severini,
880 906 960 954 ubi
987 907 1200 970 peractis
1226 906 1397 971 gratiis
1421 909 1736 954 recesserunt
1761 907 1821 955 ab
1846 923 1922 955 eo.

386 989 518 1049 Heri,
543 993 709 1038 Rmus.
734 994 791 1039 D.
816 990 1078 1038 cardinalis
1098 990 1406 1048 Arborensis,
1431 990 1619 1054 legatus
1644 990 1923 1049 PerusinuS,
1949 990 2096 1039 rediit

319 1073 380 1119 ad
413 1074 594 1121 Urbem
631 1075 690 1122 de
727 1073 970 1137 legatione
1005 1089 1093 1120 sua
1129 1073 1190 1120 ad
1228 1073 1403 1121 horam
1442 1073 1752 1134 consistorii;
1794 1076 1960 1122 tamen
1997 1090 2094 1123 non

317 1155 446 1203 venit
470 1156 531 1204 ad
554 1156 917 1204 consistorium.

385 1238 525 1287 Circa
554 1239 731 1287 horam
766 1240 1031 1287 secundam
1065 1239 1224 1288 noctis
1255 1240 1518 1304 sequentis,
1553 1240 1630 1289 die
1661 1239 1854 1288 veneris
1886 1243 1944 1288 23
1977 1238 2093 1288 dicti

318 1322 499 1370 mensis
523 1322 711 1386 aprilis,
740 1322 859 1370 obiit
884 1326 1051 1370 Rmus.
1082 1326 1138 1371 D.
1168 1323 1443 1371 cardinalis·
1464 1339 1502 1371 s,
1527 1323 1791 1372 Clementis
1815 1323 1898 1387 qui
1923 1323 2113 1391 eadem·

316 1405 411 1466 die,
441 1409 552 1453 ante
578 1406 856 1470 prandium,
890 1407 1139 1470 publicum
1171 1407 1358 1455 fecerat
1389 1411 1737 1456 testamentum
1769 1423 1927 1455 suum.
1956 1406 2096 1455 Circa

313 1489 489 1537 horam
514 1493 738 1553 quartam
766 1490 983 1554 ejusdem
1013 1490 1168 1538 noctis
1191 1490 1323 1538 venit
1358 1491 1418 1538 ad
1451 1491 1651 1539 domum
1681 1490 1896 1539 defuncti
1921 1493 2090 1539 RmuS.

314 1573 369 1618 D.
400 1572 664 1619 cardinalis
689 1574 963 1635 Capuanus,
993 1589 1117 1620 unus
1147 1576 1463 1621 executorum
1487 1573 1784 1632 testamenti,
1813 1575 1861 1620 et
1891 1573 1951 1621 de
1976 1588 2092 1636 pre-

316 1654 450 1702 tiosis
476 1655 752 1718 exportavit
777 1655 907 1718 quod
931 1655 1083 1703 voluit
1107 1658 1154 1704 et
1178 1655 1429 1719 pecunias.
1495 1672 1497 1675 ’
2080 1667 2084 1670 ’

373 1741 426 1785 In
451 1754 593 1786 mane
619 1737 855 1802 sequenti,
874 1738 1101 1786 videlicet
1130 1742 1190 1786 24
1216 1738 1402 1802 aprilis,
1434 1739 1510 1787 die
1534 1738 1739 1797 sabbati,
1759 1742 1958 1786 vocatus
1981 1736 2089 1786 veni

313 1821 373 1868 ad
397 1821 597 1869 domum
622 1820 924 1885 predictam3
952 1821 1133 1885 reperii
1158 1822 1336 1870 fratres
1362 1821 1421 1870 de
1450 1822 1634 1886 Populo
1659 1821 1873 1869 induisse
1898 1820 2092 1869 defunc-

316 1907 417 1951 tum
454 1907 586 1952 veste
617 1904 802 1967 optima
831 1904 1049 1954 violacea
1079 1904 1333 1952 martoriis
1373 1905 1586 1963 suffulta,
1623 1904 1802 1952 valoris
1841 1903 2093 1967 sexaginta

315 1986 605 2035 ducatorum
629 1987 703 2035 vel
729 1987 862 2034 circa
885 1990 934 2034 et
958 1987 1262 2050 paramentis
1283 1988 1343 2034 de
1367 1988 1572 2035 brocato
1596 1987 1831 2045 violaceo,
1858 1985 2093 2034 tunicella

315 2073 362 2117 et
388 2070 650 2118 dalmatica
677 2070 904 2118 violaceis
936 2070 996 2117 de
1028 2070 1251 2118 setonino
1284 2086 1396 2118 cum
1428 2069 1552 2117 listis
1582 2069 1743 2117 aureis
1773 2068 2007 2127 induisse,
2043 2071 2092 2116 et

316 2167 513 2200 crucem
544 2152 811 2216 pretiosam
840 2152 1023 2200 valoris
1065 2152 1391 2201 ducentorum
1431 2153 1723 2200 ducatorum
1765 2151 1840 2199 vel
1877 2150 2011 2198 circa
2047 2149 2089 2198 ei

317 2251 464 2299 supra
486 2238 656 2299 pectus
681 2235 901 2300 posuisse
921 2252 930 2295 ;
965 2252 1057 2299 que
1084 2236 1248 2284 omnia
1272 2251 1382 2284 cum
1406 2251 1463 2284 eo
1487 2238 1722 2284 venerunt
1745 2235 1805 2282 ad
1830 2232 2090 2282 ecclesiam

319 2318 420 2366 sine
452 2319 705 2366 fratribus.
742 2321 803 2367 Ut
834 2318 929 2366 illis
966 2318 1311 2383 ingratissimis
1343 2322 1391 2366 et
1422 2317 1779 2366 insatiabilibus
1817 2315 2091 2379 complace-

318 2415 440 2458 rem,
475 2401 698 2449 consensi
730 2401 859 2464 quod
891 2401 1146 2449 defunctus
1178 2401 1244 2449 sic
1280 2402 1476 2449 indutus
1505 2402 1849 2465 permaneret3
1897 2401 1946 2446 et
1980 2397 2088 2446 fieri

318 2483 519 2532 fecimus
555 2488 846 2548 paramenta
888 2485 947 2532 de
992 2485 1160 2532 taffeta
1192 2485 1411 2533 violaceo
1450 2500 1542 2548 que
1579 2500 1669 2548 pro
1707 2482 1945 2531 defunctis
1982 2479 2089 2529 fieri

317 2567 491 2627 solent,
519 2583 611 2631 que
636 2568 836 2616 fuerunt
859 2567 1092 2615 fratribus
1116 2568 1351 2631 predictis
1388 2568 1702 2631 consignata;
1738 2568 1785 2614 et
1809 2581 1919 2615 cum
1950 2564 2092 2612 funus

318 2653 446 2698 esset
483 2651 530 2698 in
573 2666 746 2700 eorum
783 2651 1014 2709 ecclesia,
1053 2651 1356 2715 paramentis
1394 2651 1535 2699 bonis
1573 2651 1733 2714 ipsum
1778 2651 2010 2698 exuerent
2044 2650 2092 2695 et

316 2733 529 2781 vestibus
553 2734 765 2798 optimis,
796 2750 894 2783 non
924 2733 1326 2782 obliviscerentur
1353 2737 1405 2782 ut
1430 2732 1713 2798 hujusmodi
1744 2731 1932 2780 noviter
1956 2728 2092 2778 factis

318 2816 589 2866 induerent.
626 2820 734 2866 Non
763 2817 932 2865 dubito
962 2816 1141 2864 fratres
1172 2816 1331 2880 ipsum
1363 2816 1411 2863 in
1444 2816 1652 2865 ecelesia
1676 2829 1829 2878 usque
1859 2813 1919 2861 ad
1946 2811 2091 2860 cami-

317 2899 440 2947 siam
473 2900 770 2964 spoliavisse,
801 2900 886 2948 sed
918 2915 979 2947 an
1004 2914 1114 2948 cum
1140 2899 1247 2946 aliis
1278 2898 1579 2963 paramentis
1608 2896 1874 2954 induerint,
1902 2894 2085 2943 nescio.

317 2983 429 3030 Feci
456 2984 572 3032 dare
597 2983 755 3031 bireta
777 2983 915 3047 nigra
945 2981 1145 3046 singulis
1179 2981 1496 3029 familiaribus
1521 2979 1761 3037 defuncti;
1795 2978 1907 3026 dedi
1941 2978 2089 3026 cedu-

318 3064 525 3128 lam‘pro
548 3082 659 3114 cera
680 3065 956 3114 ordinaria:

381 3148 643 3208 Intortitia,
673 3151 883 3211 quatuor
906 3148 1145 3196 librarum
1169 3147 1432 3212 quodlibet,
1460 3162 1664 3195 numero
1674 3181 1940 3194 .......
2062 3158 2089 3192 c

329 3246 331 3249 ’
383 3231 577 3288 Faeule,
609 3231 751 3278 unius
775 3231 895 3279 libre
919 3231 1130 3294 quelibet
1140 3266 1937 3279 ....................
2012 3242 2087 3276 xlv

383 3313 593 3361 Candele
621 3329 716 3362 xxx
737 3329 827 3376 pro
852 3313 991 3360 libris
1000 3349 1933 3362 .......................
2061 3325 2088 3357 c

384 3397 496 3445 Feci
526 3397 739 3445 ordinari
765 3396 923 3445 aulam
952 3412 1179 3462 magnam
1209 3413 1355 3461 super
1379 3396 1637 3454 stabulum,
1669 3412 1760 3459 que
1793 3400 1896 3444 erat
1929 3392 2087 3457 major

316 3479 428 3527 aula
454 3480 615 3543 palatii
643 3479 899 3544 apostolici
924 3483 972 3528 et
1000 3495 1299 3545 quacumque
1323 3480 1418 3528 alia
1444 3479 1492 3527 in
1519 3480 1663 3528 Urbe.
1693 3467 1787 3528 Pro
1810 3480 2000 3535 sunere,
2036 3474 2084 3522 in
