2254 3944
150 408 261 450 [Mars
280 409 372 450 1500]
603 406 773 444 RERUM
806 402 1110 443 URBANARUM
1138 399 1490 439 COMMENTARII.
1896 402 1940 436 27

144 531 250 562 mus
272 522 330 574 te,
350 512 575 571 Domine,
591 519 696 570 etc„
717 513 764 557 et
789 508 925 557 altari
941 523 997 555 ac
1014 505 1262 570 evangelio
1278 504 1526 564 osculatis,
1544 503 1769 552 desendit
1783 503 1842 552 ad
1860 503 1943 551 fal-

145 599 398 647 distorium
414 597 495 645 ubi
510 595 635 644 sedit
650 609 802 657 usque
819 593 879 640 ad
897 593 1148 656 inceptum
1162 591 1412 638 introitum
1427 606 1515 654 per
1534 594 1759 638 cantores
1775 607 1785 647 3
1812 589 1939 638 facta

146 699 232 748 per
254 681 526 731 cardinales
553 682 680 742 Pape
706 676 994 735 reverentia,
1018 676 1114 723 dux
1131 676 1258 722 venit
1285 679 1397 723 ante
1427 674 1717 723 Pontificem
1744 675 1793 721 in
1809 677 1937 721 veste

146 783 235 815 sua
260 766 392 815 brevi
421 763 658 829 predicta,
690 765 737 808 et
766 760 1033 824 genuflexit
1062 761 1105 806 iu
1136 775 1364 824 supremo
1392 759 1548 822 gradu
1579 773 1746 806 coram
1785 758 1942 822 ponti-

144 851 252 911 fice,
280 851 340 898 ad
366 863 511 912 quem
537 846 685 894 etiam
712 844 917 893 accessit
948 847 1115 891 Rmus.
1133 843 1394 891 cardinalis
1422 860 1461 890 s.
1494 842 1781 911 Clementis,
1806 840 1938 905 prior

142 938 429 998 procurator
452 929 771 979 cardinalium
795 928 1028 976 assistens
1056 930 1185 990 Pape
1212 926 1311 990 qui,
1341 927 1560 974 detracta
1584 925 1744 983 mitra,
1775 941 1937 972 surre-

143 1018 210 1066 xit
237 1022 285 1065 et
310 1016 460 1074 dixit:
494 1035 515 1058 «
548 1013 857 1077 Adjutorium
899 1015 1121 1059 nostrum
1161 1011 1205 1057 in
1243 1010 1441 1058 nomine
1484 1009 1677 1058 Domini
1716 1009 1795 1072 qui
1821 1008 1935 1056 fecit

144 1101 301 1149 celum
328 1105 375 1148 et
399 1105 598 1148 terram.
629 1097 863 1145 Dominus
887 1096 1158 1156 vobiscum,
1189 1100 1235 1143 et
1260 1111 1372 1143 cum
1400 1094 1569 1159 spiritu
1594 1098 1695 1142 tuo.
1725 1122 1789 1128 —
1818 1095 1936 1141 Ore-

144 1199 289 1233 mus':
320 1186 450 1232 Deus
475 1182 557 1246 qui
581 1182 630 1230 in
655 1181 854 1230 nomine
883 1184 963 1229 tuo
980 1180 1289 1244 congregatis
1315 1179 1510 1227 famulis
1539 1179 1630 1226 tuis
1656 1178 1934 1225 remedium

147 1284 254 1316 esse
279 1268 461 1325 dixisti,
492 1282 674 1314 corona
696 1265 903 1324 valente,
931 1265 992 1312 da
1019 1264 1242 1328 gratiam,
1281 1263 1394 1311 huic
1419 1262 1602 1310 famulo
1634 1266 1731 1321 tuo,
1766 1262 1927 1309 Cesari

146 1352 478 1400 confalonerio
517 1356 702 1409 nostro,
744 1365 888 1413 quam
925 1348 1172 1397 Abraham
1213 1349 1261 1395 in
1296 1347 1602 1407 holocausto,
1647 1349 1840 1410 Moyses
1886 1347 1931 1393 in

147 1436 381 1495 exercitu,
424 1435 551 1483 Elias
594 1435 642 1481 in
677 1434 902 1493 heremo,
943 1433 1140 1481 Samuel
1179 1433 1383 1480 crinitus
1422 1431 1600 1479 meruit
1636 1431 1684 1478 in
1724 1429 1930 1494 templo:

147 1521 380 1580 concede,
415 1519 638 1578 Domine,
667 1518 983 1567 concordiam
1006 1533 1152 1581 quam
1171 1516 1462 1580 inspiravisti
1496 1514 1804 1580 patriarchis,
1827 1530 1933 1578 pre—

148 1604 363 1651 dicavisti
391 1603 600 1667 populiS,
631 1601 870 1650 tradidisti
900 1601 1148 1663 apostoliS,
1170 1599 1457 1647 mandavisti
1480 1597 1758 1646 victoribus.
1782 1599 1934 1644 Bene-

150 1687 246 1744 dic,
287 1686 514 1744 Domine,
543 1700 826 1748 quesumuS,
859 1684 988 1731 hunc
1017 1682 1403 1730 confalonerium
1428 1685 1664 1741 nostrum,
1697 1696 1846 1743 quem
1875 1681 1933 1728 ad

149 1769 354 1817 salutem
380 1767 543 1832 populi
568 1766 708 1814 nobis
735 1782 762 1814 a
786 1772 832 1814 te
859 1766 1104 1814 credimus
1130 1781 1236 1812 esse
1264 1780 1554 1813 concessum
1571 1781 1580 1823 ;
1597 1765 1671 1811 fac
1689 1779 1800 1811 eum
1830 1779 1936 1811 esse

149 1852 287 1901 annis
310 1851 647 1915 multiplicem,
675 1850 857 1914 vigenti
882 1854 1027 1913 atque
1054 1849 1229 1897 salubri
1250 1849 1467 1912 corporis
1494 1847 1668 1895 robore
1690 1863 1841 1911 usque
1869 1848 1926 1895 ad

147 1939 446 1984 senectutem
472 1939 702 1998 optatam,
721 1938 863 1996 atque
886 1934 1083 1981 demum
1109 1933 1169 1980 ad
1185 1932 1334 1980 finem
1354 1932 1607 1996 pervenire
1625 1931 1838 1979 felicem.
1861 1932 1928 1980 Sit

146 2018 285 2066 nobis
315 2018 496 2066 fiducia
532 2033 641 2065 eam
677 2018 900 2064 obtinere
933 2016 1143 2080 gratiam
1167 2031 1257 2079 pro
1303 2016 1483 2079 populo
1509 2030 1656 2078 quam
1682 2016 1846 2062 Aaron
1882 2014 1927 2062 in

148 2102 481 2159 tabernaculo,
510 2101 696 2148 Eliseus
722 2100 771 2147 in
795 2100 956 2159 fluvio,
992 2099 1222 2148 Ezechias
1250 2099 1298 2146 in
1324 2099 1524 2157 lectule,
1555 2098 1818 2146 Zacharias
1848 2114 1927 2145 ve-

147 2187 275 2235 tulus
300 2185 578 2250 impetravit
608 2186 658 2233 in
682 2185 882 2249 templo.
914 2184 985 2233 Sit
1010 2184 1078 2232 illi
1095 2183 1468 2248 regendivirtus
1494 2186 1637 2247 atque
1661 2183 1928 2231 auctoritas

145 2271 339 2334 qualem
353 2273 375 2318 J
382 2286 499 2318 osue
515 2269 730 2333 suscepit
744 2270 793 2317 in
811 2268 1003 2327 castris,
1023 2269 1224 2316 Gedeon
1247 2267 1461 2331 suscepit
1476 2267 1523 2314 in
1548 2267 1733 2331 preliis.
1756 2269 1928 2315 Petrus

146 2354 334 2418 accepit
363 2354 412 2401 in
442 2353 593 2412 clave,
636 2353 814 2401 Paulus
851 2356 925 2400 est
964 2369 1077 2400 usus
1101 2352 1149 2400 in
1188 2353 1442 2416 dogmate;
1485 2355 1533 2399 et
1570 2351 1637 2398 ita
1674 2354 1928 2414 pastorum

144 2453 262 2485 cura
287 2437 514 2500 proficiat
542 2437 590 2484 in
621 2437 763 2496 ovile,
793 2437 918 2484 sicut
953 2436 1088 2484 Isaac
1116 2436 1323 2499 profecit
1347 2436 1396 2483 in
1421 2435 1563 2500 fruge
1590 2439 1636 2482 et
1667 2436 1818 2482 Jacob
1856 2438 1926 2482 est

142 2520 370 2568 dilatatus
393 2520 441 2567 in
467 2537 642 2584 grege3
672 2521 802 2583 quod
826 2521 930 2583 ipse
956 2522 1179 2583 prestare
1206 2520 1454 2583 dignetur,
1476 2519 1557 2582 qui
1586 2533 1698 2566 cum
1718 2521 1862 2567 Patre
1881 2523 1926 2566 et

143 2603 327 2666 Spiritu
352 2605 531 2651 Sancto
553 2603 665 2651 vivit
689 2606 737 2650 et
761 2606 937 2666 regnat
959 2603 1008 2650 in
1035 2603 1201 2650 secula
1227 2603 1524 2650 seculorum.
1561 2624 1581 2647 »

208 2687 291 2734 His
316 2687 475 2745 dictis,
505 2685 629 2734 sedit
653 2686 889 2745 Pontifex,
920 2689 1124 2750 accepta
1138 2686 1300 2744 mitra,
1321 2689 1369 2733 et
1393 2702 1485 2749 ego
1511 2686 1680 2749 accepi
1703 2688 1926 2733 mantum

144 2758 208 2817 de*
228 2770 452 2818 manibus
475 2769 604 2817 illius
628 2769 848 2818 scutiferi
874 2772 922 2818 et
946 2770 1058 2817 dedi
1085 2786 1197 2818 eum
1222 2773 1360 2817 Rmo.
1392 2772 1447 2817 D.
1484 2769 1721 2817 cardinali
1753 2785 1791 2816 s.
1822 2768 1928 2816 Cle-

144 2853 319 2901 mentis
343 2853 603 2912 assistenti,
634 2857 681 2901 et
704 2854 837 2902 exuit
862 2854 1039 2902 ducem
1065 2857 1196 2902 veste
1221 2870 1308 2901 sua
1332 2869 1479 2917 quam
1518 2853 1710 2916 accepi;
1754 2855 1801 2899 et
1838 2868 1926 2915 per

143 2942 307 2983 meum
332 2937 440 2984 misi
466 2953 573 2985 eam
598 2937 647 2984 in
672 2938 873 2985 domum
899 2953 1060 2985 meam
1086 2937 1332 2995 celeriter,
1364 2940 1627 2999 antequam
1658 2939 1926 3000 poneretur

144 3019 193 3066 in
217 3019 538 3082 questionem.
569 3023 685 3069 Erat
708 3021 838 3068 enim
862 3021 1006 3084 pretii
1032 3021 1508 3085 quadringentorum
1527 3020 1821 3068 ducatorum
1852 3019 1926 3067 vel

145 3102 293 3150 circa.
323 3105 470 3167 Papa,
500 3107 703 3168 accepto
728 3105 787 3152 de
811 3104 1036 3152 manibus
1063 3104 1188 3152 Rmi.
1219 3106 1275 3152 D.
1306 3104 1571 3151 cardinalis
1596 3120 1634 3151 s,
1663 3104 1926 3153 Clementis

144 3190 327 3245 manto,
356 3186 586 3251 imposuit
609 3204 721 3235 eum
747 3187 882 3246 duci3
913 3188 979 3236 ita
1004 3190 1057 3235 ut
1082 3191 1316 3251 apertura
1342 3187 1447 3252 ejus
1483 3191 1611 3236 esset
1647 3204 1796 3251 super
1831 3188 1924 3235 hu—

144 3282 335 3317 merum
359 3270 617 3320 dexterum
641 3271 796 3330 duciS‚
828 3272 995 3319 dicens
1025 3288 1034 3319 :
1066 3272 1282 3319 «Induat
1307 3274 1355 3318 te
1383 3271 1618 3318 Dominus
1634 3271 1923 3319 vestimento

145 3348 312 3397 salutis
337 3356 385 3400 et
417 3353 702 3402 indumento
725 3354 879 3402 letitie
905 3354 1180 3402 circumdet
1195 3358 1259 3413 te,
1283 3354 1330 3401 in
1344 3354 1542 3402 nomine
1567 3354 1726 3403 Patris
1743 3357 1790 3401 et
1816 3353 1922 3400 Filii

147 3435 195 3478 et
219 3433 427 3495 Spiritus
450 3437 633 3485 Sancti.
660 3439 833 3485 Amen.
866 3459 886 3481 »

214 3517 326 3563 Post
356 3516 465 3576 hec,
507 3519 636 3567 idem
674 3521 812 3584 prior
849 3521 1191 3577 cardinalium,
1222 3523 1425 3583 accepto
1453 3521 1512 3567 de
1540 3520 1765 3567 manibus
1803 3518 1924 3565 meis
