2228 3938
203 343 431 385 [Septembre
452 344 547 384 1501]
636 342 804 380 RERUM
832 340 1133 379 URBANARUM
1165 341 1517 380 COMMENTARII.
1918 344 1986 379 163

270 445 415 494 Feria
439 448 590 503 sexta,
620 445 840 509 ejusdem
865 443 1046 491 mensis
1075 444 1367 508 septembris
1397 449 1473 504 10,
1506 445 1555 492 in
1580 461 1724 493 mane
1746 449 1985 493 venerunt

204 545 328 577 nova
357 531 486 593 Pape
511 529 641 592 quod
667 526 976 575 Plumbinum
1003 526 1308 575 submisisset
1331 544 1381 575 se
1395 543 1479 576 seu
1496 527 1667 576 fuisset
1682 527 1903 577 habitum
1927 530 1988 577 ad

205 611 532 660 obedientiam
555 614 604 659 et
628 609 898 659 dominium
924 613 1072 673 Pape,
1092 614 1297 674 propter
1320 611 1450 674 quod
1474 611 1522 658 in
1549 611 1739 676 signum
1763 612 1915 660 letitie
1942 615 1990 659 et

206 695 367 759 gaudii
390 695 586 744 fuerunt
610 696 767 742 tracte
790 693 838 740 in
857 696 1019 742 castro
1043 710 1079 741 s.
1110 694 1284 758 Angeli
1305 695 1458 743 multe
1485 695 1770 743 bombarde.

270 778 412 827 Feria
434 780 623 841 quarta,
656 781 711 826 15
738 777 918 824 mensis
944 778 1237 841 septembris
1263 778 1358 826 dux
1370 779 1659 829 Valentinus
1674 795 1901 828 reversus
1917 782 1991 827 est

203 862 264 910 ad
289 862 471 910 Urbem
497 877 556 910 ex
579 876 731 925 regno
753 861 1094 925 Neapolitano,
1123 877 1151 909 a
1175 861 1272 909 suis
1297 862 1532 910 duntaxat
1557 863 1841 911 associatus.

270 945 412 993 Feria
446 948 599 1005 sexta,
652 949 707 992 17
748 944 863 993 dicti
902 945 1103 1005 mensis,
1144 945 1234 993 fuit
1269 946 1615 994 consistorium
1660 952 1905 995 secretum
1941 946 1991 994 in

204 1044 301 1092 quo
327 1030 411 1077 SS.
446 1030 504 1076 D.
532 1031 717 1087 noster,
757 1029 816 1076 de
852 1043 1094 1078 consensu
1129 1029 1349 1077 omnium
1387 1029 1714 1078 cardinalium
1738 1035 1854 1078 tunc
1880 1046 1992 1094 pre-

205 1112 436 1171 sentium,
469 1111 660 1160 remisit
698 1127 898 1168 censum
936 1115 1146 1176 quatuor
1184 1112 1391 1160 millium
1428 1112 1716 1161 ducatorum
1752 1130 1873 1178 quos
1899 1114 1991 1161 dux

206 1194 433 1244 Ferrarie
449 1196 653 1260 singulis
669 1196 808 1244 annis
834 1212 1030 1245 camere
1056 1197 1326 1261 apostolice
1343 1197 1533 1245 solvere
1550 1198 1810 1246 tenebatur
1835 1198 1993 1246 eidem

207 1278 316 1326 duci
342 1282 392 1328 et
423 1280 787 1328 successoribus
812 1280 912 1328 suis
949 1297 1102 1344 usque
1141 1281 1202 1329 ad
1237 1281 1436 1329 tertiam
1468 1281 1839 1346 generationem
1871 1282 1995 1329 dun-

209 1365 354 1423 taxat,
383 1363 451 1411 ita
474 1366 639 1411 tamen
665 1363 792 1427 quod
817 1364 1020 1428 singulis
1045 1364 1182 1413 annis
1212 1367 1439 1412 teneatur
1467 1365 1654 1413 solvere
1686 1370 1880 1414 centum
1905 1366 1996 1413 du-

209 1448 345 1494 catos
372 1445 452 1511 (1).
483 1446 751 1495 Cardinalis
773 1448 1118 1512 Neapolitanus
1144 1448 1193 1496 in
1213 1451 1329 1496 voto
1347 1464 1434 1497 suo
1459 1449 1692 1498 asseritur
1719 1466 1770 1497 se
1795 1466 1997 1498 consen-

209 1528 304 1578 tire
326 1524 505 1579 intuitu
530 1530 673 1578 Illmi.
696 1531 833 1579 ducis
864 1532 1093 1580 Ferrarie
1117 1532 1197 1595 qui
1229 1532 1319 1580 fuit
1349 1532 1422 1581 bis
1447 1536 1618 1593 Rome,
1656 1537 1704 1581 et
1734 1537 1900 1582 Rmus.
1935 1537 1991 1582 D.

211 1612 588 1677 Ulissiponensis
611 1614 731 1662 dixit
759 1630 810 1661 se
831 1613 1316 1663 consentire'intuitu
1338 1615 1493 1664 Illme.
1525 1618 1580 1664 D.
1602 1618 1827 1665 Lucretie
1845 1617 1927 1681 (2).

278 1695 420 1743 Feria
458 1696 688 1755 secunda,
732 1700 792 1744 20
832 1697 1050 1761 ejusdem
1093 1698 1275 1746 mensis
1319 1698 1612 1762 septembris
1650 1700 1770 1748 obiit
1806 1701 1991 1750 Illmus.

214 1779 270 1827 D.
294 1779 592 1844 Augustinus
614 1780 922 1840 Barbaricus,
949 1781 1047 1829 dux
1069 1782 1384 1831 Venetiarum
1406 1781 1485 1847 (3).

261 1928 296 1967 1.
320 1943 340 1962 «
423 1928 475 1965 La
507 1927 653 1966 Santita
676 1928 713 1965 di
741 1929 788 1965 No
813 1929 971 1978 Signore
991 1931 1039 1969 ha
1061 1930 1149 1968 tolto
1170 1931 1205 1967 la
1233 1931 1416 1981 legatione
1436 1934 1474 1970 di
1505 1934 1673 1982 Bologna
1693 1934 1739 1971 ad
1759 1934 1793 1971 lo
1815 1934 1948 1972 Orsiuo
1963 1941 1999 1973 et

219 1988 341 2025 datola
360 1988 394 2024 al
413 1987 605 2025 Cardinale
627 1989 675 2025 da
695 1988 783 2031 Esti,
812 1989 846 2026 al
872 1991 978 2038 quale
998 1991 1046 2027 ha
1072 1991 1182 2028 etiam
1209 1993 1293 2029 dato
1314 1992 1704 2043 l'Archypresbiterato
1725 1994 1761 2030 di
1794 1995 1871 2032 San
1892 1995 1999 2033 Piero

212 2059 281 2084 con
307 2047 342 2084 la
374 2046 468 2085 Casa
487 2048 617 2085 fornita
646 2060 748 2085 come
775 2060 836 2085 era
862 2049 898 2085 di
925 2050 1050 2099 Capua
1078 2055 1115 2088 et
1138 2051 1162 2087 il
1188 2052 1405 2090 Vescovado
1430 2054 1467 2090 di
1492 2055 1657 2091 Ferrara.
1682 2054 1728 2092 Et
1754 2053 1787 2091 al
1817 2055 1919 2091 Duca
1950 2056 2000 2092 ha

212 2106 353 2144 riducto
378 2107 403 2143 il
431 2107 549 2144 Censo
575 2107 611 2144 di
635 2109 687 2145 5¹¹¹
718 2108 840 2146 ducati
860 2121 882 2146 a
907 2109 1040 2146 ducadi
1061 2109 1135 2147 C10·
1171 2127 1189 2145 »
1211 2112 1327 2150 Rome
1347 2113 1405 2150 die
1431 2114 1518 2163 xvnj
1545 2114 1765 2163 septembris
1788 2115 1893 2152 MDI.
1917 2115 2000 2151 Ser-

213 2165 320 2212 vit0r‚
343 2166 559 2204 Franciscus
589 2168 633 2204 de
654 2168 762 2204 Puris
782 2169 910 2206 doctor
927 2191 974 2197 -
992 2174 1125 2207 orator.
1150 2185 1168 2204 »
1193 2173 1306 2218 (Arch
1326 2175 1504 2220 Fiurent„
1526 2174 1626 2220 Clas,
1648 2175 1694 2212 X.
1716 2174 1811 2211 Dist.
1835 2187 1871 2212 ιι.
1905 2174 2001 2212 Filza

215 2226 274 2272 49,
296 2238 318 2263 a
337 2238 368 2264 ο.
389 2227 491 2276 211.)
1427 2220 1432 2226 '

260 2287 297 2324 2.
320 2302 385 2324 «...
408 2286 577 2324 Sebbene
596 2286 690 2324 hieri
710 2293 748 2325 et
769 2288 884 2337 hoggi
908 2288 941 2326 io
973 2289 1027 2327 sio
1047 2289 1096 2327 ito
1117 2291 1162 2327 ad
1193 2292 1325 2330 Palazo
1345 2304 1411 2341 per
1427 2305 1552 2331 essere
1571 2306 1640 2331 con
1669 2293 1693 2329 il
1722 2294 1837 2343 Papa,
1860 2306 1934 2331 non
1954 2295 2002 2332 ha

214 2345 299 2383 dato
319 2345 474 2383 udienza
494 2346 539 2383 ad
559 2359 718 2396 persona
738 2348 870 2396 perche
897 2349 934 2385 fu
955 2349 1019 2387 ieri
1036 2354 1136 2387 tucto
1157 2352 1193 2387 di
1212 2357 1389 2401 occupato
1413 2354 1450 2390 in
1470 2366 1514 2390 su
1534 2354 1568 2391 lo
1590 2354 1768 2402 stipulare
1789 2354 1823 2391 lo
1845 2366 1998 2403 sponsa-

214 2403 290 2443 litio
311 2418 330 2442 e
352 2405 386 2443 la
405 2405 490 2444 dote
510 2406 547 2442 di
565 2407 748 2444 madonna
762 2408 943 2453 Lucretia,
967 2414 1002 2446 et
1024 2410 1062 2446 in
1080 2410 1168 2447 balli
1183 2415 1219 2448 et
1239 2412 1346 2449 suoni
1367 2416 1402 2450 et
1422 2413 1519 2451 canti
1542 2426 1549 2450 :
1573 2420 1608 2451 et
1626 2414 1741 2463 hoggi
1762 2417 1781 2451 e
1800 2414 2000 2451 ristrectosi

216 2463 271 2502 col
292 2465 420 2503 Ducba
439 2466 506 2503 che
526 2469 546 2502 ὸ
566 2471 714 2510 venuto,
745 2469 904 2505 secondo
938 2468 969 2505 si
989 2469 1082 2515 dice,
1109 2470 1250 2508 benche
1280 2473 1524 2516 sconosciuto‚
1546 2486 1565 2510 e
1586 2473 1732 2510 domani
1753 2477 1772 2510 e
1805 2478 2003 2522 segnatura

216 2524 398 2562 ordinaria
428 2530 465 2563 et
494 2538 568 2563 non
593 2527 702 2563 credo
723 2539 762 2564 se
787 2539 834 2564 ne
855 2539 967 2575 possa
998 2529 1110 2566 haver
1138 2531 1283 2579 copia...
1314 2534 1441 2576 Rome,
1465 2533 1522 2570 die
1549 2534 1620 2581 xvij
1653 2533 1871 2581 septembris
1899 2534 2002 2572 MDI.

218 2584 380 2622 Servitor
399 2584 614 2622 Franciscus
631 2586 675 2622 de
708 2587 817 2623 Peius
848 2587 984 2626 doctor.
1007 2610 1052 2615 —
1073 2589 1215 2626 Orator.
1236 2605 1253 2624 n
1279 2592 1600 2637 (Arcem-Florem„
1621 2592 1722 2630 Clas.
1760 2593 1806 2630 X.
1829 2593 1923 2630 Dist.
1957 2604 1998 2629 ιι..

218 2644 316 2681 Filza
335 2646 394 2690 49,
415 2657 437 2682 a
457 2657 488 2684 c,
510 2646 609 2695 212).

268 2707 304 2743 3.
328 2720 347 2738 «
366 2706 401 2742 A
421 2706 462 2742 cli
481 2707 711 2752 septembrio,
738 2709 777 2744 di
796 2709 888 2744 lzcni.
908 2708 939 2745 A
960 2708 1047 2745 hore
1071 2710 1118 2745 23
1137 2708 1264 2745 morite
1287 2709 1319 2746 el
1344 2711 1559 2748 serenisimo
1580 2711 1741 2760 principe
1757 2717 1896 2758 nostro,
1920 2714 2005 2750 mis-

225 2763 297 2808 sier
315 2765 476 2813 Agustin
506 2765 721 2816 Barbmigo,
751 2779 817 2804 con
839 2767 934 2805 mala
953 2768 1061 2814 fama,
1077 2770 1157 2813 che,
1180 2770 1226 2805 da
1251 2769 1394 2806 missier
1414 2769 1610 2807 Christofal
1631 2772 1734 2808 Moro
1755 2771 1791 2807 in
1812 2784 1897 2819 qua,
1917 2772 2004 2809 niun

222 2824 314 2861 doxe
329 2825 450 2861 taliter
469 2827 488 2862 ὲ
508 2830 638 2863 morto.
663 2826 738 2863 Che
758 2839 819 2864 era
837 2839 908 2864 una
928 2829 1109 2877 meraveja
1129 2841 1150 2865 a
1165 2828 1245 2865 udir
1266 2829 1295 2866 le
1313 2829 1533 2872 maleditiom
1551 2842 1615 2879 per
1635 2830 1670 2867 la
1690 2832 1872 2879 superbia,
1894 2843 2004 2881 rapa-

223 2883 306 2928 cita,
329 2883 501 2929 tenacita,
521 2885 675 2923 avaritia
695 2898 757 2923 era
777 2886 812 2923 in
833 2886 896 2931 lui,
917 2891 953 2924 et
970 2893 1138 2937 acceptar
1148 2889 1191 2925 de
1212 2889 1416 2936 presenti...
1438 2889 1478 2926 El
1497 2902 1607 2938 corpo
1627 2891 1664 2926 su
1684 2895 1809 2939 aperto
1831 2893 1874 2928 de
1894 2903 2004 2937 more,

223 2946 259 2980 et
277 2946 419 2981 trovato
439 2944 498 2981 nel
526 2944 649 2993 figado
669 2958 743 2983 una
761 2946 875 2995 piera,
897 2947 952 2983 ch'
974 2950 992 2983 e
1020 2952 1115 2985 stata
1134 2960 1250 2985 caxon
1276 2949 1313 2985 di
1335 2948 1370 2986 la
1386 2948 1567 2986 infermita
1603 2962 1668 2986 soa
1694 2950 1850 2998 longa...
1886 2951 1914 2987 E
1947 2961 2006 3000 poi

223 3002 258 3039 la
277 3015 358 3040 sera
379 3005 415 3051 (a
435 3004 472 3040 di
492 3005 552 3051 23)
571 3004 595 3040 il
624 3014 733 3054 corpo
753 3006 802 3042 dil
833 3007 972 3054 prefato
998 3007 1159 3056 principe
1192 3007 1225 3044 fo
1254 3012 1396 3056 portato
1419 3020 1440 3045 a
1467 3008 1502 3046 la
1521 3009 1707 3046 charitade
1728 3010 1819 3046 dove
1839 3012 1950 3046 etium
1970 3010 2005 3046 in

224 3074 296 3099 una
328 3062 421 3100 altra
456 3066 478 3100 a
516 3075 582 3101 suo
613 3065 778 3107 fradello,
813 3066 955 3103 missier
983 3067 1106 3103 Marco
1145 3067 1360 3115 Barbarigo.
1402 3083 1420 3101 »
1463 3069 1617 3114 Sanuto,
1650 3074 1676 3107 t.
1712 3070 1774 3115 IV,
1809 3070 1876 3106 col.
1914 3070 2000 3106 113.

271 3136 290 3155 «
311 3149 321 3160 .
335 3151 344 3160 .
359 3151 368 3160 .
396 3122 460 3159 Hic
478 3123 533 3160 vir
551 3123 726 3162 barbatus
744 3125 810 3161 fuit
829 3125 1094 3163 venustissimae
1107 3126 1244 3172 formae,
1266 3127 1368 3175 gravi
1388 3129 1585 3176 presentia,
1609 3133 1788 3165 accuratae
1809 3129 2006 3177 diligentiae

237 3181 418 3218 nudabitis
450 3183 634 3220 memoriae
667 3184 833 3232 satisque
868 3185 1061 3230 sacundiae,
1094 3190 1284 3234 promptus
1313 3187 1357 3223 ad
1389 3187 1495 3230 iram,
1522 3188 1558 3224 in
1587 3188 1854 3225 reconciliando
1879 3189 2009 3225 tardus

225 3243 263 3276 et
280 3251 371 3286 acer,
391 3241 559 3289 cupidus,
582 3254 726 3289 avarus,
749 3244 992 3292 superbiaque
1018 3245 1180 3282 tumidus
1200 3257 1242 3282 ac
1262 3245 1372 3282 nimis
1394 3247 1463 3283 sibi
1483 3259 1663 3295 arrogans
1684 3253 1727 3284 et.
1739 3247 1897 3295 denique
1917 3258 2007 3294 pau-

226 3299 356 3345 pertati
380 3300 592 3347 inclemens,
626 3303 724 3340 unde
756 3303 902 3352 populis
927 3303 1000 3340 fere
1030 3304 1201 3341 omnibus
1228 3305 1424 3351 obnoxius,
1458 3319 1540 3343 cum
1575 3319 1643 3343 nec
1661 3307 1815 3343 multum
1850 3302 2010 3341 ubertati

228 3367 347 3405 neque
379 3359 492 3406 quieti
525 3361 732 3410 reipublicae
759 3363 919 3399 animum
944 3363 1161 3409 intenderet,
1192 3365 1255 3413 qui
1281 3364 1343 3401 diu
1364 3365 1484 3403 ethica
1514 3366 1614 3402 febre
1640 3377 1748 3413 poene
1770 3368 2009 3412 consumptus

228 3419 379 3453 mortem
395 3417 465 3454 sibi
484 3419 557 3456 fere
576 3421 622 3457 ab
642 3422 812 3459 omnibus
831 3422 1082 3460 affectabatur.
1103 3423 1280 3472 Cumque,
1304 3435 1369 3471 per
1389 3425 1550 3473 quinque
1572 3436 1681 3472 supra
1699 3424 1822 3460 decem
1843 3435 1959 3460 annos
1975 3427 2011 3460 et

232 3474 363 3522 viginti
383 3479 456 3513 tres
480 3478 573 3524 dies,
596 3479 650 3517 sic
668 3481 884 3529 imperiosus
912 3482 1053 3519 eoeteris
1072 3482 1304 3531 imperasset,
1333 3484 1429 3530 quod
1459 3495 1589 3532 nempe
1616 3482 1871 3521 damnabiliter
1904 3482 2004 3520 tolle.
