2254 3944
225 405 382 450 [Fevrier
402 408 495 448 1500]
597 432 601 434 μ
673 405 843 443 RERUM
876 404 1181 443 URBANARUM
1214 403 1567 444 COMMENTARH.
1961 410 2002 443 21

225 515 300 559 ter
320 509 594 558 cardinales
609 508 877 572 predictos3
897 510 1008 572 post
1026 524 1109 556 eos
1129 508 1530 574 archiepiscopus
1550 508 1824 573 Ragusinus
1843 525 1870 556 a
1896 510 2007 557 dex-

224 594 315 643 tris
343 598 390 642 et
406 593 665 658 episcopus
680 592 1008 651 Trecorensis,
1030 584 1198 641 orator
1213 594 1344 657 regis
1361 593 1564 642 Francie
1582 609 1610 641 a
1632 594 1864 652 sinist1·is;
1885 594 2007 657 epis-

224 694 374 741 copus
391 675 698 725 Zamorensis
713 690 740 723 a
754 676 937 724 dextris
955 679 1003 724 ct.
1019 680 1188 725 orator
1203 678 1333 741 regis
1354 678 1700 741 Hispaniarum
1726 693 1753 725 a
1772 677 2002 729 sinistris:

222 761 494 810 successive
518 759 598 807 alii
622 760 796 807 eodem
821 760 1015 818 ordine,
1042 762 1139 808 duo
1165 765 1386 810 oratores
1412 762 1542 824 regis
1569 763 1784 809 Navarre
1811 764 2009 809 conten-

222 847 400 894 derunt
426 860 537 892 cum
563 843 839 891 oratoribus
860 844 984 907 regis
1002 845 1306 908 Neapolitani
1330 848 1377 893 et
1394 846 1525 908 regis
1550 845 1719 908 Anglic
1739 845 1819 908 qui
1843 861 1893 892 se
1916 845 2008 893 illis

222 929 439 977 animose
470 931 822 991 opposuerunt.
858 927 984 977 Victi
1009 931 1174 975 tamen
1209 928 1271 975 illi
1303 930 1399 977 duo
1435 929 1565 992 regis
1599 931 1812 976 Navarrc
1848 945 2009 976 cesse-

223 1016 339 1060 runt
362 1014 410 1059 et
435 1013 765 1059 recesserunt.
796 1011 1131 1059 iuterfuerunt
1157 1012 1304 1074 etiam
1336 1015 1560 1060 oratores
1586 1012 1778 1069 Veneti,
1808 1012 2008 1059 Floren-

224 1095 327 1154 tini,
357 1094 715 1143 Sabaudienses
742 1097 789 1142 et
820 1093 916 1143 alii.
948 1096 1111 1144 Secuti
1134 1097 1333 1144 fuerunt
1361 1100 1530 1160 gentes
1560 1097 1609 1143 in
1634 1098 1769 1143 tanto
1800 1096 2009 1143 tumultu

224 1180 354 1244 quod
378 1179 552 1244 prelati
574 1195 671 1226 non
690 1181 957 1242 potuerunt
972 1180 1156 1228 habere
1174 1180 1283 1228 loca
1299 1196 1408 1238 sua;
1430 1183 1698 1244 propterea
1717 1179 1874 1242 major
1896 1195 2010 1242 pars

180 1281 187 1287 ·
226 1277 397 1312 eorum
421 1263 644 1312 recessit.
669 1265 723 1311 In
749 1263 973 1311 comitiva
998 1264 1135 1312 ducis
1161 1267 1267 1312 erat
1293 1264 1695 1327 archiepiscopus
1715 1263 2011 1311 Arelatensis

226 1351 271 1395 et
295 1348 493 1412 quidam
519 1347 641 1395 alius
672 1347 950 1411 episcopus.
979 1348 1187 1398 Volebat.
1222 1347 1383 1396 socius
1413 1363 1552 1394 meus
1583 1347 1713 1410 quod
1745 1347 1915 1394 darem
1938 1347 2010 1394 lo-

225 1447 336 1479 cum
358 1431 733 1495 archiepiscopo
751 1431 1023 1479 Arelatensi
1039 1432 1166 1479 inter
1186 1432 1399 1495 prelatos
1416 1431 1581 1495 palatii
1599 1446 1748 1494 supra
1765 1434 2005 1490 oratores,

224 1516 353 1579 quod
380 1530 481 1564 non
512 1515 827 1564 conveniebat
859 1532 868 1563 :
899 1518 1164 1579 propterea
1197 1515 1245 1563 id
1275 1515 1437 1562 facere
1467 1515 1599 1562 nolui
1633 1517 1680 1561 et
1712 1514 1919 1577 equitavi
1950 1515 2009 1562 ad

222 1598 386 1646 locum
409 1614 574 1646 meum
601 1603 711 1646 ante
738 1599 933 1657 ducem,
960 1614 1082 1646 onus
1105 1598 1236 1646 socio
1263 1598 1529 1656 dimittens,
1552 1597 1632 1660 qui
1660 1597 1856 1644 tandem
1880 1598 2010 1645 ordi-

225 1681 353 1729 navit
369 1681 535 1728 nescio
551 1681 690 1744 quid,
714 1697 804 1728 nec
824 1682 986 1728 curavi
1007 1681 1277 1743 intelligere
1297 1696 1441 1743 quem
1455 1680 1618 1727 locum
1637 1680 2008 1744 archiepiscopo

228 1764 448 1828 predicto
475 1764 679 1812 dederit.
709 1764 923 1812 Debebat
949 1767 1111 1812 autem
1135 1781 1241 1811 esse
1265 1764 1452 1827 primus
1479 1765 1606 1812 inter
1631 1764 1748 1812 alios
1773 1765 2004 1828 prelatos.

227 1850 338 1910 post
362 1847 617 1911 palatinos,
640 1851 686 1895 ct
710 1848 850 1895 bene.
878 1850 1008 1911 Papa
1036 1848 1169 1895 stetit.
1194 1864 1344 1911 super
1367 1848 1546 1895 lodiam
1567 1848 1615 1894 in
1640 1863 1838 1895 camera
1861 1864 2009 1911 super

229 1934 422 1994 portam
458 1931 647 1994 palatii,
686 1934 734 1978 et.
778 1947 888 1979 cum
926 1947 982 1978 eo
1022 1931 1294 1979 cardinales
1332 1931 1509 1979 Montis
1549 1931 1764 1993 Regalis,
1801 1932 2008 1979 Alexan—

227 2015 413 2073 drinus,
452 2017 725 2078 Capuanus,
761 2015 1019 2064 Cesarinus
1059 2019 1105 2063 et
1143 2015 1416 2063 Farnesius.
1453 2017 1714 2078 Postquam
1752 2016 1847 2062 dux
1880 2016 2010 2064 venit

215 2099 284 2146 *ad
318 2114 566 2146 cameram
608 2098 900 2162 paramenti,
938 2101 1069 2162 Papa
1108 2099 1313 2147 accessit
1350 2099 1410 2146 ad
1448 2114 1694 2147 cameram
1733 2099 2004 2162 Papagalli2

223 2181 475 2245 apportari
502 2181 616 2230 fecit
640 2182 852 2246 quinque
878 2182 1098 2231 cussinos
1130 2183 1189 2230 de
1219 2183 1453 2230 broccato
1480 2183 1603 2241 auri,
1635 2198 1783 2230 unum
1809 2183 1922 2246 poni
1948 2184 2007 2230 ad

223 2265 390 2313 sedem
426 2266 722 2314 eminentem
755 2266 804 2313 in
840 2282 935 2329 quo
974 2267 1115 2324 sedit,
1145 2282 1294 2313 unum
1334 2266 1422 2314 sub
1458 2267 1662 2330 pedibus
1699 2266 1796 2313 suis
1834 2270 1879 2313 et
1916 2267 2009 2314 tria

223 2348 315 2396 alia
339 2349 387 2396 in
411 2352 593 2397 terram
618 2365 707 2413 per
730 2350 953 2397 ordinem
979 2350 1027 2396 in
1052 2353 1384 2397 transversum
1407 2354 1517 2397 ante
1540 2349 1804 2397 scabellum
1826 2350 2004 2412 pedum

223 2446 448 2492 suorum;
482 2432 659 2480 Montis
694 2433 910 2496 Regalis,
950 2433 1305 2480 Alexandrinus
1336 2436 1383 2480 et
1420 2435 1676 2496 Capuanus
1714 2436 1946 2480 steterunt
1978 2449 2005 2479 a

222 2516 406 2564 dextris
449 2517 582 2580 ejus;
621 2517 881 2565 Cesarinus
925 2521 973 2565 et.
1012 2516 1273 2564 Farnesius
1317 2533 1345 2564 a
1389 2516 1615 2564 sinistris.
1656 2518 1889 2580 Apertum
1933 2521 2005 2564 est

219 2599 398 2648 ostium
425 2599 665 2663 papagalli
696 2604 743 2647 et
773 2600 1079 2648 intraverunt
1104 2615 1274 2647 omnes
1299 2601 1488 2647 nobiles
1513 2601 1662 2651 duces
1694 2604 1742 2647 et
1767 2604 1875 2663 post
1900 2616 2000 2672 eos,

217 2684 343 2731 inter
370 2683 662 2742 cardinales,
689 2684 787 2730 dux
809 2683 890 2746 qui
917 2682 1200 2745 genuflexus
1227 2685 1338 2729 ante
1367 2682 1651 2729 Pontificem
1676 2682 1788 2729 fecit
1811 2682 2005 2730 brevem

205 2766 492 2815 'orationem
533 2768 594 2815 ad
636 2767 797 2830 ipsum
832 2766 881 2813 in
924 2765 1109 2829 vulgari
1148 2765 1428 2829 hispanico,
1464 2781 1612 2828 agens
1660 2768 1789 2828 Pape
1827 2765 2006 2828 gratias

220 2852 351 2914 quod
381 2850 467 2898 sibi
494 2850 684 2898 absenti
709 2850 931 2913 dignatus
964 2852 1038 2898 est
1073 2850 1237 2897 facere
1262 2852 1464 2908 tantam,
1491 2848 1656 2897 nescio
1684 2864 1847 2912 quam.
1878 2851 2007 2912 Papa

222 2934 475 2998 respondit.
498 2934 543 2981 ei
567 2933 616 2981 in
641 2934 815 2982 eodem
840 2933 1040 2997 vulgari,
1071 2933 1180 2981 ideo
1206 2949 1304 2982 non
1334 2932 1572 2991 intellexi;
1601 2937 1703 2980 tum
1736 2933 1833 2980 dux
1861 2947 2005 2980 oscu-

221 3017 345 3065 latus
380 3020 454 3064 est
483 3018 634 3080 pedes
661 3017 830 3064 ambos
862 3019 1009 3080 Pape,
1039 3032 1238 3064 manum
1269 3017 1522 3064 dexteram
1553 3019 1602 3064 et
1630 3020 1856 3080 receptus
1883 3017 1956 3063 est
1979 3031 2007 3063 a

223 3103 350 3164 Papa
388 3101 449 3148 ad
488 3101 709 3149 osculum
752 3100 850 3147 oris
872 3117 882 3160 3
925 3103 994 3159 et,
1035 3103 1145 3163 post
1185 3101 1384 3160 ducem,
1429 3100 1615 3147 nobiles
1662 3099 1743 3163 qui
1782 3098 2005 3147 volebant

222 3183 424 3232 osculati
457 3186 568 3231 sunt
597 3184 746 3246 pedes
771 3182 852 3248 (1).
881 3186 1104 3232 Castrum
1137 3200 1174 3231 S.
1205 3183 1376 3246 Angeli
1408 3183 1498 3231 suit
1528 3182 1891 3231 ornatissimum
1924 3197 2003 3228 su—

222 3283 310 3330 per
334 3267 510 3315 turrim
534 3266 815 3315 inferiorem
845 3267 1127 3325 rotundam;
1156 3283 1322 3315 versus
1347 3269 1547 3330 pontem
1575 3282 1612 3313 s.
1645 3265 1814 3329 Angeli
1841 3266 2004 3311 erecta

270 3415 306 3451 1.
331 3428 350 3447 «
368 3414 398 3450 11
414 3426 508 3462 papa
526 3425 599 3451 non
620 3415 713 3451 dava
733 3414 918 3451 audentia
937 3425 1002 3462 per
1026 3415 1216 3463 l'alcgreza
1236 3415 1271 3450 di
1292 3414 1326 3451 la
1345 3419 1482 3452 venuta
1501 3414 1548 3449 dil
1580 3414 1653 3456 fiol,
1677 3418 1709 3448 ec
1735 3411 1949 3455 lacrymavit
1969 3414 2002 3445 et

220 3475 306 3509 risit
324 3484 346 3508 a
365 3484 437 3508 uno
463 3477 573 3513 trato.
604 3489 622 3507 ³)
648 3474 801 3518 Sanuto,
824 3477 852 3510 t.
881 3473 944 3517 III,
975 3475 1049 3512 col.
1085 3475 1168 3510 141.
1201 3473 1367 3521 (D'apres
1390 3473 1424 3509 la
1446 3472 1599 3509 relation
1627 3472 1670 3506 de
1697 3468 1856 3516 Capello,
1879 3468 1997 3504 Relaz.

219 3532 318 3575 deql'i
337 3532 589 3568 ambasciatori
608 3534 736 3575 veneti,
757 3533 798 3567 2⁶
816 3532 921 3578 serie,
937 3536 964 3568 t.
989 3533 1037 3568 111
1065 3533 1075 3579 )
