2228 3938
284 333 355 368 306
892 331 1127 368 JOHANNIS
1160 329 1456 373 BURCHARDL
1736 330 2055 374 [Novembre1503]

285 437 498 492 Marcus,
531 433 786 497 episcopus
814 433 1202 498 Senogalliensis,
1233 432 1491 495 deputatus
1519 431 1808 479 castellanus
1840 433 2057 495 ejusdem

287 517 459 576 castri;
490 522 537 565 et
558 517 718 564 retulit
744 519 800 564 D.
823 517 1100 575 Francisco,
1128 516 1354 579 episcopo
1377 515 1716 563 Neocastrcusi
1735 515 1933 578 antiquo
1958 532 2059 565 cas-

285 600 479 657 tellano,
507 600 921 664 Senogalliensem
942 616 1046 647 esse
1070 599 1354 662 deputatum
1380 597 1711 656 castellanum,
1742 598 1800 646 de
1826 614 1921 662 quo
1941 599 2061 647 anti-

284 698 406 744 quus
437 698 487 730 se
513 686 671 745 posset
700 698 809 730 cum
845 685 975 745 Papa
1005 682 1287 739 informare,
1322 681 1400 743 qui
1427 680 1649 743 antiquus
1674 680 1757 728 ivit
1785 681 1846 728 ad
1879 683 2058 745 Papam

284 781 395 812 cum
421 781 516 827 quo
542 768 648 812 erat
675 765 1028 823 Ulixbonensis3
1055 767 1102 812 et
1127 763 1360 811 intellexit
1382 763 1510 809 idem
1536 778 1564 809 a
1590 765 1722 827 Papa
1740 779 1768 810 a
1797 778 1892 826 quo
1915 763 2056 827 petiit

283 847 611 911 episcopatum
642 848 959 895 Andriensem
989 864 1075 912 pro
1106 847 1257 895 fratre
1291 845 1482 903 minori,
1513 848 1690 909 nepote
1725 861 1829 905 suo,
1856 850 1903 894 et
1936 863 2054 910 que—

280 931 391 977 dam
416 930 510 978 alia
533 946 624 994 que
646 933 775 994 Papa
793 929 1064 995 concessit]
1081 930 1237 978 Rediit
1259 929 1368 977 inde
1391 928 1451 976 ad
1482 928 1734 976 castellum
1756 945 1843 992 per
1869 929 2052 977 dictum

281 1013 612 1072 curritorium,
641 1016 750 1076 post
768 1014 906 1077 cujus
930 1013 1143 1061 reditum
1165 1015 1318 1061 tracte
1347 1012 1539 1059 fuerunt
1560 1011 1712 1058 tribus
1736 1011 1923 1060 vicibus
1946 1028 2052 1061 suc-

282 1096 461 1144 cessive
483 1096 769 1145 bombarde.

342 1180 430 1227 Die
463 1180 649 1239 martis,
690 1184 745 1227 14
774 1180 1065 1239 novembris,
1113 1181 1223 1242 post
1255 1177 1532 1242 prandium,
1568 1179 1763 1227 fuerunt
1783 1194 1892 1227 cum
1921 1181 2053 1243 Papa

278 1263 638 1322 Ulixbonensis,
665 1267 707 1314 V
712 1263 1032 1323 olaterranus,
1063 1263 1256 1327 Borgia,
1286 1262 1506 1309 Elnensis
1535 1266 1579 1310 et
1611 1262 1688 1310 alii
1714 1262 1983 1310 cardinales
2005 1267 2053 1311 et

279 1346 375 1393 dux
394 1347 694 1406 ValentinUS,
732 1363 876 1410 super
901 1348 1039 1411 cujus
1074 1361 1272 1394 recessu
1307 1346 1517 1394 decrevit
1557 1348 1686 1410 Papa
1710 1362 1802 1409 que
1824 1361 2050 1395 occurre-

275 1429 407 1476 bant.

339 1511 426 1558 Die
465 1512 714 1570 mercurii,
762 1516 816 1560 15
850 1512 1145 1571 novembris,
1181 1512 1248 1559 fui
1280 1528 1390 1560 cum
1427 1515 1558 1575 Papa
1584 1528 1730 1575 super
1755 1511 1953 1576 agendis
1985 1512 2044 1559 de

272 1594 604 1654 coronatione,
627 1595 705 1658 qui
734 1594 925 1657 reliquit
941 1594 1305 1657 deputationem
1322 1595 1530 1642 duorum
1554 1595 1882 1657 prefectorum
1908 1610 2047 1641 nava-

271 1676 388 1724 lium
409 1680 456 1724 et
478 1680 682 1740 quatuor
704 1677 1043 1725 scutiferorum
1065 1677 1338 1725 camerario
1364 1677 1584 1724 similiter
1605 1680 1651 1724 et
1676 1676 2042 1740 deputationem

271 1759 475 1808 duorum
522 1760 758 1808 nobilium
805 1776 895 1824 pro
939 1763 1068 1824 Papa
1106 1765 1153 1807 et
1193 1760 1419 1819 eeclesia3
1445 1759 1686 1808 commisit
1719 1759 1825 1807 fieri
1848 1759 2040 1808 mitram

270 1842 560 1906 simplicem,
606 1843 734 1907 quod
776 1843 916 1891 Judei
961 1843 1136 1891 faciant
1166 1842 1449 1907 petitionem
1486 1859 1623 1890 suam
1661 1842 2041 1891 confirmationis

267 1924 388 1987 legis
413 1925 462 1972 in
486 1926 683 1974 merulis
707 1926 851 1974 castri
878 1943 915 1973 s.
947 1926 1116 1990 Angeli
1141 1929 1187 1974 et
1213 1926 1341 1989 quod
1368 1926 1501 1974 nulla
1525 1926 1755 1974 violentia
1777 1925 1826 1973 in
1858 1925 1927 1974 eis
1966 1925 2041 1972 in—

268 2008 474 2066 feratur3
502 2009 632 2072 quod
653 2014 883 2072 cooperte
909 2024 1145 2071 equorum
1171 2014 1216 2056 et
1240 2009 1481 2057 mularum
1507 2009 1826 2056 cardinalium
1861 2008 1955 2056 sint
1982 2008 2040 2056 de

267 2090 452 2138 taffetto
475 2092 602 2151 albo,
626 2093 754 2155 quod
778 2093 827 2139 in
853 2092 929 2140 die
951 2091 1275 2155 processioniS
1298 2092 1358 2140 ad
1388 2094 1682 2139 Lateranum
1711 2091 1792 2139 fiat
1819 2091 2040 2139 similiter

268 2172 331 2220 ibi
356 2175 627 2237 prandium,
655 2175 826 2223 deinde
857 2178 1127 2223 revertatur
1147 2176 1207 2222 ad
1232 2191 1270 2223 s.
1301 2178 1520 2233 Petrum;
1546 2174 1595 2221 in
1621 2190 1715 2237 quo
1730 2174 1897 2222 habitu
1941 2188 2038 2221 non
2079 2209 2082 2211 Α

267 2256 517 2305 conclusit.
540 2258 704 2306 Voluit
735 2259 864 2321 quod
889 2258 947 2306 de
978 2274 1182 2306 numero
1218 2258 1624 2306 cubiculariorum
1664 2259 1881 2305 servetur
1906 2256 2037 2304 bulla

266 2338 398 2397 Sixti,
430 2341 559 2402 quod
588 2341 845 2389 cardinalis
890 2341 1123 2389 Columna
1165 2342 1294 2389 dicat
1330 2340 1648 2405 evangelium,
1692 2343 1740 2388 et
1779 2339 2035 2403 epistolam

266 2421 346 2484 qui
369 2422 466 2469 vult
492 2439 550 2469 ex
572 2423 896 2473 subdiaconis.

330 2507 381 2551 In
397 2505 473 2552 die
499 2507 845 2566 coronationis,
873 2507 1117 2572 deputavit
1135 2510 1245 2556 octo
1269 2507 1567 2566 assistentes,
1585 2506 1810 2555 videlicet
1835 2525 1844 2554 :
1875 2508 2036 2554 Patra-

265 2603 477 2648 censem,
515 2590 863 2650 Florentinum,
904 2591 1218 2654 Ragusinum,
1262 2591 1609 2639 Atheniensem
1643 2594 1689 2637 et
1722 2589 2027 2647 Theatiuum,

265 2670 672 2736 archiepiscopos,
700 2674 954 2733 Nolanum,
969 2674 1258 2723 Imolensem
1281 2676 1732 2733 etCesenatensem,
1752 2671 2030 2736 episcopos3

264 2755 311 2800 et
330 2753 459 2816 quia,
483 2754 651 2803 diebus
667 2757 930 2819 preteritis,
950 2760 1081 2821 Papa
1096 2757 1302 2821 portavit
1323 2759 1504 2805 vestem
1519 2756 1577 2804 de
1600 2755 1696 2804 tabi
1713 2755 1868 2803 rubeo
1887 2769 2033 2817 super

264 2834 559 2897 rochettum,
590 2838 685 2886 dixi
717 2840 965 2889 Sanctitati
1004 2858 1087 2889 sue
1115 2840 1163 2888 id
1197 2840 1472 2888 nullatenus
1511 2837 1767 2887 convenire
1792 2836 1874 2900 qui
1913 2835 2030 2883 mihi

264 2920 511 2982 respondit
535 2920 582 2969 id
603 2921 785 2970 factum
807 2939 912 2973 esse
935 2940 1131 2973 suorum
1154 2924 1354 2983 incuria,
1380 2923 1507 2987 quod
1528 2921 1758 2984 deinceps
1778 2935 1876 2967 non
1898 2918 2028 2967 face-

264 3006 336 3051 ret
354 3003 578 3067 amplius.

323 3086 503 3134 Eadem
548 3087 642 3148 die,
681 3093 789 3153 post
828 3090 1003 3138 horam
1034 3104 1365 3154 vesperarum,
1406 3091 1536 3152 Papa
1555 3087 1682 3136 venit
1704 3103 1792 3151 per
1820 3085 2030 3136 currito-

262 3167 387 3215 rium
410 3169 469 3217 ad
492 3175 705 3220 castrum
731 3189 765 3222 s,
790 3174 960 3237 Angeli
982 3173 1062 3221 ubi
1079 3173 1270 3221 suerunt
1295 3163 1444 3219 tracte
1470 3171 1619 3218 multe
1641 3170 1929 3219 bombarde.

316 3250 402 3299 Die
420 3252 679 3315 dominica,
700 3254 774 3315 19,
794 3256 925 3305 circa
940 3254 1152 3304 mediam
1169 3258 1361 3302 noctem
1384 3256 1683 3316 sequentem,
1703 3253 1798 3301 dux
1817 3251 2030 3303 Valenti-

260 3342 349 3380 nus
375 3338 579 3386 recessit
602 3336 661 3386 de
689 3341 815 3388 Urbe
842 3339 997 3387 iturus
1014 3339 1196 3388 Ostiam
1221 3335 1517 3396 Tiberinam,
1547 3337 1656 3384 inde
1683 3336 1730 3384 in
1750 3335 2024 3394 Manciam,

262 3430 346 3476 per
368 3433 504 3467 mare
541 3439 550 3468 :
588 3423 753 3472 nescio
784 3423 821 3471 si
852 3422 934 3471 ivit
968 3440 1055 3487 per
1092 3421 1319 3488 Tyberim
1346 3419 1420 3468 vel
1448 3423 1689 3483 equester.
1726 3422 1781 3468 D.
1819 3418 2028 3468 Bartho-
