2222 3932
256 404 260 407 -
312 381 384 417 320
922 382 1154 419 JOHANNIS
1188 380 1480 425 BURCHARDI,
1863 378 2091 421 [ΜΜ81504]

320 479 519 527 dicens:
545 480 619 526 Sit
639 495 809 528 nomen
829 481 1043 542 Domini,
1069 491 1175 542 eta,
1209 482 1487 530 cantoribus
1521 478 1940 542 respondentibus.
1971 481 2090 526 Data

318 560 675 621 benedictione,
706 565 835 626 Papa
853 564 1023 611 obtulit
1048 581 1137 627 pro
1158 581 1207 612 se
1226 565 1426 612 ducatos
1446 564 1616 610 decem
1637 562 1800 625 largos
1825 561 1899 608 vel
1929 560 2088 608 circa:

318 659 542 691 reversus
580 649 651 692 est
688 661 775 708 per
817 652 1014 708 pontem
1046 663 1083 694 5.
1123 647 1275 695 Marie
1312 663 1397 710 per
1434 646 1585 709 ripam
1623 660 1770 707 usque
1805 643 1865 691 ad
1899 645 2091 706 portam

318 727 654 785 Portuensem,
696 728 806 776 inde
849 745 935 791 per
966 715 1162 792 pontem
1203 746 1241 777 5.
1281 728 1628 786 Bartholomei,
1665 730 1897 790 Campum
1927 725 2086 783 Flore,

317 813 530 857 castrum
553 826 589 856 5.
616 811 803 874 Angeli,
824 815 970 874 prout
990 815 1200 860 venerat.
1220 813 1474 871 AntoniuS,
1493 809 1871 875 parafrenariuS,
1888 807 2092 855 dederat

317 890 677 956 eleemosynam
710 894 1020 956 pauperibus,
1062 895 1261 943 ducatos
1292 895 1479 950 decem,
1516 894 1563 941 in
1599 891 1851 956 quattrinis
1883 896 1930 939 et
1954 890 2090 939 bolo-

317 973 502 1036 gninis:
528 975 848 1024 interfuerunt
868 977 1033 1041 viginti
1059 979 1155 1026 duo
1179 978 1465 1026 cardinales.
1907 966 1912 971 ”

384 1057 469 1104 Die
495 1058 746 1118 mercurii,
779 1062 833 1107 13
861 1061 1037 1120 martii,
1067 1077 1154 1124 per
1176 1065 1365 1125 portam
1389 1060 1613 1110 Viridarii
1631 1064 1866 1108 venerunt
1887 1056 2091 1121 quatuor

317 1144 536 1188 oratores
566 1143 867 1190 Savonenses
892 1143 939 1190 in
960 1145 1173 1192 vestibus
1195 1145 1255 1192 de
1281 1143 1551 1192 cremesino
1574 1159 1699 1201 raSO,
1729 1142 1807 1205 qui
1830 1139 2089 1204 prandium

316 1222 539 1271 fecerunt
574 1223 622 1270 in
653 1225 796 1273 domo
822 1226 1079 1274 Alexandri
1111 1227 1305 1275 Neroni.
1332 1228 1583 1275 Venerunt
1617 1226 1686 1273 eis
1718 1224 1904 1272 obviam
1933 1221 2091 1270 cardi—

313 1305 495 1353 nalium
528 1306 725 1366 familie,
755 1308 1005 1356 videlicet:
1041 1311 1403 1368 Recanatensis,
1441 1327 1479 1356 s.
1515 1307 1762 1366 Praxedis,
1801 1323 1840 1354 s.
1876 1303 2085 1367 Georgii,

314 1387 374 1434 de
401 1388 575 1449 Flisco,
600 1390 917 1451 Mimatensis,
944 1408 980 1439 s.
1013 1393 1140 1440 Petri
1166 1393 1226 1440 ad
1240 1393 1443 1441 Vincula
1468 1395 1515 1440 et
1534 1408 1569 1438 5.
1598 1389 1810 1438 Severini
1839 1392 1886 1436 et
1910 1387 2087 1435 familia

314 1471 442 1533 Pape
464 1489 555 1535 que
582 1473 709 1521 venit
732 1490 884 1536 usque
910 1475 971 1522 ad
995 1475 1301 1538 capellettam
1324 1476 1450 1523 inter
1470 1475 1666 1522 domum
1693 1477 1740 1522 et
1766 1470 2083 1536 ponticulum,

312 1560 477 1617 preter
509 1570 705 1602 omnem
738 1556 912 1604 bonam
939 1558 1371 1605 consuetudinem:
1398 1557 1620 1605 associati
1643 1557 1834 1603 fuerunt
1853 1569 2002 1616 usque
2026 1552 2085 1600 ad

312 1636 512 1685 domum
559 1638 618 1686 de
654 1639 902 1703 Ragusini.
950 1640 1136 1687 Primus
1181 1640 1410 1703 equitavit
1455 1640 1579 1687 inter
1630 1637 2013 1686 Britonniensem
2059 1652 2087 1683 a

309 1719 505 1780 dextris,
533 1724 579 1768 et
611 1724 951 1770 Zamorensem
980 1739 1008 1770 a
1041 1723 1273 1781 sinistris3
1298 1723 1537 1771 secundus
1558 1722 1683 1769 inter
1701 1723 2028 1769 Ausarensem
2053 1733 2081 1765 a

310 1801 489 1851 dextris
512 1807 559 1852 et
578 1804 898 1854 Melfitensem
923 1822 950 1853 a
975 1806 1201 1865 sinistris;
1231 1807 1400 1855 tertius
1431 1806 1557 1854 inter
1578 1805 1697 1853 duos
1728 1804 1845 1852 alios
1869 1802 2078 1866 prelatos

308 1885 497 1948 palatii3
544 1890 743 1949 quartus
776 1888 901 1936 inter
942 1889 1331 1938 Sanctoriensem
1367 1905 1395 1937 a
1424 1888 1607 1936 dextris
1641 1892 1688 1935 et
1731 1886 2021 1935 Naulensem
2051 1900 2080 1932 a

307 1968 534 2026 sinistris,
562 1970 638 2016 cui
663 1985 752 2033 ego
769 1971 891 2019 cessi
914 1988 999 2034 pro
1021 1972 1205 2020 honore
1226 1972 1399 2036 patrie,
1422 1972 1482 2020 ad
1503 1972 1722 2035 ejusdem
1745 1972 1799 2017 D.
1825 1966 2077 2017 Naulensis

305 2049 603 2098 instantiam.
636 2053 743 2099 Misi
781 2054 920 2102 dictis
961 2055 1231 2103 oratoribus
1273 2070 1558 2118 responsum
1593 2054 1850 2102 dicendum
1883 2050 2076 2099 familiis

308 2123 701 2182 cardinaliumet
724 2137 870 2199 Pape,
901 2137 1179 2201 hujusmodi
1207 2138 1415 2186 tenoris:
1457 2158 1478 2181 «
1502 2137 1699 2201 Agimus
1731 2135 1907 2199 gratias
1935 2137 2073 2181 Rmo.

305 2218 362 2263 D.
388 2216 635 2275 Columne,
669 2218 865 2267 domino
892 2225 1074 2279 nostro,
1111 2237 1199 2284 pro
1236 2226 1368 2268 tanto
1398 2221 1584 2269 honore
1615 2219 1754 2268 nobis
1789 2222 1835 2267 et
1856 2232 2076 2273 commu-

305 2298 444 2346 nitati
465 2304 629 2348 nostre
647 2301 844 2349 nomine
858 2302 1077 2366 impenso
1097 2303 1400 2366 {oblationes
1416 2304 1555 2351 nobis
1577 2303 1725 2351 factas
1747 2304 2072 2364 acceptamus,

305 2386 351 2428 et
378 2384 569 2430 utemur
591 2383 681 2430 illis
703 2388 925 2448 tempore
954 2389 1250 2449 opportuno;
1279 2387 1550 2435 referemus
1585 2386 1774 2449 singula
1806 2381 2075 2432 communi-

303 2464 387 2511 tati
409 2470 570 2513 nostre
596 2483 738 2528 quam
762 2470 926 2515 Rmus.
963 2469 1196 2517 Dominus
1223 2470 1284 2517 ad
1309 2470 1471 2518 omnia
1495 2469 1798 2532 beneplacita
1821 2482 1902 2515 sua
1924 2464 2075 2512 habe-

305 2546 375 2594 bit
404 2548 759 2610 paratissimam
794 2570 838 2598 ».
869 2551 1066 2599 Familie
1091 2555 1214 2616 Pape
1239 2569 1247 2600 :
1280 2574 1302 2597 «
1329 2554 1493 2601 Dulcis
1530 2567 1666 2600 amor
1691 2551 1845 2615 patrie
1873 2553 2070 2613 apparet

304 2628 447 2677 etiam
470 2630 515 2677 in
543 2633 625 2679 SS.
657 2636 712 2680 D.
747 2636 803 2682 N.
836 2650 961 2697 papa
988 2635 1035 2682 in
1068 2651 1297 2698 supremo
1332 2636 1451 2684 solio
1485 2635 1728 2699 dignitatis
1753 2633 1967 2689 sedente,
1994 2629 2074 2693 qui

302 2725 390 2758 nos
434 2714 735 2762 servulorum
792 2731 987 2764 suorum
1024 2719 1384 2766 communitatis
1422 2718 1722 2782 „Savonensis
1766 2715 1960 2763 nuntios
2027 2715 2075 2760 et

303 2798 526 2842 oratores
563 2800 696 2844 tanto
733 2798 918 2847 honore
937 2800 1138 2863 suscipit
1168 2805 1213 2848 et
1247 2801 1678 2865 decorat3agimus
1702 2799 1879 2864 gratias
1908 2795 2073 2844 Domi-

299 2876 575 2925 nationibus
612 2881 782 2928 vestris
829 2898 920 2944 que
974 2898 1095 2930 onus
1131 2884 1224 2931 hoc
1273 2885 1524 2932 subierunt
1560 2884 1696 2932 nobis
1733 2877 2015 2930 occurrendi
2057 2891 2065 2922 :

303 2973 502 3021 agemus
532 2960 675 3009 latius
698 2965 780 3012 SS.
811 2967 867 3011 D.
894 2968 948 3013 N.
974 2982 1094 3030 pape
1131 2982 1217 3029 pro
1258 2971 1390 3015 tanta
1431 2967 1747 3031 benignitate,
1771 2979 1882 3012 cum
1906 2975 2069 3009 coram

304 3056 503 3090 erlmus.
537 3063 558 3087 »

370 3123 456 3170 Die
482 3124 623 3188 Jovis,
665 3129 719 3172 14
755 3128 927 3182 martii,
961 3130 1220 3178 cardinalis
1252 3148 1288 3178 5.
1329 3131 1454 3180 Petri
1483 3131 1543 3179 ad
1571 3127 1774 3181 Vincula
1801 3127 1859 3175 de
1889 3126 2065 3191 palatio

300 3205 529 3267 equitavit
555 3211 666 3255 ante
699 3209 931 3270 palatium
963 3228 999 3258 s.
1032 3214 1226 3275 Georgii
1262 3229 1414 3277 prope
1447 3217 1679 3276 Campum
1706 3210 1860 3270 Flore,
1891 3211 1949 3259 de
1975 3226 2070 3273 quo

297 3286 398 3349 ipse
423 3305 459 3336 s.
491 3292 686 3354 Georgii
710 3292 936 3354 equitavit
958 3309 1067 3340 cum
1091 3310 1147 3341 eo
1174 3295 1233 3342 ad
1259 3297 1517 3344 ecclesiam
1547 3313 1584 3343 5.
1618 3295 1743 3343 Petri
1778 3295 1837 3343 ad
1859 3294 2068 3344 Vincula

300 3373 349 3416 ut
372 3371 514 3419 ullius
535 3375 891 3436 possessionem
923 3376 1196 3439 acciperet:
1232 3379 1439 3442 religiosi
1464 3380 1569 3442 ejus
1592 3379 1684 3427 loci
1715 3395 1812 3427 non
1830 3379 2068 3426 venerunt

299 3451 341 3497 ei
367 3454 554 3503 obviam
578 3472 687 3505 cum
711 3457 1043 3521 processione,
1063 3466 1202 3523 prout
1230 3461 1399 3510 suisset
1420 3461 1652 3523 debitum,
1678 3478 1767 3512 nec
1796 3462 1896 3526 ipse
1930 3461 2067 3510 obtu-
