<?xml version="1.0" encoding="UTF-8"?>
<!DOCTYPE html PUBLIC "-//W3C//DTD XHTML 1.0 Transitional//EN"
    "http://www.w3.org/TR/xhtml1/DTD/xhtml1-transitional.dtd">
<html xmlns="http://www.w3.org/1999/xhtml" xml:lang="en" lang="en">
 <head>
  <title>
</title>
<meta http-equiv="Content-Type" content="text/html;charset=utf-8" />
  <meta name='ocr-system' content='tesseract 3.04.00' />
  <meta name='ocr-capabilities' content='ocr_page ocr_carea ocr_par ocr_line ocrx_word'/>
</head>
<body>
  <div class='ocr_page' id='page_1' title='image "./diariumsivererum03burcuoft_0431.png"; bbox 0 0 2202 3918; ppageno 0'>
   <div class='ocr_carea' id='block_1_1' title="bbox 0 0 226 110">
    <p class='ocr_par' dir='ltr' id='par_1_1' title="bbox 0 0 226 110">
     <span class='ocr_line' id='line_1_1' title="bbox 0 0 226 110; baseline 0 3808"><span class='ocrx_word' id='word_1_1' title='bbox 0 0 226 110; x_wconf 95' lang='lat' dir='ltr'> </span> 
     </span>
    </p>
   </div>
   <div class='ocr_carea' id='block_1_2' title="bbox 127 347 1912 393">
    <p class='ocr_par' dir='ltr' id='par_1_2' title="bbox 127 347 1912 393">
     <span class='ocr_line' id='line_1_2' title="bbox 127 347 1912 393; baseline 0 -9"><span class='ocrx_word' id='word_1_2' title='bbox 127 351 238 393; x_wconf 79' lang='lat' dir='ltr'>[Avril</span> <span class='ocrx_word' id='word_1_3' title='bbox 259 351 353 390; x_wconf 58' lang='lat'><strong>150³]</strong></span> <span class='ocrx_word' id='word_1_4' title='bbox 585 348 754 385; x_wconf 84' lang='lat' dir='ltr'>RERUM</span> <span class='ocrx_word' id='word_1_5' title='bbox 789 347 1088 384; x_wconf 85' lang='lat' dir='ltr'>URBANARUM</span> <span class='ocrx_word' id='word_1_6' title='bbox 1115 347 1463 384; x_wconf 80' lang='lat' dir='ltr'><strong>COMMENTARII.</strong></span> <span class='ocrx_word' id='word_1_7' title='bbox 1840 348 1912 385; x_wconf 76' lang='lat'>349</span> 
     </span>
    </p>
   </div>
   <div class='ocr_carea' id='block_1_3' title="bbox 123 448 1939 3498">
    <p class='ocr_par' dir='ltr' id='par_1_3' title="bbox 123 448 1939 2736">
     <span class='ocr_line' id='line_1_3' title="bbox 127 448 1910 514; baseline -0.003 -13"><span class='ocrx_word' id='word_1_8' title='bbox 127 452 306 501; x_wconf 88' lang='lat' dir='ltr'>cessive</span> <span class='ocrx_word' id='word_1_9' title='bbox 331 452 428 499; x_wconf 94' lang='lat' dir='ltr'>duo</span> <span class='ocrx_word' id='word_1_10' title='bbox 451 450 526 499; x_wconf 90' lang='lat' dir='ltr'>vel</span> <span class='ocrx_word' id='word_1_11' title='bbox 549 453 648 499; x_wconf 91' lang='lat' dir='ltr'>tres</span> <span class='ocrx_word' id='word_1_12' title='bbox 683 449 817 514; x_wconf 87' lang='lat' dir='ltr'>parvi</span> <span class='ocrx_word' id='word_1_13' title='bbox 855 448 903 495; x_wconf 91' lang='lat' dir='ltr'>in</span> <span class='ocrx_word' id='word_1_14' title='bbox 938 453 1269 496; x_wconf 88' lang='lat' dir='ltr'>transversum</span> <span class='ocrx_word' id='word_1_15' title='bbox 1304 453 1349 496; x_wconf 92' lang='lat' dir='ltr'>et</span> <span class='ocrx_word' id='word_1_16' title='bbox 1386 449 1434 495; x_wconf 93' lang='lat' dir='ltr'>in</span> <span class='ocrx_word' id='word_1_17' title='bbox 1472 449 1567 496; x_wconf 87' lang='lat' dir='ltr'>illis</span> <span class='ocrx_word' id='word_1_18' title='bbox 1602 448 1910 512; x_wconf 90' lang='lat' dir='ltr'>ponebantur</span> 
     </span>
     <span class='ocr_line' id='line_1_4' title="bbox 126 530 1910 598; baseline -0.003 -15"><span class='ocrx_word' id='word_1_19' title='bbox 126 550 278 598; x_wconf 87' lang='lat' dir='ltr'>agnus</span> <span class='ocrx_word' id='word_1_20' title='bbox 321 533 546 597; x_wconf 88' lang='lat' dir='ltr'>baptisati</span> <span class='ocrx_word' id='word_1_21' title='bbox 590 547 699 580; x_wconf 90' lang='lat' dir='ltr'>cum</span> <span class='ocrx_word' id='word_1_22' title='bbox 741 530 1045 578; x_wconf 90' lang='lat' dir='ltr'>coclearibus</span> <span class='ocrx_word' id='word_1_23' title='bbox 1085 530 1259 594; x_wconf 83' lang='lat' dir='ltr'>ligneis</span> <span class='ocrx_word' id='word_1_24' title='bbox 1301 530 1487 595; x_wconf 86' lang='lat' dir='ltr'>magnis</span> <span class='ocrx_word' id='word_1_25' title='bbox 1529 547 1650 593; x_wconf 91' lang='lat' dir='ltr'>quos</span> <span class='ocrx_word' id='word_1_26' title='bbox 1695 533 1823 594; x_wconf 89' lang='lat' dir='ltr'>Papa</span> <span class='ocrx_word' id='word_1_27' title='bbox 1863 534 1910 578; x_wconf 92' lang='lat' dir='ltr'>et</span> 
     </span>
     <span class='ocr_line' id='line_1_5' title="bbox 126 613 1909 665; baseline -0.001 -1"><span class='ocrx_word' id='word_1_28' title='bbox 126 617 398 665; x_wconf 79' lang='lat' dir='ltr'>cardinales</span> <span class='ocrx_word' id='word_1_29' title='bbox 426 616 672 663; x_wconf 88' lang='lat' dir='ltr'>habebant</span> <span class='ocrx_word' id='word_1_30' title='bbox 696 615 744 661; x_wconf 92' lang='lat' dir='ltr'>in</span> <span class='ocrx_word' id='word_1_31' title='bbox 768 613 1005 661; x_wconf 88' lang='lat' dir='ltr'>manibus.</span> <span class='ocrx_word' id='word_1_32' title='bbox 1032 613 1357 661; x_wconf 87' lang='lat' dir='ltr'>Interfuerunt</span> <span class='ocrx_word' id='word_1_33' title='bbox 1382 614 1652 662; x_wconf 78' lang='lat' dir='ltr'>cardinales</span> <span class='ocrx_word' id='word_1_34' title='bbox 1678 630 1718 661; x_wconf 91' lang='lat' dir='ltr'>s.</span> <span class='ocrx_word' id='word_1_35' title='bbox 1757 616 1909 662; x_wconf 90' lang='lat' dir='ltr'>Geor-</span> 
     </span>
     <span class='ocr_line' id='line_1_6' title="bbox 127 696 1911 763; baseline -0.002 -16"><span class='ocrx_word' id='word_1_36' title='bbox 127 700 216 763; x_wconf 87' lang='lat' dir='ltr'>gii,</span> <span class='ocrx_word' id='word_1_37' title='bbox 255 699 638 758; x_wconf 87' lang='lat' dir='ltr'>Alexandrinus,</span> <span class='ocrx_word' id='word_1_38' title='bbox 678 696 952 760; x_wconf 87' lang='lat' dir='ltr'>Regiensis,</span> <span class='ocrx_word' id='word_1_39' title='bbox 998 698 1392 755; x_wconf 79' lang='lat' dir='ltr'>Beneventanus,</span> <span class='ocrx_word' id='word_1_40' title='bbox 1427 699 1693 755; x_wconf 87' lang='lat' dir='ltr'>Cumanus,</span> <span class='ocrx_word' id='word_1_41' title='bbox 1736 697 1911 744; x_wconf 89' lang='lat' dir='ltr'>Mima-</span> 
     </span>
     <span class='ocr_line' id='line_1_7' title="bbox 126 779 1909 843; baseline -0.002 -12"><span class='ocrx_word' id='word_1_42' title='bbox 126 783 292 842; x_wconf 88' lang='lat' dir='ltr'>tensis,</span> <span class='ocrx_word' id='word_1_43' title='bbox 330 799 369 830; x_wconf 87' lang='lat' dir='ltr'>s.</span> <span class='ocrx_word' id='word_1_44' title='bbox 406 781 529 829; x_wconf 88' lang='lat' dir='ltr'>Petri</span> <span class='ocrx_word' id='word_1_45' title='bbox 566 781 626 828; x_wconf 89' lang='lat' dir='ltr'>ad</span> <span class='ocrx_word' id='word_1_46' title='bbox 649 780 873 838; x_wconf 80' lang='lat' dir='ltr'>Vincula,</span> <span class='ocrx_word' id='word_1_47' title='bbox 903 796 941 827; x_wconf 92' lang='lat' dir='ltr'>s.</span> <span class='ocrx_word' id='word_1_48' title='bbox 973 780 1192 828; x_wconf 83' lang='lat' dir='ltr'>Severini</span> <span class='ocrx_word' id='word_1_49' title='bbox 1219 785 1266 827; x_wconf 89' lang='lat' dir='ltr'>ct</span> <span class='ocrx_word' id='word_1_50' title='bbox 1290 779 1536 843; x_wconf 88' lang='lat' dir='ltr'>Aragonia</span> <span class='ocrx_word' id='word_1_51' title='bbox 1558 780 1639 842; x_wconf 92' lang='lat' dir='ltr'>qui</span> <span class='ocrx_word' id='word_1_52' title='bbox 1668 780 1909 843; x_wconf 88' lang='lat' dir='ltr'>deposue—</span> 
     </span>
     <span class='ocr_line' id='line_1_8' title="bbox 127 862 1909 929; baseline -0.002 -15"><span class='ocrx_word' id='word_1_53' title='bbox 127 870 237 914; x_wconf 87' lang='lat' dir='ltr'>runt</span> <span class='ocrx_word' id='word_1_54' title='bbox 261 881 438 929; x_wconf 86' lang='lat' dir='ltr'>cappas</span> <span class='ocrx_word' id='word_1_55' title='bbox 461 867 508 913; x_wconf 93' lang='lat' dir='ltr'>et</span> <span class='ocrx_word' id='word_1_56' title='bbox 533 864 766 912; x_wconf 88' lang='lat' dir='ltr'>sederunt</span> <span class='ocrx_word' id='word_1_57' title='bbox 789 864 837 911; x_wconf 94' lang='lat' dir='ltr'>in</span> <span class='ocrx_word' id='word_1_58' title='bbox 860 864 1103 911; x_wconf 87' lang='lat' dir='ltr'>mantellis</span> <span class='ocrx_word' id='word_1_59' title='bbox 1124 880 1133 911; x_wconf 93' lang='lat'>:</span> <span class='ocrx_word' id='word_1_60' title='bbox 1173 866 1303 926; x_wconf 85' lang='lat' dir='ltr'>Papa</span> <span class='ocrx_word' id='word_1_61' title='bbox 1327 862 1388 910; x_wconf 83' lang='lat' dir='ltr'>ad</span> <span class='ocrx_word' id='word_1_62' title='bbox 1413 863 1653 910; x_wconf 87' lang='lat' dir='ltr'>concham</span> <span class='ocrx_word' id='word_1_63' title='bbox 1679 879 1909 927; x_wconf 86' lang='lat' dir='ltr'>magnam</span> 
     </span>
     <span class='ocr_line' id='line_1_9' title="bbox 127 946 1910 1012; baseline -0.002 -15"><span class='ocrx_word' id='word_1_64' title='bbox 127 965 266 997; x_wconf 89' lang='lat' dir='ltr'>suam</span> <span class='ocrx_word' id='word_1_65' title='bbox 309 954 617 1012; x_wconf 82' lang='lat' dir='ltr'>argenteam,</span> <span class='ocrx_word' id='word_1_66' title='bbox 650 963 687 995; x_wconf 78' lang='lat' dir='ltr'>s,</span> <span class='ocrx_word' id='word_1_67' title='bbox 735 947 929 1011; x_wconf 89' lang='lat' dir='ltr'>Georgii</span> <span class='ocrx_word' id='word_1_68' title='bbox 963 946 1023 994; x_wconf 89' lang='lat' dir='ltr'>ad</span> <span class='ocrx_word' id='word_1_69' title='bbox 1057 947 1202 994; x_wconf 87' lang='lat' dir='ltr'>aliam</span> <span class='ocrx_word' id='word_1_70' title='bbox 1248 949 1534 1010; x_wconf 79' lang='lat' dir='ltr'>argenteam</span> <span class='ocrx_word' id='word_1_71' title='bbox 1594 946 1654 993; x_wconf 89' lang='lat' dir='ltr'>ad</span> <span class='ocrx_word' id='word_1_72' title='bbox 1685 946 1910 994; x_wconf 82' lang='lat' dir='ltr'>dextram</span> 
     </span>
     <span class='ocr_line' id='line_1_10' title="bbox 128 1029 1908 1095; baseline -0.002 -16"><span class='ocrx_word' id='word_1_73' title='bbox 128 1033 286 1095; x_wconf 87' lang='lat' dir='ltr'>Pape,</span> <span class='ocrx_word' id='word_1_74' title='bbox 322 1046 546 1095; x_wconf 86' lang='lat' dir='ltr'>parvam,</span> <span class='ocrx_word' id='word_1_75' title='bbox 582 1030 933 1079; x_wconf 88' lang='lat' dir='ltr'>Alexandrinus</span> <span class='ocrx_word' id='word_1_76' title='bbox 970 1030 1031 1078; x_wconf 90' lang='lat' dir='ltr'>ad</span> <span class='ocrx_word' id='word_1_77' title='bbox 1067 1030 1210 1078; x_wconf 89' lang='lat' dir='ltr'>aliam</span> <span class='ocrx_word' id='word_1_78' title='bbox 1260 1029 1308 1076; x_wconf 92' lang='lat' dir='ltr'>in</span> <span class='ocrx_word' id='word_1_79' title='bbox 1353 1029 1740 1077; x_wconf 88' lang='lat' dir='ltr'>contradictorio</span> <span class='ocrx_word' id='word_1_80' title='bbox 1780 1030 1908 1077; x_wconf 91' lang='lat' dir='ltr'>illius</span> 
     </span>
     <span class='ocr_line' id='line_1_11' title="bbox 127 1111 1909 1178; baseline -0.001 -16"><span class='ocrx_word' id='word_1_81' title='bbox 127 1117 257 1178; x_wconf 89' lang='lat' dir='ltr'>Pape</span> <span class='ocrx_word' id='word_1_82' title='bbox 304 1118 351 1162; x_wconf 92' lang='lat' dir='ltr'>et</span> <span class='ocrx_word' id='word_1_83' title='bbox 397 1113 648 1177; x_wconf 90' lang='lat' dir='ltr'>Regiensis</span> <span class='ocrx_word' id='word_1_84' title='bbox 700 1114 749 1160; x_wconf 94' lang='lat' dir='ltr'>in</span> <span class='ocrx_word' id='word_1_85' title='bbox 799 1113 1180 1161; x_wconf 87' lang='lat' dir='ltr'>contradictorio</span> <span class='ocrx_word' id='word_1_86' title='bbox 1231 1129 1269 1160; x_wconf 89' lang='lat' dir='ltr'>S.</span> <span class='ocrx_word' id='word_1_87' title='bbox 1311 1111 1530 1175; x_wconf 83' lang='lat' dir='ltr'>Georgii3</span> <span class='ocrx_word' id='word_1_88' title='bbox 1587 1115 1635 1159; x_wconf 85' lang='lat' dir='ltr'>et</span> <span class='ocrx_word' id='word_1_89' title='bbox 1682 1112 1759 1159; x_wconf 92' lang='lat' dir='ltr'>alii</span> <span class='ocrx_word' id='word_1_90' title='bbox 1812 1116 1909 1160; x_wconf 89' lang='lat' dir='ltr'>tres</span> 
     </span>
     <span class='ocr_line' id='line_1_12' title="bbox 127 1194 1908 1260; baseline -0.001 -16"><span class='ocrx_word' id='word_1_91' title='bbox 127 1197 397 1245; x_wconf 89' lang='lat' dir='ltr'>cardinales</span> <span class='ocrx_word' id='word_1_92' title='bbox 442 1200 760 1246; x_wconf 88' lang='lat' dir='ltr'>extraxerunt</span> <span class='ocrx_word' id='word_1_93' title='bbox 807 1212 959 1260; x_wconf 90' lang='lat' dir='ltr'>agnus</span> <span class='ocrx_word' id='word_1_94' title='bbox 1005 1196 1063 1244; x_wconf 93' lang='lat' dir='ltr'>de</span> <span class='ocrx_word' id='word_1_95' title='bbox 1104 1195 1304 1244; x_wconf 87' lang='lat' dir='ltr'>conchis</span> <span class='ocrx_word' id='word_1_96' title='bbox 1347 1211 1456 1243; x_wconf 88' lang='lat' dir='ltr'>cum</span> <span class='ocrx_word' id='word_1_97' title='bbox 1498 1194 1800 1243; x_wconf 87' lang='lat' dir='ltr'>coclearibus</span> <span class='ocrx_word' id='word_1_98' title='bbox 1849 1196 1908 1243; x_wconf 90' lang='lat' dir='ltr'>de</span> 
     </span>
     <span class='ocr_line' id='line_1_13' title="bbox 123 1277 1903 1343; baseline -0.001 -16"><span class='ocrx_word' id='word_1_99' title='bbox 123 1279 321 1328; x_wconf 89' lang='lat' dir='ltr'>licentia</span> <span class='ocrx_word' id='word_1_100' title='bbox 363 1282 510 1343; x_wconf 86' lang='lat' dir='ltr'>Pape.</span> <span class='ocrx_word' id='word_1_101' title='bbox 550 1279 639 1329; x_wconf 89' lang='lat' dir='ltr'>Alii</span> <span class='ocrx_word' id='word_1_102' title='bbox 677 1279 945 1327; x_wconf 88' lang='lat' dir='ltr'>cardinales</span> <span class='ocrx_word' id='word_1_103' title='bbox 982 1279 1215 1328; x_wconf 88' lang='lat' dir='ltr'>sederunt</span> <span class='ocrx_word' id='word_1_104' title='bbox 1258 1279 1305 1325; x_wconf 93' lang='lat' dir='ltr'>in</span> <span class='ocrx_word' id='word_1_105' title='bbox 1338 1277 1560 1325; x_wconf 82' lang='lat' dir='ltr'>scabellis</span> <span class='ocrx_word' id='word_1_106' title='bbox 1600 1277 1661 1325; x_wconf 89' lang='lat' dir='ltr'>ad</span> <span class='ocrx_word' id='word_1_107' title='bbox 1697 1283 1903 1341; x_wconf 90' lang='lat' dir='ltr'>partem.</span> 
     </span>
     <span class='ocr_line' id='line_1_14' title="bbox 126 1361 1907 1427; baseline -0.001 -16"><span class='ocrx_word' id='word_1_108' title='bbox 126 1363 413 1411; x_wconf 87' lang='lat' dir='ltr'>Cubicularii</span> <span class='ocrx_word' id='word_1_109' title='bbox 437 1366 688 1426; x_wconf 88' lang='lat' dir='ltr'>portarunt</span> <span class='ocrx_word' id='word_1_110' title='bbox 712 1363 868 1411; x_wconf 90' lang='lat' dir='ltr'>dictos</span> <span class='ocrx_word' id='word_1_111' title='bbox 893 1379 1046 1427; x_wconf 87' lang='lat' dir='ltr'>agnus</span> <span class='ocrx_word' id='word_1_112' title='bbox 1069 1378 1180 1410; x_wconf 87' lang='lat' dir='ltr'>cum</span> <span class='ocrx_word' id='word_1_113' title='bbox 1203 1378 1286 1409; x_wconf 87' lang='lat' dir='ltr'>sex</span> <span class='ocrx_word' id='word_1_114' title='bbox 1305 1361 1542 1409; x_wconf 87' lang='lat' dir='ltr'>bacilibus</span> <span class='ocrx_word' id='word_1_115' title='bbox 1566 1361 1829 1424; x_wconf 85' lang='lat' dir='ltr'>argenteis,</span> <span class='ocrx_word' id='word_1_116' title='bbox 1859 1365 1907 1410; x_wconf 92' lang='lat' dir='ltr'>et</span> 
     </span>
     <span class='ocr_line' id='line_1_15' title="bbox 126 1444 1906 1509; baseline -0.001 -17"><span class='ocrx_word' id='word_1_117' title='bbox 126 1445 205 1493; x_wconf 89' lang='lat' dir='ltr'>alii</span> <span class='ocrx_word' id='word_1_118' title='bbox 233 1445 517 1493; x_wconf 90' lang='lat' dir='ltr'>cubicularii</span> <span class='ocrx_word' id='word_1_119' title='bbox 554 1445 602 1492; x_wconf 92' lang='lat' dir='ltr'>in</span> <span class='ocrx_word' id='word_1_120' title='bbox 639 1461 723 1493; x_wconf 85' lang='lat' dir='ltr'>sex</span> <span class='ocrx_word' id='word_1_121' title='bbox 757 1445 958 1494; x_wconf 88' lang='lat' dir='ltr'>conchis</span> <span class='ocrx_word' id='word_1_122' title='bbox 996 1445 1152 1509; x_wconf 90' lang='lat' dir='ltr'>parvis</span> <span class='ocrx_word' id='word_1_123' title='bbox 1188 1445 1295 1492; x_wconf 90' lang='lat' dir='ltr'>illos</span> <span class='ocrx_word' id='word_1_124' title='bbox 1334 1444 1655 1508; x_wconf 82' lang='lat' dir='ltr'>apportabant</span> <span class='ocrx_word' id='word_1_125' title='bbox 1691 1444 1750 1491; x_wconf 87' lang='lat' dir='ltr'>ad</span> <span class='ocrx_word' id='word_1_126' title='bbox 1786 1445 1906 1491; x_wconf 91' lang='lat' dir='ltr'>duas</span> 
     </span>
     <span class='ocr_line' id='line_1_16' title="bbox 126 1526 1904 1592; baseline -0.002 -16"><span class='ocrx_word' id='word_1_127' title='bbox 126 1544 320 1577; x_wconf 89' lang='lat' dir='ltr'>mensas</span> <span class='ocrx_word' id='word_1_128' title='bbox 355 1544 501 1592; x_wconf 87' lang='lat' dir='ltr'>supra</span> <span class='ocrx_word' id='word_1_129' title='bbox 533 1529 689 1576; x_wconf 89' lang='lat' dir='ltr'>lodias</span> <span class='ocrx_word' id='word_1_130' title='bbox 724 1529 787 1576; x_wconf 92' lang='lat' dir='ltr'>ibi</span> <span class='ocrx_word' id='word_1_131' title='bbox 812 1534 1024 1592; x_wconf 70' lang='lat' dir='ltr'>paratas,</span> <span class='ocrx_word' id='word_1_132' title='bbox 1060 1529 1252 1592; x_wconf 56' lang='lat' dir='ltr'>mappis,</span> <span class='ocrx_word' id='word_1_133' title='bbox 1274 1532 1548 1590; x_wconf 88' lang='lat' dir='ltr'>coopertas.</span> <span class='ocrx_word' id='word_1_134' title='bbox 1586 1529 1639 1574; x_wconf 85' lang='lat' dir='ltr'>In</span> <span class='ocrx_word' id='word_1_135' title='bbox 1668 1526 1904 1590; x_wconf 90' lang='lat' dir='ltr'>principio</span> 
     </span>
     <span class='ocr_line' id='line_1_17' title="bbox 128 1610 1906 1675; baseline -0.001 -17"><span class='ocrx_word' id='word_1_136' title='bbox 128 1612 502 1660; x_wconf 88' lang='lat' dir='ltr'>commemoravi</span> <span class='ocrx_word' id='word_1_137' title='bbox 527 1615 652 1675; x_wconf 83' lang='lat' dir='ltr'>Pape</span> <span class='ocrx_word' id='word_1_138' title='bbox 675 1612 954 1675; x_wconf 85' lang='lat' dir='ltr'>dignaretur</span> <span class='ocrx_word' id='word_1_139' title='bbox 977 1612 1295 1659; x_wconf 88' lang='lat' dir='ltr'>intentionem</span> <span class='ocrx_word' id='word_1_140' title='bbox 1322 1626 1458 1657; x_wconf 88' lang='lat' dir='ltr'>snam</span> <span class='ocrx_word' id='word_1_141' title='bbox 1483 1610 1543 1657; x_wconf 89' lang='lat' dir='ltr'>ad</span> <span class='ocrx_word' id='word_1_142' title='bbox 1567 1625 1736 1657; x_wconf 91' lang='lat' dir='ltr'>omnes</span> <span class='ocrx_word' id='word_1_143' title='bbox 1755 1626 1906 1674; x_wconf 88' lang='lat' dir='ltr'>agnus</span> 
     </span>
     <span class='ocr_line' id='line_1_18' title="bbox 128 1692 1908 1757; baseline -0.001 -16"><span class='ocrx_word' id='word_1_144' title='bbox 128 1693 176 1741; x_wconf 93' lang='lat' dir='ltr'>in</span> <span class='ocrx_word' id='word_1_145' title='bbox 201 1694 309 1741; x_wconf 87' lang='lat' dir='ltr'>aula</span> <span class='ocrx_word' id='word_1_146' title='bbox 334 1694 479 1742; x_wconf 89' lang='lat' dir='ltr'>etiam</span> <span class='ocrx_word' id='word_1_147' title='bbox 510 1694 559 1740; x_wconf 90' lang='lat' dir='ltr'>in</span> <span class='ocrx_word' id='word_1_148' title='bbox 589 1694 770 1742; x_wconf 90' lang='lat' dir='ltr'>retibus</span> <span class='ocrx_word' id='word_1_149' title='bbox 808 1693 1070 1742; x_wconf 87' lang='lat' dir='ltr'>existentes</span> <span class='ocrx_word' id='word_1_150' title='bbox 1111 1692 1449 1757; x_wconf 88' lang='lat' dir='ltr'>[significare]:</span> <span class='ocrx_word' id='word_1_151' title='bbox 1489 1692 1556 1740; x_wconf 91' lang='lat' dir='ltr'>sic</span> <span class='ocrx_word' id='word_1_152' title='bbox 1593 1692 1708 1739; x_wconf 87' lang='lat' dir='ltr'>dixit</span> <span class='ocrx_word' id='word_1_153' title='bbox 1735 1708 1785 1740; x_wconf 92' lang='lat' dir='ltr'>se</span> <span class='ocrx_word' id='word_1_154' title='bbox 1811 1692 1908 1740; x_wconf 89' lang='lat' dir='ltr'>sac-</span> 
     </span>
     <span class='ocr_line' id='line_1_19' title="bbox 130 1774 1939 1838; baseline -0.001 -14"><span class='ocrx_word' id='word_1_155' title='bbox 130 1780 312 1824; x_wconf 91' lang='lat' dir='ltr'>turum.</span> <span class='ocrx_word' id='word_1_156' title='bbox 340 1779 488 1824; x_wconf 89' lang='lat' dir='ltr'>Erant</span> <span class='ocrx_word' id='word_1_157' title='bbox 512 1779 672 1824; x_wconf 88' lang='lat' dir='ltr'>autem</span> <span class='ocrx_word' id='word_1_158' title='bbox 697 1776 760 1824; x_wconf 92' lang='lat' dir='ltr'>ibi</span> <span class='ocrx_word' id='word_1_159' title='bbox 782 1776 903 1824; x_wconf 88' lang='lat' dir='ltr'>retia</span> <span class='ocrx_word' id='word_1_160' title='bbox 924 1777 1028 1824; x_wconf 88' lang='lat' dir='ltr'>fere</span> <span class='ocrx_word' id='word_1_161' title='bbox 1050 1777 1259 1823; x_wconf 88' lang='lat' dir='ltr'>ducenta</span> <span class='ocrx_word' id='word_1_162' title='bbox 1283 1790 1485 1838; x_wconf 91' lang='lat' dir='ltr'>quorum</span> <span class='ocrx_word' id='word_1_163' title='bbox 1511 1791 1600 1838; x_wconf 87' lang='lat' dir='ltr'>ego</span> <span class='ocrx_word' id='word_1_164' title='bbox 1625 1790 1712 1838; x_wconf 91' lang='lat' dir='ltr'>pro</span> <span class='ocrx_word' id='word_1_165' title='bbox 1738 1774 1906 1823; x_wconf 92' lang='lat' dir='ltr'>amicis</span> <span class='ocrx_word' id='word_1_166' title='bbox 1936 1807 1939 1810; x_wconf 89' lang='lat'><em>-</em></span> 
     </span>
     <span class='ocr_line' id='line_1_20' title="bbox 128 1857 1902 1923; baseline -0.002 -16"><span class='ocrx_word' id='word_1_167' title='bbox 128 1859 312 1923; x_wconf 89' lang='lat' dir='ltr'>portavi</span> <span class='ocrx_word' id='word_1_168' title='bbox 333 1859 495 1923; x_wconf 90' lang='lat' dir='ltr'>viginti</span> <span class='ocrx_word' id='word_1_169' title='bbox 519 1863 747 1922; x_wconf 81' lang='lat' dir='ltr'>quatuor3</span> <span class='ocrx_word' id='word_1_170' title='bbox 777 1859 857 1922; x_wconf 94' lang='lat' dir='ltr'>qui</span> <span class='ocrx_word' id='word_1_171' title='bbox 882 1875 1052 1907; x_wconf 92' lang='lat' dir='ltr'>omnes</span> <span class='ocrx_word' id='word_1_172' title='bbox 1076 1859 1273 1907; x_wconf 85' lang='lat' dir='ltr'>fuerunt</span> <span class='ocrx_word' id='word_1_173' title='bbox 1297 1857 1567 1906; x_wconf 87' lang='lat' dir='ltr'>consecrati</span> <span class='ocrx_word' id='word_1_174' title='bbox 1593 1862 1640 1905; x_wconf 87' lang='lat' dir='ltr'>et</span> <span class='ocrx_word' id='word_1_175' title='bbox 1661 1857 1902 1921; x_wconf 85' lang='lat' dir='ltr'>baptisati.</span> 
     </span>
     <span class='ocr_line' id='line_1_21' title="bbox 131 1940 1906 2006; baseline -0.001 -17"><span class='ocrx_word' id='word_1_176' title='bbox 131 1945 239 1990; x_wconf 85' lang='lat' dir='ltr'>Post</span> <span class='ocrx_word' id='word_1_177' title='bbox 274 1942 647 2006; x_wconf 85' lang='lat' dir='ltr'>baptisationem</span> <span class='ocrx_word' id='word_1_178' title='bbox 672 1942 909 1998; x_wconf 90' lang='lat' dir='ltr'>omnium,</span> <span class='ocrx_word' id='word_1_179' title='bbox 941 1945 1070 2006; x_wconf 88' lang='lat' dir='ltr'>Papa</span> <span class='ocrx_word' id='word_1_180' title='bbox 1105 1941 1328 2001; x_wconf 87' lang='lat' dir='ltr'>surrexit,</span> <span class='ocrx_word' id='word_1_181' title='bbox 1364 1945 1412 1988; x_wconf 89' lang='lat' dir='ltr'>et</span> <span class='ocrx_word' id='word_1_182' title='bbox 1442 1941 1544 1988; x_wconf 90' lang='lat' dir='ltr'>sine</span> <span class='ocrx_word' id='word_1_183' title='bbox 1571 1940 1718 1987; x_wconf 86' lang='lat' dir='ltr'>mitra</span> <span class='ocrx_word' id='word_1_184' title='bbox 1740 1956 1906 1988; x_wconf 87' lang='lat' dir='ltr'>versus</span> 
     </span>
     <span class='ocr_line' id='line_1_22' title="bbox 129 2022 1907 2088; baseline -0.002 -16"><span class='ocrx_word' id='word_1_185' title='bbox 129 2025 188 2072; x_wconf 87' lang='lat' dir='ltr'>ad</span> <span class='ocrx_word' id='word_1_186' title='bbox 223 2025 494 2088; x_wconf 90' lang='lat' dir='ltr'>predictum</span> <span class='ocrx_word' id='word_1_187' title='bbox 532 2025 686 2072; x_wconf 91' lang='lat' dir='ltr'>altare</span> <span class='ocrx_word' id='word_1_188' title='bbox 711 2025 772 2073; x_wconf 90' lang='lat' dir='ltr'>ad</span> <span class='ocrx_word' id='word_1_189' title='bbox 807 2025 1162 2073; x_wconf 87' lang='lat' dir='ltr'>ordinationem</span> <span class='ocrx_word' id='word_1_190' title='bbox 1189 2024 1305 2072; x_wconf 92' lang='lat' dir='ltr'>socii</span> <span class='ocrx_word' id='word_1_191' title='bbox 1340 2024 1454 2082; x_wconf 89' lang='lat' dir='ltr'>mei,</span> <span class='ocrx_word' id='word_1_192' title='bbox 1486 2023 1606 2071; x_wconf 85' lang='lat' dir='ltr'>dixit</span> <span class='ocrx_word' id='word_1_193' title='bbox 1635 2022 1907 2071; x_wconf 89' lang='lat' dir='ltr'>orationem</span> 
     </span>
     <span class='ocr_line' id='line_1_23' title="bbox 128 2106 1907 2172; baseline -0.001 -18"><span class='ocrx_word' id='word_1_194' title='bbox 128 2123 274 2170; x_wconf 91' lang='lat' dir='ltr'>super</span> <span class='ocrx_word' id='word_1_195' title='bbox 297 2123 448 2172; x_wconf 89' lang='lat' dir='ltr'>agnos</span> <span class='ocrx_word' id='word_1_196' title='bbox 470 2108 751 2172; x_wconf 82' lang='lat' dir='ltr'>baptisatOS,</span> <span class='ocrx_word' id='word_1_197' title='bbox 779 2113 826 2157; x_wconf 92' lang='lat' dir='ltr'>et</span> <span class='ocrx_word' id='word_1_198' title='bbox 851 2109 1043 2156; x_wconf 89' lang='lat' dir='ltr'>tandem</span> <span class='ocrx_word' id='word_1_199' title='bbox 1070 2109 1176 2157; x_wconf 90' lang='lat' dir='ltr'>illos</span> <span class='ocrx_word' id='word_1_200' title='bbox 1210 2107 1476 2155; x_wconf 89' lang='lat' dir='ltr'>incensavit</span> <span class='ocrx_word' id='word_1_201' title='bbox 1497 2111 1627 2154; x_wconf 87' lang='lat' dir='ltr'>stans</span> <span class='ocrx_word' id='word_1_202' title='bbox 1658 2106 1707 2153; x_wconf 93' lang='lat' dir='ltr'>in</span> <span class='ocrx_word' id='word_1_203' title='bbox 1733 2106 1907 2154; x_wconf 91' lang='lat' dir='ltr'>eodem</span> 
     </span>
     <span class='ocr_line' id='line_1_24' title="bbox 127 2188 1905 2255; baseline -0.001 -18"><span class='ocrx_word' id='word_1_204' title='bbox 127 2190 236 2238; x_wconf 88' lang='lat' dir='ltr'>loco</span> <span class='ocrx_word' id='word_1_205' title='bbox 262 2207 431 2238; x_wconf 85' lang='lat' dir='ltr'>versus</span> <span class='ocrx_word' id='word_1_206' title='bbox 456 2191 517 2239; x_wconf 87' lang='lat' dir='ltr'>ad</span> <span class='ocrx_word' id='word_1_207' title='bbox 536 2191 718 2239; x_wconf 87' lang='lat' dir='ltr'>lodiam</span> <span class='ocrx_word' id='word_1_208' title='bbox 742 2194 976 2255; x_wconf 86' lang='lat' dir='ltr'>paratam,</span> <span class='ocrx_word' id='word_1_209' title='bbox 1014 2191 1188 2239; x_wconf 90' lang='lat' dir='ltr'>deinde</span> <span class='ocrx_word' id='word_1_210' title='bbox 1221 2207 1386 2238; x_wconf 88' lang='lat' dir='ltr'>versus</span> <span class='ocrx_word' id='word_1_211' title='bbox 1412 2189 1473 2237; x_wconf 88' lang='lat' dir='ltr'>ad</span> <span class='ocrx_word' id='word_1_212' title='bbox 1504 2189 1623 2237; x_wconf 92' lang='lat' dir='ltr'>alios</span> <span class='ocrx_word' id='word_1_213' title='bbox 1650 2189 1766 2236; x_wconf 89' lang='lat' dir='ltr'>hinc</span> <span class='ocrx_word' id='word_1_214' title='bbox 1790 2188 1905 2236; x_wconf 91' lang='lat' dir='ltr'>inde</span> 
     </span>
     <span class='ocr_line' id='line_1_25' title="bbox 128 2271 1903 2338; baseline -0.003 -17"><span class='ocrx_word' id='word_1_215' title='bbox 128 2277 365 2321; x_wconf 90' lang='lat' dir='ltr'>ostensos.</span> <span class='ocrx_word' id='word_1_216' title='bbox 399 2274 707 2322; x_wconf 89' lang='lat' dir='ltr'>Consecratio</span> <span class='ocrx_word' id='word_1_217' title='bbox 740 2274 1020 2338; x_wconf 89' lang='lat' dir='ltr'>hujusmodi</span> <span class='ocrx_word' id='word_1_218' title='bbox 1047 2274 1232 2322; x_wconf 91' lang='lat' dir='ltr'>duravit</span> <span class='ocrx_word' id='word_1_219' title='bbox 1263 2272 1397 2321; x_wconf 89' lang='lat' dir='ltr'>horis</span> <span class='ocrx_word' id='word_1_220' title='bbox 1437 2272 1621 2320; x_wconf 91' lang='lat' dir='ltr'>duabus</span> <span class='ocrx_word' id='word_1_221' title='bbox 1656 2271 1903 2319; x_wconf 86' lang='lat' dir='ltr'>velcirca.</span> 
     </span>
     <span class='ocr_line' id='line_1_26' title="bbox 126 2354 1906 2420; baseline -0.002 -17"><span class='ocrx_word' id='word_1_222' title='bbox 126 2357 341 2404; x_wconf 91' lang='lat' dir='ltr'>Tandem</span> <span class='ocrx_word' id='word_1_223' title='bbox 366 2359 496 2420; x_wconf 85' lang='lat' dir='ltr'>Papa</span> <span class='ocrx_word' id='word_1_224' title='bbox 523 2357 711 2405; x_wconf 85' lang='lat' dir='ltr'>intravit</span> <span class='ocrx_word' id='word_1_225' title='bbox 743 2373 990 2405; x_wconf 88' lang='lat' dir='ltr'>cameram</span> <span class='ocrx_word' id='word_1_226' title='bbox 1025 2373 1161 2405; x_wconf 90' lang='lat' dir='ltr'>suam</span> <span class='ocrx_word' id='word_1_227' title='bbox 1199 2361 1466 2405; x_wconf 82' lang='lat' dir='ltr'>secretam:</span> <span class='ocrx_word' id='word_1_228' title='bbox 1502 2355 1713 2418; x_wconf 87' lang='lat' dir='ltr'>quinque</span> <span class='ocrx_word' id='word_1_229' title='bbox 1746 2354 1906 2402; x_wconf 86' lang='lat' dir='ltr'>cardi-</span> 
     </span>
     <span class='ocr_line' id='line_1_27' title="bbox 127 2437 1909 2504; baseline -0.002 -18"><span class='ocrx_word' id='word_1_230' title='bbox 127 2439 278 2497; x_wconf 89' lang='lat' dir='ltr'>nales,</span> <span class='ocrx_word' id='word_1_231' title='bbox 299 2440 908 2500; x_wconf 77' lang='lat' dir='ltr'>videlicetAlexandrinUS,</span> <span class='ocrx_word' id='word_1_232' title='bbox 929 2440 1195 2504; x_wconf 86' lang='lat' dir='ltr'>Regiensis,</span> <span class='ocrx_word' id='word_1_233' title='bbox 1219 2442 1602 2496; x_wconf 89' lang='lat' dir='ltr'>Beneventanus,</span> <span class='ocrx_word' id='word_1_234' title='bbox 1628 2454 1665 2485; x_wconf 88' lang='lat' dir='ltr'>S.</span> <span class='ocrx_word' id='word_1_235' title='bbox 1691 2437 1909 2485; x_wconf 87' lang='lat' dir='ltr'>Severini</span> 
     </span>
     <span class='ocr_line' id='line_1_28' title="bbox 130 2521 1907 2585; baseline -0.002 -16"><span class='ocrx_word' id='word_1_236' title='bbox 130 2524 177 2569; x_wconf 93' lang='lat' dir='ltr'>et</span> <span class='ocrx_word' id='word_1_237' title='bbox 200 2522 443 2584; x_wconf 84' lang='lat' dir='ltr'>Aragonia</span> <span class='ocrx_word' id='word_1_238' title='bbox 464 2527 799 2581; x_wconf 84' lang='lat' dir='ltr'>recesserunt3</span> <span class='ocrx_word' id='word_1_239' title='bbox 828 2524 907 2570; x_wconf 90' lang='lat' dir='ltr'>alii</span> <span class='ocrx_word' id='word_1_240' title='bbox 933 2527 1138 2585; x_wconf 86' lang='lat' dir='ltr'>quatuor</span> <span class='ocrx_word' id='word_1_241' title='bbox 1159 2523 1493 2585; x_wconf 86' lang='lat' dir='ltr'>equitaverunt</span> <span class='ocrx_word' id='word_1_242' title='bbox 1516 2526 1561 2568; x_wconf 93' lang='lat' dir='ltr'>et</span> <span class='ocrx_word' id='word_1_243' title='bbox 1589 2521 1776 2568; x_wconf 89' lang='lat' dir='ltr'>iverunt</span> <span class='ocrx_word' id='word_1_244' title='bbox 1798 2535 1907 2568; x_wconf 90' lang='lat' dir='ltr'>cum</span> 
     </span>
     <span class='ocr_line' id='line_1_29' title="bbox 131 2603 1903 2669; baseline -0.002 -17"><span class='ocrx_word' id='word_1_245' title='bbox 131 2606 263 2667; x_wconf 86' lang='lat' dir='ltr'>Papa</span> <span class='ocrx_word' id='word_1_246' title='bbox 286 2604 346 2652; x_wconf 90' lang='lat' dir='ltr'>ad</span> <span class='ocrx_word' id='word_1_247' title='bbox 368 2605 651 2652; x_wconf 90' lang='lat' dir='ltr'>viridarium</span> <span class='ocrx_word' id='word_1_248' title='bbox 679 2606 757 2653; x_wconf 92' lang='lat' dir='ltr'>ubi</span> <span class='ocrx_word' id='word_1_249' title='bbox 783 2606 1002 2654; x_wconf 87' lang='lat' dir='ltr'>fecerunt</span> <span class='ocrx_word' id='word_1_250' title='bbox 1026 2606 1309 2669; x_wconf 88' lang='lat' dir='ltr'>prandium;</span> <span class='ocrx_word' id='word_1_251' title='bbox 1343 2609 1390 2652; x_wconf 92' lang='lat' dir='ltr'>et</span> <span class='ocrx_word' id='word_1_252' title='bbox 1415 2621 1504 2667; x_wconf 88' lang='lat' dir='ltr'>ego</span> <span class='ocrx_word' id='word_1_253' title='bbox 1531 2620 1642 2652; x_wconf 91' lang='lat' dir='ltr'>cum</span> <span class='ocrx_word' id='word_1_254' title='bbox 1670 2603 1903 2666; x_wconf 88' lang='lat' dir='ltr'>magistro</span> 
     </span>
     <span class='ocr_line' id='line_1_30' title="bbox 133 2687 935 2736; baseline 0.001 -2"><span class='ocrx_word' id='word_1_255' title='bbox 133 2687 305 2735; x_wconf 89' lang='lat' dir='ltr'>domus</span> <span class='ocrx_word' id='word_1_256' title='bbox 332 2691 379 2736; x_wconf 89' lang='lat' dir='ltr'>et</span> <span class='ocrx_word' id='word_1_257' title='bbox 402 2688 709 2736; x_wconf 87' lang='lat' dir='ltr'>thesaurario</span> <span class='ocrx_word' id='word_1_258' title='bbox 736 2689 935 2736; x_wconf 90' lang='lat' dir='ltr'>ibidem.</span> 
     </span>
    </p>

    <p class='ocr_par' dir='ltr' id='par_1_4' title="bbox 134 2762 1916 3498">
     <span class='ocr_line' id='line_1_31' title="bbox 200 2762 1910 2835; baseline -0.002 -17"><span class='ocrx_word' id='word_1_259' title='bbox 200 2762 410 2819; x_wconf 88' lang='lat' dir='ltr'>Sabbato</span> <span class='ocrx_word' id='word_1_260' title='bbox 436 2771 484 2819; x_wconf 93' lang='lat' dir='ltr'>in</span> <span class='ocrx_word' id='word_1_261' title='bbox 517 2771 654 2831; x_wconf 90' lang='lat' dir='ltr'>albis,</span> <span class='ocrx_word' id='word_1_262' title='bbox 687 2775 742 2820; x_wconf 79' lang='lat'>13</span> <span class='ocrx_word' id='word_1_263' title='bbox 781 2772 961 2835; x_wconf 89' lang='lat' dir='ltr'>aprilis,</span> <span class='ocrx_word' id='word_1_264' title='bbox 997 2771 1086 2819; x_wconf 89' lang='lat' dir='ltr'>fuit</span> <span class='ocrx_word' id='word_1_265' title='bbox 1110 2771 1258 2818; x_wconf 90' lang='lat' dir='ltr'>missa</span> <span class='ocrx_word' id='word_1_266' title='bbox 1287 2769 1469 2834; x_wconf 88' lang='lat' dir='ltr'>papalis</span> <span class='ocrx_word' id='word_1_267' title='bbox 1494 2769 1542 2816; x_wconf 95' lang='lat' dir='ltr'>in</span> <span class='ocrx_word' id='word_1_268' title='bbox 1573 2768 1758 2832; x_wconf 88' lang='lat' dir='ltr'>capella</span> <span class='ocrx_word' id='word_1_269' title='bbox 1785 2770 1910 2831; x_wconf 88' lang='lat' dir='ltr'>Pape</span> 
     </span>
     <span class='ocr_line' id='line_1_32' title="bbox 134 2853 1905 2918; baseline -0.001 -18"><span class='ocrx_word' id='word_1_270' title='bbox 134 2853 322 2917; x_wconf 89' lang='lat' dir='ltr'>maj0ri,</span> <span class='ocrx_word' id='word_1_271' title='bbox 352 2853 399 2900; x_wconf 93' lang='lat' dir='ltr'>in</span> <span class='ocrx_word' id='word_1_272' title='bbox 425 2870 520 2918; x_wconf 87' lang='lat' dir='ltr'>qua</span> <span class='ocrx_word' id='word_1_273' title='bbox 544 2854 800 2902; x_wconf 87' lang='lat' dir='ltr'>cardinalis</span> <span class='ocrx_word' id='word_1_274' title='bbox 836 2855 1154 2903; x_wconf 89' lang='lat' dir='ltr'>Bononiensis</span> <span class='ocrx_word' id='word_1_275' title='bbox 1186 2853 1460 2910; x_wconf 88' lang='lat' dir='ltr'>celebravit,</span> <span class='ocrx_word' id='word_1_276' title='bbox 1496 2855 1625 2916; x_wconf 88' lang='lat' dir='ltr'>Papa</span> <span class='ocrx_word' id='word_1_277' title='bbox 1658 2855 1905 2915; x_wconf 87' lang='lat' dir='ltr'>presente.</span> 
     </span>
     <span class='ocr_line' id='line_1_33' title="bbox 136 2933 1909 3002; baseline -0.002 -19"><span class='ocrx_word' id='word_1_278' title='bbox 136 2935 275 2984; x_wconf 85' lang='lat' dir='ltr'>Dicta</span> <span class='ocrx_word' id='word_1_279' title='bbox 298 2937 766 2987; x_wconf 87' lang='lat' dir='ltr'>commemoratione</span> <span class='ocrx_word' id='word_1_280' title='bbox 792 2954 879 3002; x_wconf 88' lang='lat' dir='ltr'>per</span> <span class='ocrx_word' id='word_1_281' title='bbox 900 2938 1245 2996; x_wconf 86' lang='lat' dir='ltr'>celebrantem,</span> <span class='ocrx_word' id='word_1_282' title='bbox 1271 2938 1400 2999; x_wconf 90' lang='lat' dir='ltr'>Papa</span> <span class='ocrx_word' id='word_1_283' title='bbox 1420 2934 1543 2983; x_wconf 88' lang='lat' dir='ltr'>sedit</span> <span class='ocrx_word' id='word_1_284' title='bbox 1566 2934 1613 2982; x_wconf 91' lang='lat' dir='ltr'>in</span> <span class='ocrx_word' id='word_1_285' title='bbox 1642 2933 1909 2982; x_wconf 85' lang='lat' dir='ltr'>faldistorio</span> 
     </span>
     <span class='ocr_line' id='line_1_34' title="bbox 137 3019 1914 3084; baseline -0.002 -18"><span class='ocrx_word' id='word_1_286' title='bbox 137 3023 184 3066; x_wconf 89' lang='lat' dir='ltr'>et</span> <span class='ocrx_word' id='word_1_287' title='bbox 219 3019 256 3067; x_wconf 93' lang='lat' dir='ltr'><strong><em>A</em></strong></span> <span class='ocrx_word' id='word_1_288' title='bbox 270 3036 396 3084; x_wconf 65' lang='lat' dir='ltr'>[snus</span> <span class='ocrx_word' id='word_1_289' title='bbox 414 3036 442 3068; x_wconf 90' lang='lat' dir='ltr'>a</span> <span class='ocrx_word' id='word_1_290' title='bbox 468 3021 745 3069; x_wconf 89' lang='lat' dir='ltr'>cantoribus</span> <span class='ocrx_word' id='word_1_291' title='bbox 769 3021 917 3081; x_wconf 90' lang='lat' dir='ltr'>dicto,</span> <span class='ocrx_word' id='word_1_292' title='bbox 944 3021 1213 3070; x_wconf 88' lang='lat' dir='ltr'>cardinales</span> <span class='ocrx_word' id='word_1_293' title='bbox 1238 3024 1285 3068; x_wconf 93' lang='lat' dir='ltr'>et</span> <span class='ocrx_word' id='word_1_294' title='bbox 1307 3019 1388 3067; x_wconf 87' lang='lat' dir='ltr'>alii</span> <span class='ocrx_word' id='word_1_295' title='bbox 1420 3034 1590 3066; x_wconf 90' lang='lat' dir='ltr'>omnes</span> <span class='ocrx_word' id='word_1_296' title='bbox 1618 3021 1914 3081; x_wconf 89' lang='lat' dir='ltr'>acceperunt</span> 
     </span>
     <span class='ocr_line' id='line_1_35' title="bbox 138 3099 1913 3168; baseline -0.002 -19"><span class='ocrx_word' id='word_1_297' title='bbox 138 3107 424 3165; x_wconf 88' lang='lat' dir='ltr'>paramenta</span> <span class='ocrx_word' id='word_1_298' title='bbox 459 3105 603 3153; x_wconf 87' lang='lat' dir='ltr'>solita</span> <span class='ocrx_word' id='word_1_299' title='bbox 642 3108 690 3152; x_wconf 92' lang='lat' dir='ltr'>et</span> <span class='ocrx_word' id='word_1_300' title='bbox 728 3105 958 3153; x_wconf 87' lang='lat' dir='ltr'>officiales</span> <span class='ocrx_word' id='word_1_301' title='bbox 1001 3103 1363 3168; x_wconf 85' lang='lat' dir='ltr'>superpellicia,</span> <span class='ocrx_word' id='word_1_302' title='bbox 1410 3105 1458 3150; x_wconf 92' lang='lat' dir='ltr'>et</span> <span class='ocrx_word' id='word_1_303' title='bbox 1499 3105 1627 3165; x_wconf 89' lang='lat' dir='ltr'>Papa</span> <span class='ocrx_word' id='word_1_304' title='bbox 1666 3099 1913 3148; x_wconf 88' lang='lat' dir='ltr'>distribuit</span> 
     </span>
     <span class='ocr_line' id='line_1_36' title="bbox 139 3186 1915 3252; baseline -0.002 -21"><span class='ocrx_word' id='word_1_305' title='bbox 139 3198 289 3247; x_wconf 86' lang='lat' dir='ltr'>agnus</span> <span class='ocrx_word' id='word_1_306' title='bbox 325 3186 410 3235; x_wconf 91' lang='lat' dir='ltr'>Dei</span> <span class='ocrx_word' id='word_1_307' title='bbox 448 3187 646 3235; x_wconf 87' lang='lat' dir='ltr'>cuilibet</span> <span class='ocrx_word' id='word_1_308' title='bbox 683 3188 912 3236; x_wconf 84' lang='lat' dir='ltr'>cardinali</span> <span class='ocrx_word' id='word_1_309' title='bbox 950 3188 1195 3252; x_wconf 86' lang='lat' dir='ltr'>presenti:</span> <span class='ocrx_word' id='word_1_310' title='bbox 1231 3186 1364 3234; x_wconf 89' lang='lat' dir='ltr'>dabit</span> <span class='ocrx_word' id='word_1_311' title='bbox 1402 3200 1552 3233; x_wconf 91' lang='lat' dir='ltr'>unum</span> <span class='ocrx_word' id='word_1_312' title='bbox 1590 3198 1821 3247; x_wconf 89' lang='lat' dir='ltr'>magnum</span> <span class='ocrx_word' id='word_1_313' title='bbox 1869 3186 1915 3228; x_wconf 89' lang='lat' dir='ltr'>et</span> 
     </span>
     <span class='ocr_line' id='line_1_37' title="bbox 140 3265 1913 3335; baseline -0.001 -22"><span class='ocrx_word' id='word_1_314' title='bbox 140 3265 348 3329; x_wconf 87' lang='lat' dir='ltr'>desuper</span> <span class='ocrx_word' id='word_1_315' title='bbox 374 3269 569 3332; x_wconf 85' lang='lat' dir='ltr'>triginta</span> <span class='ocrx_word' id='word_1_316' title='bbox 590 3271 664 3318; x_wconf 91' lang='lat' dir='ltr'>vel</span> <span class='ocrx_word' id='word_1_317' title='bbox 680 3272 1000 3335; x_wconf 89' lang='lat' dir='ltr'>quadraginta</span> <span class='ocrx_word' id='word_1_318' title='bbox 1024 3271 1254 3329; x_wconf 78' lang='lat' dir='ltr'>minoreS,</span> <span class='ocrx_word' id='word_1_319' title='bbox 1285 3273 1330 3316; x_wconf 90' lang='lat' dir='ltr'>et</span> <span class='ocrx_word' id='word_1_320' title='bbox 1353 3284 1534 3332; x_wconf 89' lang='lat' dir='ltr'>paucos</span> <span class='ocrx_word' id='word_1_321' title='bbox 1557 3265 1844 3322; x_wconf 83' lang='lat' dir='ltr'>camerario,</span> <span class='ocrx_word' id='word_1_322' title='bbox 1867 3269 1913 3311; x_wconf 90' lang='lat' dir='ltr'>et</span> 
     </span>
     <span class='ocr_line' id='line_1_38' title="bbox 138 3348 1916 3418; baseline -0.001 -23"><span class='ocrx_word' id='word_1_323' title='bbox 138 3349 526 3400; x_wconf 86' lang='lat' dir='ltr'>vicecancellario</span> <span class='ocrx_word' id='word_1_324' title='bbox 548 3353 681 3402; x_wconf 90' lang='lat' dir='ltr'>dedit</span> <span class='ocrx_word' id='word_1_325' title='bbox 706 3354 901 3418; x_wconf 91' lang='lat' dir='ltr'>duplam</span> <span class='ocrx_word' id='word_1_326' title='bbox 926 3355 1226 3418; x_wconf 72' lang='lat' dir='ltr'>portionem,</span> <span class='ocrx_word' id='word_1_327' title='bbox 1256 3368 1344 3416; x_wconf 92' lang='lat' dir='ltr'>pro</span> <span class='ocrx_word' id='word_1_328' title='bbox 1376 3351 1656 3399; x_wconf 89' lang='lat' dir='ltr'>absentibus</span> <span class='ocrx_word' id='word_1_329' title='bbox 1695 3348 1916 3396; x_wconf 89' lang='lat' dir='ltr'>cardina-</span> 
     </span>
     <span class='ocr_line' id='line_1_39' title="bbox 140 3430 1916 3498; baseline 0.001 -20"><span class='ocrx_word' id='word_1_330' title='bbox 140 3430 264 3480; x_wconf 90' lang='lat' dir='ltr'>libus</span> <span class='ocrx_word' id='word_1_331' title='bbox 290 3432 439 3493; x_wconf 89' lang='lat' dir='ltr'>nihil;</span> <span class='ocrx_word' id='word_1_332' title='bbox 466 3436 661 3498; x_wconf 87' lang='lat' dir='ltr'>prelatis</span> <span class='ocrx_word' id='word_1_333' title='bbox 685 3437 819 3486; x_wconf 91' lang='lat' dir='ltr'>dedit</span> <span class='ocrx_word' id='word_1_334' title='bbox 843 3454 992 3485; x_wconf 91' lang='lat' dir='ltr'>unum</span> <span class='ocrx_word' id='word_1_335' title='bbox 1027 3437 1086 3485; x_wconf 93' lang='lat' dir='ltr'>de</span> <span class='ocrx_word' id='word_1_336' title='bbox 1120 3435 1355 3485; x_wconf 88' lang='lat' dir='ltr'>similibus</span> <span class='ocrx_word' id='word_1_337' title='bbox 1384 3432 1647 3496; x_wconf 88' lang='lat' dir='ltr'>majoribus</span> <span class='ocrx_word' id='word_1_338' title='bbox 1669 3447 1780 3480; x_wconf 88' lang='lat' dir='ltr'>cum</span> <span class='ocrx_word' id='word_1_339' title='bbox 1806 3447 1916 3495; x_wconf 90' lang='lat' dir='ltr'>sep-</span> 
     </span>
    </p>
   </div>
  </div>
 </body>
</html>
