2228 3938
304 389 374 426 236
898 387 1132 425 JOHANNIS
1166 387 1462 434 BURCHARDI,
1810 389 2081 432 [Fevrier1503]

307 494 490 542 Novum
526 506 703 554 corpus
740 489 842 538 sine
879 491 1054 554 capite,
1081 506 1189 538 cum
1214 491 1381 554 caligis
1407 491 1467 538 de
1496 490 1747 550 scarlatto,
1774 490 1824 538 in
1858 491 2072 540 flumine.

375 574 457 623 His
498 573 683 631 diebus,
729 575 934 637 negatus
967 573 1053 621 fuit
1089 574 1246 622 aditus
1283 573 1493 621 Antonio
1529 573 1587 621 de
1621 574 1827 622 Pistorio
1863 577 1912 622 et
1946 575 2079 622 socio

309 672 394 705 suo
430 657 490 704 ad
528 655 831 705 cardinalem
865 655 1112 716 Ursinum,
1159 657 1235 704 cui
1278 656 1478 720 singulis
1520 656 1690 704 diebus
1723 652 2081 705 consueverunt

307 744 500 804 portare
523 739 683 787 cibum
707 742 754 786 et
778 742 944 802 potum
969 754 1060 802 que
1083 739 1191 798 sibi,
1216 755 1302 803 per
1325 744 1535 787 matrem
1557 755 1710 798 suam,
1734 739 2076 788 mittebantur:

309 823 438 886 quod
462 838 551 886 pro
574 836 631 872 eo
656 821 764 870 fieri
788 821 1041 870 dicebatur
1067 823 1196 885 quod
1222 825 1350 887 Papa
1375 822 1575 886 petierat
1599 838 1627 870 a
1651 822 1882 870 cardinali
1908 822 2085 872 Ursino

235 951 242 957 .
310 905 404 955 duo
429 906 582 955 millia
600 906 890 956 ducatorum
915 905 1042 970 apud
1069 921 1178 955 eum
1205 906 1427 971 deposita
1458 921 1546 970 per
1573 906 1832 969 quemdam
1858 906 2085 955 Ursinum

311 990 729 1054 consanguineum
755 1005 912 1049 suum,
946 990 1281 1053 provenientia
1305 1005 1363 1038 ex
1394 989 1668 1038 venditione
1696 990 1951 1054 cujusdam
1976 1005 2088 1053 pos-

312 1073 540 1122 sessionis
577 1073 638 1121 ad
668 1074 928 1137 quamdam
961 1073 1309 1137 margharitam
1348 1089 1568 1137 grossam
1606 1089 1752 1137 quam
1790 1073 1891 1137 ipse
1933 1072 2090 1121 cardi-

312 1156 434 1204 nalis
465 1171 493 1204 a
525 1157 735 1220 quodam
761 1156 967 1219 Virgilio
999 1156 1174 1204 Ursino
1206 1172 1290 1204 seu
1319 1156 1445 1204 illius
1478 1156 1743 1205 heredibus
1776 1172 1866 1220 pro
1900 1156 2093 1204 duobus

314 1239 527 1287 millibus
552 1240 842 1288 ducatorum
874 1243 1078 1287 emerat.
1105 1241 1258 1288 Mater
1284 1239 1559 1299 cardinalis,
1590 1239 1682 1287 hec
1716 1238 2010 1302 intelligens,
2039 1240 2092 1285 ut

319 1321 419 1370 filio
445 1322 749 1380 subveniret,
781 1322 919 1370 solvit
944 1322 1039 1370 duo
1070 1322 1218 1371 millia
1245 1323 1533 1371 ducatorum
1564 1326 1710 1387 Pape,
1748 1327 1795 1370 et
1828 1321 2097 1370 concubina

321 1405 585 1454 cardinalis
621 1421 712 1469 que
739 1405 921 1454 dictam
956 1405 1305 1469 margharitam
1335 1406 1562 1465 habebat,
1593 1406 1759 1454 induta
1790 1405 1954 1453 habito
1987 1403 2092 1462 viri,

315 1489 521 1537 accessit
553 1490 613 1537 ad
646 1491 825 1552 Papam
850 1493 898 1537 et
924 1489 1119 1537 donavit
1149 1490 1193 1537 ei
1217 1490 1570 1553 margharitam
1599 1489 1949 1553 supradictam.
1980 1488 2095 1545 Qui-

317 1572 406 1619 bus
428 1571 622 1630 habitis,
648 1574 779 1635 Papa
803 1572 1048 1620 commisit
1071 1572 1202 1635 quod
1221 1572 1622 1636 permitterentur
1642 1573 1709 1620 illi
1727 1573 1839 1632 duo,
1869 1577 1921 1620 ut
1944 1571 2091 1635 prius,

320 1655 481 1704 cibum
507 1660 553 1704 et
574 1659 743 1719 potum
769 1654 1051 1704 ministrare
1073 1655 1322 1714 cardinali,
1342 1656 1422 1719 qui
1447 1655 1658 1715 interim,
1684 1659 1735 1703 ut
1755 1672 1784 1704 a
1806 1655 1947 1718 vulgo
1969 1653 2099 1701 affir-

321 1740 562 1799 mabatur,
587 1738 772 1788 biberat
794 1738 1011 1798 calicem,
1039 1739 1343 1788 ordinatione
1363 1742 1411 1787 et
1431 1740 1568 1803 jussu
1591 1741 1718 1803 Pape
1742 1738 1831 1786 sibi
1852 1740 2091 1802 paratum.

372 1822 528 1871 ‘Feria
558 1821 739 1885 quinta,
781 1825 807 1869 2
851 1821 1032 1870 mensis
1074 1822 1322 1882 februarii,
1359 1823 1536 1871 festum
1570 1821 1914 1886 purificationis
1959 1821 2102 1868 beate

321 1907 470 1955 Marie
493 1921 685 1969 semper
712 1905 925 1969 virginis,
963 1908 1046 1955 SS.
1080 1908 1136 1954 D.
1162 1910 1326 1955 noster
1356 1906 1602 1955 benedixit
1626 1909 1673 1954 et
1702 1904 1948 1953 distribuit
1984 1919 2102 1952 can-

324 1990 455 2038 delas
476 1989 524 2037 in
544 1989 729 2053 capella
749 1989 925 2053 majori
946 1989 1048 2038 sine
1076 1990 1205 2038 omni
1227 1990 1455 2038 tumultu.
1491 1989 1666 2038 Habuit
1702 1992 1862 2037 tamen
1895 1988 2025 2036 circa
2049 2003 2100 2035 se

326 2072 441 2123 illud
485 2072 751 2121 cancellum
782 2072 881 2121 sive
920 2073 1274 2136 reparatorium
1313 2073 1557 2137 ligneum3
1601 2073 1697 2121 duo
1737 2075 2102 2120 conservatores

327 2160 586 2205 tenuerunt
611 2155 834 2204 candelas
864 2158 1007 2219 Pape.
1039 2156 1301 2205 Cardinalis
1325 2156 1667 2221 Agrigentinus
1703 2154 1966 2204 celebravit
1991 2154 2107 2203 mis-

330 2255 432 2292 sam
457 2240 723 2288 solemnem
749 2240 798 2288 in
820 2240 993 2289 eadem
1024 2240 1236 2304 capella3
1268 2244 1316 2290 et
1344 2240 1505 2289 omnia
1530 2244 1638 2288 acta
1663 2244 1773 2287 sunt
1797 2254 1932 2287 more
1963 2238 2103 2286 solito

332 2329 378 2372 et
400 2326 650 2372 consueto,

395 2410 497 2456 Hoc
533 2422 693 2466 mane,
729 2423 807 2454 me
844 2407 1080 2454 existente
1114 2407 1163 2454 in
1199 2408 1406 2470 capella,
1443 2405 1704 2455 cardinalis
1738 2404 1957 2453 Cesarini
1990 2404 2108 2452 hor-

330 2492 525 2541 tulanus
563 2491 697 2555 rupit
733 2492 1096 2540 obturationem
1121 2491 1374 2539 foraminis
1399 2491 1523 2539 alias
1549 2490 1598 2538 in
1628 2490 1829 2538 domum
1860 2503 2021 2537 meam
2049 2488 2109 2536 de

332 2577 561 2625 mandato
587 2576 806 2641 ejusdem
831 2575 1093 2623 cardinalis
1115 2575 1350 2623 violenter
1375 2572 1517 2632 facti3
1550 2572 1608 2620 de
1635 2587 1730 2635 quo
1754 2585 1844 2635 ego
1871 2570 2109 2619 avvisatus

332 2677 418 2724 per
439 2660 733 2718 Gometium,
761 2659 1056 2707 familiarem
1083 2674 1263 2717 meum,
1296 2657 1392 2705 dixi
1421 2659 1549 2719 Pape
1580 2654 1660 2718 qui
1692 2653 1850 2702 noluit
1887 2653 2107 2712 credere,

335 2743 504 2792 dicens
553 2742 790 2791 cardinali
833 2742 1087 2800 Cesarino,
1128 2741 1176 2789 id
1218 2741 1257 2788 si
1297 2743 1440 2798 esset,
1488 2739 1661 2787 cedere
1705 2738 1754 2784 in
1793 2737 2111 2800 vilipendium

337 2826 615 2875 Sanctitatis
662 2841 776 2883 sue3
819 2828 866 2873 et
911 2824 1043 2872 misit
1085 2824 1357 2882 Paulinum,
1409 2821 1796 2886 parafrenarium
1844 2835 2003 2878 suum,
2051 2819 2113 2867 ad

336 2909 594 2957 videndum
617 2924 678 2956 an
703 2908 770 2956 sic
793 2912 938 2956 esset.
963 2908 1053 2964 Qui
1073 2907 1217 2965 venit,
1241 2905 1424 2969 reperit
1450 2908 1498 2953 et
1521 2904 1634 2952 vidit
1657 2904 1725 2952 ita
1753 2917 1858 2951 esse
1883 2905 2046 2950 actum
2067 2906 2115 2950 et

338 2993 455 3040 dixit
476 2992 594 3040 velle
617 2993 700 3039 SS.
733 2993 786 3039 D.
813 2994 983 3041 nostro
1009 2993 1136 3053 Pape
1158 2989 1365 3037 fideliter
1385 2989 1584 3038 referre.

402 3075 544 3123 Feria
564 3078 755 3138 quarta,
785 3077 812 3122 8
841 3074 955 3122 dicti
983 3074 1163 3121 mensis
1193 3072 1446 3129 februarii,
1477 3075 1674 3135 peracto
1701 3071 1925 3134 prandio,
1962 3072 2111 3133 Papa,

338 3158 603 3206 associatus
628 3173 656 3204 a
680 3156 1006 3204 cardinalibus
1033 3156 1265 3204 duntaxat
1290 3155 1531 3219 palatinis,
1558 3154 1787 3217 equitavit
1807 3169 1894 3218 per
1917 3156 2116 3217 pontem

341 3258 379 3290 s.
416 3240 605 3305 Angeli,
641 3255 728 3304 per
759 3239 1035 3304 Regulam
1024 3255 1071 3287 m
1097 3237 1460 3303 Transtyberim
1492 3237 1553 3285 ad
1591 3237 1778 3300 ripam3
1813 3242 1860 3286 et
1896 3237 2006 3285 inde
2032 3251 2119 3300 per

341 3328 532 3390 partem
550 3322 974 3387 Transtyberinam
1001 3337 1225 3370 reversus
1251 3325 1322 3370 est
1349 3321 1409 3369 ad
1431 3320 1681 3384 palatium.

406 3407 545 3456 Feria
580 3406 810 3465 secunda,
851 3409 906 3454 13
944 3406 1126 3454 mensis
1170 3405 1398 3453 februarii
1434 3404 1664 3468 predicti,
1699 3404 1882 3452 dictum
1917 3374 2005 3451 fuit
2033 3418 2120 3467 per

348 3491 546 3550 Urbem,
591 3491 864 3542 Johannem
906 3490 1173 3542 Jordanum
1219 3489 1449 3544 Ursinum
1491 3488 1724 3543 obtulisse
1769 3503 1819 3537 se
1856 3492 1902 3536 et
1943 3489 2120 3539 statum
