2248 3892
762 333 1082 380 SUPPLEMENT
1114 342 1146 379 A
1174 341 1504 383 L’APPENDICE.
1979 363 2026 386 vu

233 443 352 481 creat
365 438 580 480 naturalis
594 438 706 479 ratio
722 449 830 492 erga
849 437 1048 479 carnales
1066 436 1182 479 filios
1206 438 1401 490 aliquam
1416 443 1587 492 partem
1612 442 1666 483 (16
1679 443 1810 484 bonis
1825 446 1868 484 et
1887 443 2026 485 facul—

242 507 410 549 tatibus
435 506 528 546 suis
546 504 782 557 Spectabili
797 506 840 545 et
857 501 1092 556 Magnifico
1117 508 1160 545 et
1182 505 1360 558 egregie
1377 506 1539 547 indolis
1559 506 1717 548 Infanti
1726 509 1822 549 Dno
1835 509 2025 550 Johanni

234 571 290 612 de
307 573 477 623 Borga‚.
494 570 593 623 eJus
617 569 781 610 carnali
800 569 906 618 filio,
934 570 980 610 in
1005 569 1117 610 urbe
1150 572 1441 612 commoranti
1461 574 1504 612 et
1526 572 1594 613 hic
1622 574 1818 624 presenti
1842 575 2023 628 elargiri

233 637 465 678 et.donare
484 636 617 685 velle;
640 637 684 676 et
699 637 933 688 propterea
957 635 1014 676 ad
1042 634 1207 677 dictam
1234 636 1518 678 donationem
1541 649 1669 678 suam
1693 640 2020 681 Reverendissi-

233 714 353 744 mam
374 704 588 754 spectare,
619 713 773 742 curare
801 704 844 741 et
872 701 1016 742 facere
1052 702 1196 743 eidem
1226 701 1383 742 infanti
1418 703 1473 743 de
1500 702 1672 744 idoneis
1705 705 1926 747 tutoribus
1947 707 2022 758 qui
2093 713 2096 716 ’

235 779 386 809 curam
414 770 458 809 et
480 768 682 821 regimen
710 779 759 808 ac
785 767 1019 808 tuitionem
1042 770 1086 808 et
1112 768 1357 809 custodiam
1387 772 1480 809 tam
1509 780 1699 820 persone
1727 781 1861 822 quam
1888 772 2021 813 etiam

232 835 451 876 bonorum
480 834 622 885 ipsius
653 833 836 874 infantis
868 832 1113 884 suscipiant
1147 833 1382 885 provideri,
1423 835 1614 874 maxime
1658 846 1759 875 cum
1793 836 1896 877 dicti
1935 838 2020 878 Dni

232 901 447 941 Johannis
477 902 621 940 mater
649 899 707 939 ad
735 898 931 940 secunda
955 901 1056 940 vota
1076 899 1300 940 transierit
1324 902 1367 940 et
1395 900 1584 940 Domina
1610 901 1775 943 Menica
1795 903 2019 954 quondam

230 967 380 1007 Jacohi
413 965 627 1006 Pinctoris
661 965 814 1006 relicta
844 965 991 1015 vidua,
1024 966 1078 1006 de
1108 966 1292 1018 regione
1324 966 1490 1015 Pontis,
1526 966 1624 1007 avia
1650 971 1851 1008 materna
1884 980 2018 1021 quam

216 1031 365 1072 habet
380 1030 533 1071 senilis
557 1030 687 1070 etatis
703 1031 898 1071 existens
915 1041 1028 1070 onus
1042 1030 1302 1082 hujusmodi
1314 1030 1472 1071 merita
1487 1034 1756 1074 recusaverit
1769 1037 1812 1075 et
1825 1039 2015 1084 recuset,

231 1098 274 1136 et
305 1096 527 1137 Johannes
558 1096 756 1147 Baptista
787 1095 982 1148 Magistri
1013 1095 1191 1136 Antonii
1225 1095 1279 1136 de
1310 1095 1455 1137 Brixia
1482 1097 1556 1151 (1),
1586 1100 1822 1141 canonicus
1861 1102 2017 1141 Sancte

231 1162 364 1203 Marie
387 1162 434 1202 in
462 1162 543 1202 Via
576 1163 683 1202 Lata
716 1161 919 1214 ersdem
951 1161 1164 1202 Johannis
1195 1161 1377 1203 infantis
1410 1173 1465 1203 ex
1497 1165 1621 1214 parte
1645 1165 1799 1205 matris
1827 1176 2015 1206 consan-

228 1228 437 1280 guineus,
467 1230 679 1280 tanquam
710 1228 893 1268 ecclesie
930 1238 1120 1279 persona
1149 1227 1377 1269 beneficiis
1408 1228 1503 1269 suis
1541 1229 1706 1270 servire
1739 1230 1940 1271 intendat
1973 1234 2017 1272 et

230 1293 392 1334 Paulus
411 1293 515 1334 dicti
535 1293 750 1334 Johannis
770 1294 966 1345 Baptiste
981 1293 1129 1345 frater,
1151 1294 1222 1335 hic
1238 1297 1485 1347 presentes,
1503 1296 1612 1337 alias
1635 1301 1817 1349 propter
1839 1298 2015 1351 brigam

230 1362 273 1398 et
307 1359 581 1400 inimicitiam
612 1370 726 1411 quas
763 1359 818 1400 ad
847 1362 1076 1411 presentes
1104 1360 1285 1410 habent,
1323 1361 1523 1412 impediti
1553 1363 1800 1404 existant...
1822 1375 1915 1405 ,1166
1942 1365 2015 1405 3111

227 1424 550 1477 consanguinei
571 1435 653 1465 seu
673 1427 879 1477 parentes
902 1436 957 1466 ex
974 1429 1099 1477 parte
1120 1426 1233 1467 dicte
1246 1427 1400 1467 matris
1416 1428 1608 1468 existant
1621 1431 1700 1469 aut
1718 1430 2011 1481 reperiantur,

225 1490 300 1542 qui
334 1493 428 1530 tum
463 1501 624 1542 proper
658 1489 879 1531 defectum
916 1491 1062 1540 etatis,
1097 1494 1192 1531 tum
1228 1492 1362 1532 etiam
1390 1493 1495 1543 quia
1531 1493 1726 1544 predicta
1763 1495 1880 1535 hona
1906 1495 2014 1536 alibi

226 1567 360 1607 quam
380 1555 426 1595 in
447 1556 563 1596 Urbe
586 1556 664 1597 ubi
692 1556 795 1596 dicti
822 1556 1142 1608 consanguinei
1165 1560 1542 1598 commorantur...
1567 1559 1854 1611 Supradictus
1874 1560 2012 1613 igitur

228 1622 364 1662 Rmus
385 1622 524 1661 Dmus
550 1621 725 1674 genitor
754 1622 997 1663 nominavit
1030 1625 1073 1662 et
1106 1623 1374 1673 presentavit
1401 1623 1569 1665 eisdem
1595 1636 1675 1678 pro
1695 1625 1867 1666 idoneis
1891 1627 2009 1667 tutoss

228 1686 353 1726 ribus
397 1686 614 1739 eligendis
655 1688 699 1726 et
736 1687 1018 1738 deputandis,
1058 1687 1260 1729 videlicet
1301 1689 1595 1740 spectabilem
1644 1691 1688 1729 et
1729 1689 2010 1744 Magnificum

228 1753 375 1792 Dnum
398 1753 575 1792 Petrum
594 1751 878 1794 Ludovicium
901 1752 956 1793 de
973 1752 1101 1793 Boria
1122 1752 1223 1792 dicti
1246 1753 1330 1793 Dni
1348 1753 1562 1793 Johannis
1581 1752 1763 1795 fratrem
1783 1758 1826 1795 et
1847 1757 2011 1808 Magni-

227 1817 358 1858 ficum
389 1819 537 1859 Dnum
566 1818 773 1860 Ottonem
805 1818 861 1859 de
891 1819 1017 1860 Boria
1047 1818 1205 1871 prefati
1234 1820 1317 1859 Dni
1342 1819 1555 1860 Johannis
1584 1820 1902 1861 consobrinum
1929 1833 2009 1862 seu

226 1884 471 1934 patruelem
496 1884 603 1936 (2)...
623 1887 666 1924 et
688 1883 934 1925 informans
955 1896 980 1925 a
999 1885 1204 1936 pluribus
1220 1885 1594 1925 circunstantibus
1619 1887 1662 1924 et
1679 1886 1930 1936 specialiter
1951 1887 2007 1927 ab

226 1949 323 1991 avia
347 1952 390 1990 et
404 1950 601 1991 Johanne
622 1950 817 2002 Baptista
837 1962 888 1991 ac
901 1951 1035 1992 Paulo
1054 1950 1251 2002 prefatis,
1274 1951 1335 1991 ibi
1356 1951 1639 2001 presentibus
1658 1949 1768 2003 (3)...
1798 1966 1816 1990 »

953 2203 977 2243 5
1008 2215 1123 2244 AVRIL
1149 2203 1269 2244 1483.

271 2327 325 2367 N⁰
345 2327 464 2367 1171.
490 2328 615 2368 Bulle
639 2328 693 2368 de
719 2329 838 2369 Sixte
863 2340 944 2380 par
970 2330 1160 2380 laquelle
1183 2330 1224 2370 16
1248 2341 1360 2382 pape
1384 2330 1529 2371 donne
1554 2329 1579 2371 a
1606 2329 1739 2372 Cesar
1757 2332 1916 2384 Borgia
1942 2343 2003 2372 un

218 2392 447 2433 canonicat
465 2395 507 2432 et
531 2403 619 2432 une
641 2392 864 2443 prebende
885 2394 1162 2447 dependants
1183 2394 1236 2434 (16
1259 2394 1594 2436 l’archidiacone
1615 2394 1668 2435 de
1687 2396 1856 2437 Xativa.

943 2666 947 2675 ι
971 2644 995 2683 3
1019 2654 1094 2683 MAI
1115 2642 1234 2684 1483.

271 2767 324 2807 N⁰
345 2767 465 2807 1171.
495 2769 714 2810 Donation
736 2767 790 2808 de
819 2769 916 2808 Don
944 2767 1164 2821 Rodrigue
1189 2769 1243 2810 de
1274 2769 1404 2823 BorJ'a
1428 2769 1453 2810 a
1475 2781 1555 2811 son
1585 2769 1654 2811 fils
1682 2773 1780 2812 Don
1808 2772 1922 2812 Juan
1949 2773 2002 2814 de

217 2832 469 2885 vingt-cinq
490 2834 610 2875 mille
637 2833 794 2874 ducats
827 2845 941 2886 pour
962 2835 1027 2874 les
1048 2835 1278 2887 employer
1308 2834 1334 2875 a
1360 2836 1536 2876 acheter
1562 2848 1616 2877 611
1644 2837 1849 2889 Espagne
1870 2837 2000 2889 alqzm

215 2899 379 2939 escado.
404 2898 497 2940 Fait
514 2897 537 2938 a
563 2901 698 2940 Rome
720 2909 802 2950 par
820 2900 932 2939 Juan
954 2899 1119 2940 Coteni.
1145 2898 1282 2952 (Orig.
1306 2911 1383 2941 sur
1402 2901 1691 2954 parchemin.)

255 3036 284 3066 1.
311 3035 362 3067 On
383 3034 424 3067 lit
441 3035 574 3078 Βνίπηό,
594 3035 684 3068 (13116
705 3044 773 3068 une
795 3037 896 3067 autre
917 3035 1018 3077 copie
1039 3036 1140 3068 (13166
1157 3036 1200 3068 (16
1222 3037 1302 3070 1487
1322 3037 1385 3070 des
1402 3037 1539 3070 memes
1561 3038 1733 3077 archives,

254 3089 286 3119 2.
312 3087 387 3120 Mot
405 3089 496 3120 omis
517 3089 605 3121 dans
625 3089 660 3121 13
680 3090 782 3130 copie
803 3089 847 3120 de
863 3089 955 3127 1487,
977 3089 1037 3129 qui
1059 3088 1178 3122 donne
1198 3100 1207 3122 ε
1232 3090 1379 3132 «primo
1400 3091 1577 3125 hermam.
1600 3105 1615 3121 n

256 3140 286 3171 3.
312 3141 364 3172 On
379 3141 455 3173 voit
475 3141 613 3184 d’apres
634 3144 690 3174 cet
708 3144 786 3175 acte
810 3150 880 3183 que
899 3142 933 3173 la
952 3142 1125 3182 Vanozza,
1143 3151 1257 3175 veuve
1280 3143 1324 3175 (16
1344 3145 1469 3177 maitre
1488 3145 1641 3177 Antoine
1663 3145 1707 3178 de
1731 3145 1854 3183 Brixia,
1880 3148 2000 3178 venait

211 3195 305 3227 alors
325 3195 368 3228 de
387 3205 425 3229 se
445 3199 616 3231 remarier
633 3200 733 3240 (avec
754 3198 895 3240 Giorgio
918 3198 961 3230 de
981 3198 1124 3238 Croce);
1146 3207 1215 3240 que
1234 3198 1321 3232 ledit
1335 3200 1425 3232 Jean
1440 3200 1483 3233 (16
1505 3201 1633 3242 Borgia
1653 3200 1712 3238 lor,
1727 3199 1914 3231 deuxieme
1930 3199 1999 3232 duc

211 3247 255 3280 de
276 3249 421 3288 Gandie,
442 3251 536 3283 avait
559 3261 653 3294 pour
677 3253 782 3294 frere,
804 3252 880 3284 issu
905 3252 949 3284 de
969 3252 1003 3284 la
1026 3251 1142 3284 meme
1169 3253 1279 3292 mere,
1298 3254 1574 3296 Jean-Baptiste,
1595 3253 1770 3285 chanoine
1790 3252 1834 3284 de
1855 3252 1999 3285 Sainte-

213 3302 316 3334 Marie
335 3301 374 3334 in
398 3302 460 3335 Via
477 3303 582 3345 Lata;
605 3308 640 3338 et
666 3315 736 3348 que
762 3305 902 3338 l'a'ieule
930 3305 1140 3338 maternelle
1161 3306 1203 3338 (16
1233 3315 1273 3339 66
1297 3307 1414 3338 meme
1441 3308 1529 3339 Jean
1557 3307 1601 3339 (16
1627 3306 1755 3348 Borgia
1784 3306 1868 3338 etait
1897 3303 1999 3338 Dona

211 3355 360 3394 Menica,
381 3365 495 3388 veuve
515 3357 558 3390 de
577 3359 713 3402 Jacopo
730 3361 904 3392 Pinctore.
927 3359 972 3391 Ce
994 3359 1161 3401 precieux
1182 3359 1374 3392 document
1389 3360 1488 3391 vient
1511 3359 1707 3401 completer
1726 3359 1779 3391 les
1798 3359 1934 3391 notices
1953 3359 1998 3391 de

212 3409 381 3451 Pasquale
394 3409 560 3449 Adinolfi,
577 3411 607 3443 Il
622 3412 757 3445 Canale
771 3413 808 3444 dz'
828 3413 945 3450 Ponte,
959 3414 994 3444 et
1012 3412 1063 3444 les
1083 3412 1200 3454 pie-ces
1213 3414 1320 3445 tirees
1342 3413 1403 3445 des
1422 3412 1582 3444 archives
1595 3413 1773 3444 romaines
1788 3414 1823 3445 et
1836 3412 1998 3454 publices

211 3471 276 3504 par
297 3463 535 3504 Gregorovius
553 3463 643 3497 (13116
662 3465 695 3498 16
710 3467 807 3498 tome
822 3466 881 3497 VH
902 3465 945 3496 (16
966 3466 999 3497 13
1018 3465 1138 3497 Storia
1154 3465 1248 3498 della
1264 3466 1357 3498 Cittz‘c
1371 3466 1409 3497 di
1424 3466 1531 3497 Roma
1546 3466 1603 3498 nel
1618 3465 1732 3498 medio
1750 3475 1822 3506 evo,
1837 3475 1874 3508 p.
1886 3468 1994 3498 363-6.
