2222 3918
205 387 362 425 [Fevrier
383 390 473 430 1506]
647 390 815 427 RERUM
849 389 1149 426 URBANARUM
1181 388 1530 426 COMMENTARII.
1908 386 1978 422 417

204 494 331 549 tuor,
357 490 582 539 videlicet
604 490 876 555 Agrigensi,
905 489 1186 548 Arborensi,
1222 489 1532 538 Salernitano
1564 492 1613 536 et
1644 486 1871 536 Comensi
1903 487 1979 535 in-

205 573 378 633 firmis3
409 589 580 623 omnes
618 577 717 622 tres
750 589 873 622 nove
908 573 1112 627 ecclesie
1133 573 1203 620 -in
1242 574 1399 637 capite
1438 573 1518 620 ubi
1557 574 1699 621 erant
1729 571 1791 619 ad
1824 570 1977 618 altare

204 656 403 706 fuerunt
423 657 586 705 clause
606 657 657 705 in
681 657 878 716 sbarris,
904 661 1108 721 excepto
1133 656 1264 720 quod
1289 656 1339 703 in
1364 656 1526 703 medio
1548 655 1708 704 medie
1734 654 1867 703 navis
1893 653 1982 701 fuit

205 739 454 787 dimissum
483 739 691 803 spatium
721 755 807 803 pro
839 739 1061 797 introitu3
1092 739 1339 802 processio
1367 738 1510 787 exivit
1537 754 1626 802 per
1649 738 1784 785 illum
1806 737 1982 785 introi-

206 826 306 871 tum
331 823 390 871 ad
419 838 610 882 navem,
638 824 698 871 ad
723 824 975 871 dexteram
1001 823 1300 883 exeuntium,
1330 822 1473 870 exivit
1503 838 1592 885 per
1622 821 1798 870 ostium
1823 820 1982 870 eccle-

204 906 273 953 sie
301 906 429 953 illius
455 906 589 954 navis
623 909 672 955 et
695 905 883 954 intravit
913 921 1003 970 per
1033 905 1209 954 ostium
1234 921 1324 969 per
1347 904 1477 968 quod
1501 904 1700 952 exierat.
1731 906 1862 967 Papa
1890 903 1982 951 fuit

203 991 423 1051 portatus
458 989 509 1036 in
546 988 861 1052 processione
900 988 950 1036 in
983 989 1097 1037 sede
1139 988 1302 1046 solita;
1340 986 1600 1035 cardinalis
1639 986 1980 1050 Neapolitanus

203 1071 337 1120 dedit
357 1071 586 1120 candelas
610 1071 669 1119 de
700 1071 793 1119 illis
823 1071 946 1133 albis
973 1087 1092 1134 quas
1117 1070 1250 1118 dedit
1275 1070 1617 1127 cardinalibus,
1646 1069 1872 1118 videlicet
1893 1084 1983 1132 pro

204 1170 273 1213 se,
311 1158 360 1203 et
391 1155 535 1203 aliam
568 1170 655 1219 pro
688 1154 919 1203 cardinali
953 1157 1215 1202 Mantuano
1248 1154 1469 1212 absente,
1506 1158 1554 1200 et
1585 1153 1729 1201 aliam
1762 1153 1982 1201 similiter

205 1238 338 1286 dedit
361 1240 420 1285 D.
445 1238 784 1295 Constantium
813 1237 947 1286 dedit
970 1238 1116 1285 etiam
1142 1236 1373 1285 cardinali
1399 1253 1438 1285 S.
1465 1236 1639 1286 Vitalis
1663 1237 1781 1284 duas
1806 1236 1986 1284 cande-

203 1320 304 1379 las;
332 1321 577 1384 prefectus
606 1321 760 1370 tenuit
790 1321 1045 1369 candelam
1070 1323 1199 1384 Pape
1231 1321 1292 1368 ad
1317 1320 1570 1368 dexteram
1594 1322 1642 1367 et
1667 1321 1722 1366 D.
1754 1321 1988 1367 Constan-

203 1403 334 1451 tinus
369 1404 430 1451 ad
460 1404 726 1453 sinistram.
758 1406 946 1467 Aquam
978 1403 1201 1452 manibus
1232 1406 1362 1467 Pape
1393 1403 1525 1451 dedit
1554 1406 1665 1466 post
1692 1402 1991 1450 distributio-

203 1502 313 1534 nem
338 1491 533 1536 senator
558 1488 700 1536 Urbis
720 1504 808 1552 pro
830 1488 1127 1552 imponendo
1154 1488 1327 1546 thure;
1348 1490 1460 1550 post
1487 1485 1811 1543 offertorium,
1833 1485 1990 1533 socius

205 1570 348 1618 exivit
383 1570 547 1636 ignem
589 1587 646 1619 ex
686 1571 934 1619 thuribulo
978 1586 1125 1634 super
1168 1570 1440 1619 scabellum
1474 1571 1603 1632 Pape
1642 1572 1688 1617 et
1724 1567 1991 1616 combussit

204 1668 420 1716 pannum
443 1654 650 1703 rubeum
676 1658 723 1702 et
757 1654 846 1702 sibi
877 1654 1119 1701 manicam
1149 1651 1476 1716 superpellicii
1502 1667 1613 1700 cum
1644 1667 1823 1714 magna
1850 1666 1990 1700 vere-

206 1736 381 1783 cundia
408 1752 512 1784 sua.

268 1820 495 1877 Veneris,
526 1822 554 1866 6
586 1819 840 1879 februarii,
867 1820 958 1868 fuit
988 1819 1331 1868 consistorium
1368 1823 1612 1867 secretum
1649 1818 1696 1866 in
1732 1833 1828 1881 quo
1866 1817 1992 1881 epis-

211 1918 361 1966 copus
377 1902 588 1951 Civitatis
614 1903 806 1952 Castelli
829 1903 917 1951 fuit
934 1903 1194 1951 translatus
1222 1902 1283 1950 ad
1311 1902 1571 1950 ecclesiam
1597 1901 1916 1965 Sipontinam,
1944 1905 1994 1948 et
2062 1908 2065 1914 ’

206 1987 263 2033 D.
299 1986 510 2034 Achilles
549 1986 608 2034 de
639 1986 847 2034 Grassis.
877 1986 1071 2034 auditor
1102 1990 1225 2043 rote,
1257 1984 1506 2049 prefectus
1543 1984 1750 2033 ecclesie
1785 1983 1993 2032 Civitatis

205 2068 398 2117 Castelli
424 2087 433 2116 :
460 2074 508 2117 et
536 2068 666 2117 filius
702 2069 1060 2133 archiepiscopi
1093 2069 1339 2117 Tarentini
1381 2068 1589 2118 ecclesie
1624 2068 1682 2116 de
1716 2067 1911 2116 Sutrino
1946 2068 1994 2114 et

205 2151 471 2215 Nepesino;
499 2157 564 2211 et,
589 2152 668 2201 die
691 2152 896 2211 sabbati,
921 2152 1052 2200 venit
1073 2151 1134 2200 ad
1154 2152 1453 2216 signaturam
1478 2154 1607 2215 Pape
1631 2151 1689 2199 de
1714 2150 1819 2215 ejus
1839 2150 1994 2198 licen-

206 2233 297 2292 tia;
326 2233 501 2284 deinde
526 2250 626 2283 non
646 2235 854 2284 visitavit
871 2236 921 2283 in
947 2251 1102 2299 cappa
1125 2236 1212 2283 sed
1237 2235 1286 2282 in
1311 2235 1543 2282 mantello
1562 2234 1854 2282 cardinales.

271 2320 422 2378 Lune,
464 2321 492 2366 9
526 2318 775 2378 februarii,
820 2321 951 2382 Papa
982 2318 1111 2365 bono
1148 2333 1291 2365 mane
1328 2317 1558 2380 equitavit
1593 2317 1653 2364 ad
1695 2316 1865 2380 Ripam
1905 2330 1994 2378 per

205 2400 577 2459 Transtiberim,
606 2400 686 2448 ubi
723 2401 944 2448 ascendit
974 2401 1178 2448 barcam
1211 2400 1343 2447 solus
1371 2399 1688 2463 navigaturus
1716 2398 1920 2457 Ostiam,
1948 2401 1997 2445 et

207 2497 319 2530 cum
352 2498 410 2530 eo
441 2486 542 2530 tres
575 2482 852 2530 cardinales
881 2498 991 2530 cum
1015 2498 1173 2545 pauca
1196 2481 1401 2541 familia,
1430 2478 1477 2530 et
1501 2497 1601 2530 non
1631 2481 1721 2529 fuit
1750 2480 1995 2529 audientia

207 2567 410 2628 propter
440 2579 692 2613 recessum
736 2567 864 2628 Pape
896 2581 906 2612 :
943 2564 1109 2612 nescio
1147 2564 1188 2611 si
1222 2564 1281 2612 de
1316 2565 1421 2628 ejus
1462 2565 1588 2612 scitu
1623 2564 1697 2612 vel
1730 2579 1845 2612 non.
1875 2565 1993 2611 Tres

207 2647 484 2700 cardinales
509 2646 706 2696 fuerunt
733 2665 742 2694 z
771 2647 1041 2711 Papiensis‚
1069 2664 1108 2694 s.
1136 2647 1311 2697 Vitalis
1338 2650 1388 2694 et
1412 2647 1684 2705 Cornelius,
1714 2646 1796 2709 qui
1819 2661 1993 2694 ascen-

207 2731 385 2780 derunt
421 2731 541 2779 alias
576 2731 769 2789 barcas,
805 2733 853 2778 et
885 2730 1139 2794 sexaginta
1179 2730 1239 2778 de
1273 2730 1497 2778 custodia
1525 2732 1653 2793 Pape
1684 2728 1995 2776 associarunt

208 2814 268 2862 ad
308 2814 480 2878 Ripam
521 2814 643 2862 alios
682 2816 794 2862 octo
835 2814 1131 2873 cardinales,
1165 2813 1391 2861 videlicet
1423 2812 1825 2870 Alexandrinum,
1853 2810 1998 2860 Vola-

207 2900 475 2958 terranum,
514 2897 953 2961 Senogalliensem,
999 2898 1356 2956 Redonensem,
1388 2898 1747 2960 Agennensem,
1790 2894 1998 2943 Urbina-

206 2983 416 3042 tensem,
455 2983 838 3031 Cesenatensem
871 2984 918 3029 et
952 2967 1167 3029 Finalem
1193 2979 1273 3044 qui
1299 2980 1559 3028 redierunt
1584 2981 1645 3028 ad
1665 2978 1997 3028 habitationes

206 3079 335 3112 suaS.

277 3148 430 3207 Lune,
454 3151 510 3197 16
527 3149 780 3208 februarii,
803 3148 937 3198 circa
950 3148 1126 3197 horam
1140 3148 1424 3213 vigesimam
1443 3150 1684 3211 quartam,
1705 3149 1837 3209 Papa
1851 3145 1999 3194 rediit

207 3231 263 3278 in
284 3247 381 3278 una
403 3232 542 3296 galea
559 3236 608 3281 et
630 3234 733 3297 ejus
748 3233 932 3281 familia
947 3233 995 3281 in
1020 3233 1132 3292 alia,
1161 3248 1248 3296 per
1272 3233 1471 3291 ssumen,
1496 3232 1556 3279 ad
1580 3231 1752 3278 voltam
1776 3246 1813 3277 S.
1841 3229 1995 3287 Pauli,

207 3314 288 3361 ubi
314 3316 583 3378 expectavit
603 3316 876 3364 cardinales
891 3316 1283 3374 Volaterranum,
1307 3332 1345 3363 s,
1368 3315 1500 3363 Petri
1519 3315 1581 3362 ad
1597 3313 1823 3371 Vincula,
1849 3315 1998 3361 Seno-

211 3397 519 3461 galliensem,
552 3400 912 3458 Redonensem,
953 3402 1313 3463 Agennensem,
1355 3397 1750 3456 Urbinatensem‚
1797 3398 2000 3445 Cesena-

208 3486 398 3531 tensem
429 3486 478 3531 et
509 3484 743 3535 Finalem.
782 3488 910 3548 Papa
938 3483 1083 3532 exivit
1122 3482 1181 3530 de
1209 3483 1363 3546 galea,
1394 3481 1614 3530 ascendit
1635 3480 1816 3529 mulam
1842 3485 1888 3528 et
1914 3497 2001 3544 per

397 3595 429 3621 τ.
455 3595 503 3622 ux.
1734 3582 1780 3618 27
