2228 3938
275 367 319 401 84
880 363 1113 400 JOHANNIS
1147 362 1442 405 BURCHARDI,
1715 365 1932 406 [Novemhre
1953 368 2047 409 1500]

278 470 443 514 Rmus.
484 468 538 512 D.
576 464 836 512 cardinalis
862 465 1153 513 Cusentinus
1178 464 1258 526 qui
1289 465 1348 511 ad
1382 479 1489 512 eam
1515 465 1643 513 venit
1671 466 1760 512 sub
1785 470 2043 529 reg11031D.

277 549 514 596 Martinus
553 564 578 595 e
621 547 854 606 Scudero‚
901 547 1163 595 canonicus
1206 549 1674 611 Cesaraugustanus,
1707 564 1961 597 successor
1990 551 2044 599 Ι).

278 631 493 694 Raphael
515 631 574 679 de
598 633 740 679 Mena
762 625 994 678 in‘officio
1015 630 1299 678 diaconatus
1333 631 1517 694 capelle
1548 634 1693 695 Pape,
1726 631 1805 694 qui
1843 632 1892 679 in
1921 631 2050 680 Urbe

263 729 434 778 nuper
472 714 569 761 vita
597 714 791 762 functus
823 716 912 771 est,
946 713 1129 775 incepit
1160 713 1371 776 primum
1399 714 1447 760 in
1476 714 1607 762 dicto
1638 714 1802 762 officio
1840 714 2047 772 servire3

279 813 557 845 sermonem
582 797 695 845 fecit
719 800 775 845 D.
802 796 1130 844 Bernardinus
1152 798 1297 855 Zane,
1324 797 1540 845 Venetus
1562 798 1945 859 protonotarius,
1970 797 2052 860 qui

278 896 374 929 non
395 881 583 945 accepit
610 880 932 943 indulgentias
956 878 1135 942 populo
1154 879 1529 938 renunciandas,
1549 895 1659 927 cum
1676 882 1806 944 Papa
1822 882 1950 928 esset
1968 880 2052 928 da-

280 968 416 1011 turus
444 967 554 1028 post
592 964 860 1012 solemnem
889 962 1283 1010 benedictionem
1312 978 1402 1025 pro
1434 963 1588 1012 libito.
1636 963 1794 1011 Finita
1829 964 1977 1011 missa
2007 967 2054 1012 et.

278 1048 618 1096 benedictione
631 1063 719 1111 per
734 1049 914 1109 Papam
937 1045 1064 1103 data,
1083 1045 1308 1109 venitper
1321 1046 1612 1095 Veronicam
1634 1047 1713 1094 ubi
1733 1046 1850 1095 vidit
1870 1046 2053 1095 vultum

277 1131 487 1190 Domini,
517 1134 562 1179 et
596 1131 709 1178 inde
733 1129 953 1177 ascendit
980 1128 1143 1176 locum
1168 1129 1361 1191 publice
1389 1126 1743 1178 benedictionis
1771 1131 1859 1177 sub
1882 1145 2051 1194 regno,

277 1214 378 1262 sine
406 1213 718 1272 baldachin03
746 1211 1025 1260 cardinales
1051 1214 1097 1259 et
1120 1211 1295 1274 prelati
1326 1229 1381 1260 ac
1404 1213 1481 1261 alii
1508 1213 1556 1261 in
1582 1214 1748 1277 cappis
1773 1212 2050 1277 presentes3

276 1297 407 1346 dedit
442 1298 619 1362 populo
659 1295 1056 1345 benedictionem
1092 1299 1138 1343 et
1163 1294 1397 1358 jubileum
1446 1297 1575 1360 quod
1618 1297 2056 1361 pronunciaverunt

276 1382 442 1428 RRmi.
470 1384 569 1429 DD.
590 1379 875 1438 cardinales,
896 1377 1127 1435 Medices,
1153 1377 1318 1438 latine,
1337 1380 1609 1440 Cesarinus,
1628 1380 1898 1442 vulgariter.
1918 1380 2056 1430 Circa

276 1463 445 1511 horam
473 1463 753 1527 vigesimam
782 1463 891 1510 data
927 1461 1014 1509 fuit
1045 1461 1137 1509 hec
1166 1461 1463 1522 benedictio;
1496 1469 1543 1512 et
1583 1464 1811 1527 vigesima
1844 1463 2057 1512 secunda

276 1551 529 1610 propterea
558 1546 719 1609 [Papa]
744 1545 872 1592 venit
894 1544 955 1592 ad
976 1544 1208 1607 capellam
1230 1547 1277 1592 in
1299 1562 1468 1610 cappa,
1494 1546 1573 1594 ubi
1602 1546 1819 1595 interfuit
1844 1545 2054 1610 vesperis

277 1635 324 1677 et
348 1628 590 1677 matutinis
622 1631 924 1676 mortuorum
959 1642 1052 1689 que
1081 1627 1215 1674 finite
1242 1633 1352 1676 sunt
1378 1629 1506 1677 intra
1527 1629 1805 1692 vigesimam
1837 1634 2052 1691 quartam

277 1717 323 1760 ct
342 1713 547 1777 primam
568 1712 741 1759 horam
759 1707 932 1760 noctis.

341 1796 503 1843 lllmus
540 1798 594 1843 I).
622 1795 868 1842 Joharines
902 1794 997 1842 dux
1033 1795 1235 1858 Saganie
1267 1799 1312 1843 et
1333 1795 1554 1857 Volanie,
1580 1811 1758 1846 annum
1797 1795 2054 1859 nonagesi-

278 1896 408 1928 mum
431 1875 642 1943 primum
664 1878 800 1927 etatis
822 1894 906 1926 sue
937 1893 1103 1941 agenS,
1131 1878 1204 1926 vir
1230 1879 1421 1943 longus,
1441 1896 1621 1940 macer,
1651 1880 1951 1939 sanissimus,
1974 1879 2053 1943 qui

278 1964 338 2011 ad
376 1957 770 2025 consequendum
798 1961 1034 2025 jubileum
1067 1966 1261 2010 venerat
1289 1979 1398 2010 cum
1440 1964 1576 2027 equis
1609 1963 1772 2027 viginti
1805 1963 1878 2012 vel
1905 1963 2050 2022 circa,

279 2045 488 2110 vesperis
524 2044 766 2093 hesternis
803 2049 850 2092 et
883 2045 1105 2091 omnibus
1142 2045 1313 2093 officiis
1350 2046 1585 2095 hodierne
1635 2046 1727 2094 diei
1764 2045 1978 2094 interfuit
2008 2049 2055 2092 et

278 2130 438 2177 locum
459 2129 506 2176 in
545 2128 663 2176 solio
686 2131 813 2191 Pape
836 2128 885 2174 in
907 2143 1136 2191 supremo
1156 2128 1304 2191 gradu
1323 2129 1510 2178 habuit.
1537 2129 1691 2178 Hodie
1714 2133 1946 2178 venerunt
1976 2128 2055 2176 lit—

283 2217 379 2262 tere
406 2213 465 2260 ab
490 2212 646 2260 lllmo.
673 2227 787 2276 rege
808 2212 979 2275 Anglie
1002 2212 1063 2259 ad
1084 2211 1262 2277 Urbem
1286 2212 1458 2275 quibus
1488 2213 1840 2277 significaverat
1861 2215 2052 2260 Rmum.

282 2300 336 2344 l).
363 2296 635 2344 vIohannem
664 2295 787 2343 tituli
813 2313 849 2342 s.
884 2295 1138 2344 Anastasie
1159 2296 1495 2361 presbyterum
1526 2297 1819 2346 cardinalem
1851 2298 2054 2344 Cantua—

282 2380 513 2438 riensem,
530 2379 606 2426 die
635 2382 690 2426 15
714 2378 894 2426 mensis
912 2379 1196 2442 septembris
1217 2379 1434 2442 proxime
1455 2380 1686 2444 preteriti,
1709 2365 1837 2428 diem
1860 2394 1944 2427 sue
1962 2378 2053 2426 vite

282 2462 513 2510 clausisse
535 2466 823 2510 extremum.
845 2463 987 2526 Cujus
1009 2462 1168 2511 anima
1186 2462 1458 2526 requiescat
1479 2464 1526 2510 in
1548 2463 1691 2528 pace!

347 2546 483 2595 Feria
504 2544 732 2603 secunda,
760 2549 786 2592 2
817 2546 997 2593 mensis
1015 2546 1308 2606 novembris,
1333 2546 1409 2595 die
1440 2546 1915 2597 commemorationis
1953 2564 2054 2596 om-

283 2630 417 2677 nium
460 2629 675 2678 fidelium
719 2628 1079 2689 defunctorum,
1117 2633 1286 2679 Rmus.
1325 2632 1381 2678 D.
1421 2630 1682 2680 cardinalis
1717 2629 2053 2680 Salernitanus

283 2712 544 2762 celebravit
565 2712 765 2759 missam
782 2710 1027 2775 publicam
1049 2710 1099 2760 in
1117 2714 1303 2776 capella
1315 2714 1502 2778 majore
1525 2714 1712 2777 palatii,
1735 2713 1868 2777 Papa
1888 2714 1937 2761 in
1955 2714 2058 2776 plu-

282 2796 390 2843 viali
415 2799 661 2859 presente,
679 2795 758 2857 qui
784 2800 892 2858 post
918 2796 1118 2843 missam
1141 2795 1359 2843 absolvit.
1385 2796 1491 2843 Alia
1513 2812 1650 2844 more
1675 2796 1834 2843 solito.

349 2879 492 2927 Feria
509 2878 672 2936 tertia,
696 2881 721 2925 3
739 2878 920 2925 mensis
941 2878 1234 2935 novembris,
1263 2882 1393 2925 tanta
1409 2878 1498 2926 fuit
1512 2879 1846 2927 excrescentia
1860 2877 2052 2926 Tiberis

285 2962 413 3024 quod
433 2976 530 3008 non
552 2960 708 3024 potuit
730 2959 938 3022 equitari
971 2960 1032 3007 ad
1062 2960 1317 3023 palatiu1n3
1344 2966 1391 3008 et
1413 2962 1566 3009 crevit
1588 2961 1822 3025 usquead
1842 2961 2055 3010 medium

285 3045 438 3092 noctis
462 3043 706 3106 sequentis
729 3042 806 3091 die
829 3043 1062 3091 mercurii
1087 3043 1202 3091 dicti
1226 3044 1407 3091 mensis
1432 3045 1726 3106 novembris,
1751 3061 1847 3109 qua
1874 3043 2055 3107 incepit

284 3128 572 3175 decrescere
595 3131 798 3189 propter
829 3126 1253 3190 supervenientem
1275 3132 1469 3176 ventum
1498 3128 1937 3185 ultramontanum3
1965 3142 2054 3190 per

273 3216 434 3260 'totam
449 3211 577 3258 diem
594 3210 735 3273 jovis,
767 3214 792 3258 5
816 3210 1111 3269 novembris,
1136 3226 1233 3258 non
1256 3212 1409 3274 potuit
1428 3211 1503 3259 via
1525 3211 1689 3275 palatii
1714 3199 1948 3275 equitari,
1967 3211 2053 3261 sed

283 3293 497 3358 oportuit
519 3293 590 3340 ire
621 3292 668 3338 in
686 3292 880 3340 barchis
897 3309 1104 3356 quarum
1121 3293 1317 3341 suerunt
1338 3294 1470 3341 circa
1492 3294 1771 3356 quindecim
1788 3295 1914 3343 inter
1936 3295 2051 3343 ban-

282 3375 399 3425 chos
439 3379 487 3424 et
522 3379 742 3439 pontem;
770 3380 816 3424 et
838 3392 963 3439 aqua
999 3376 1218 3424 ascendit
1247 3376 1307 3424 ad
1334 3382 1543 3440 quatuor
1580 3377 1768 3440 palmos
1794 3394 1877 3426 ver
1916 3378 2052 3426 circa

282 3474 432 3524 prope
475 3460 666 3522 signum
712 3459 894 3508 factum
945 3460 989 3507 in
1031 3460 1153 3508 turri
1197 3459 1342 3507 castri
1386 3476 1423 3506 s.
1462 3460 1650 3524 Angeli,
1694 3477 1820 3509 anno
1856 3459 2050 3508 Domini
