2228 3938
289 386 357 422 115
892 381 1125 418 JOHANNIS
1160 381 1455 426 BURCHARDI,
1790 382 1941 422 [Fevrier
1964 377 2073 425 15011'
2094 406 2096 409 v

288 483 516 532 revelanti
543 486 591 530 et
616 481 732 530 alias
751 481 889 545 juxta
906 482 1148 530 dictarum
1168 481 1441 529 litterarum
1465 485 1685 529 tenorem
1706 485 1755 530 et
1778 486 1877 530 tam
1899 485 2058 546 quoad

289 584 371 616 eos
416 582 561 629 quam
594 565 754 629 quoad
789 565 1079 613 christianos
1113 563 1390 628 hujusmodi
1425 564 1484 611 ad
1523 565 1765 627 premissa
1802 565 2056 614 brachium

289 649 503 698 seculare
531 648 801 706 invocandi,
827 663 1017 696 necnon
1042 647 1230 711 quoties
1252 651 1299 695 te
1326 647 1395 694 vel
1424 663 1512 710 per
1535 647 1840 710 deputandos
1864 648 2056 697 subcol-

288 733 494 780 lectoles
524 717 769 794 predictos
813 730 1075 794 respective
1115 722 1284 779 abesse
1322 729 1593 793 contigerit,
1630 722 1774 778 aliam
1812 731 1884 779 vel
1920 731 2053 791 alias,

289 830 547 879 peisonam
569 830 653 862 seu
691 829 941 877 personas,
982 814 1238 862 ecclesiam
1272 813 1343 860 vel
1382 812 1628 871 ecclesias,
1669 813 1936 861 secularem
1984 814 2059 862 vel

290 897 495 962 cujusvis
519 897 703 946 ordinis
728 897 993 961 regulares,
1022 897 1071 944 in
1085 897 1359 960 provinciis,
1386 895 1674 955 ciyitatibus,
1706 896 1849 945 terris
1877 900 1924 944 et
1941 889 2071 966 locis

288 981 517 1045 predictis
542 997 597 1029 ac
621 981 813 1029 illorum
847 971 1112 1028 diecesiurn
1141 980 1250 1028 loco
1279 995 1464 1037 eorum,
1498 979 1644 1027 etiam
1672 995 1783 1028 cum
1810 980 1955 1028 simili
1978 972 2059 1029 aut

288 1064 493 1113 limitata
522 1067 760 1128 potestate
788 1064 1046 1128 deputandi
1080 1066 1128 1110 et
1155 1062 1490 1120 substituendi,
1520 1066 1567 1111 et
1588 1063 1647 1110 ab
1673 1064 1742 1111 eis
1763 1068 1991 1127 computa
2013 1066 2061 1111 et

289 1148 503 1196 rationes
534 1148 592 1195 de
624 1148 840 1196 collectis
875 1151 922 1195 et
952 1147 1236 1195 ministratis
1268 1145 1553 1209 recipiendi,
1583 1149 1630 1194 et
1661 1138 1804 1194 adid
1830 1162 1919 1209 per
1953 1138 2062 1194 cen-

290 1247 425 1297 suras
453 1233 501 1279 et
523 1246 672 1295 penas
696 1231 940 1294 predictas
968 1246 1024 1278 ac
1050 1230 1166 1278 alias
1191 1229 1336 1278 modo
1363 1229 1601 1292 premisso
1631 1221 1836 1292 cogendi
1859 1221 2061 1277 et’com-

288 1314 513 1377 pellendi,
540 1314 794 1377 omniaque
819 1313 911 1361 alia
935 1316 984 1360 et
1015 1313 1203 1377 singula
1225 1313 1274 1360 in
1300 1312 1551 1376 premissis
1577 1314 1625 1360 et
1656 1312 1786 1360 circa
1815 1328 1871 1360 ea
1891 1327 2062 1360 neces-

291 1397 434 1455 saria,
471 1413 555 1445 seu
589 1395 952 1460 quomodolibet
979 1388 1254 1459 oppertuna
1286 1394 1509 1453 faciendi,
1552 1396 1827 1455 exercendi,
1863 1389 2062 1459 gerendi

290 1482 338 1527 et
364 1480 632 1543 exequendi
665 1495 757 1542 que
786 1479 847 1527 ad
878 1478 1144 1542 plenariam
1174 1478 1509 1526 executionem
1543 1478 1893 1542 premissorum
1917 1493 2063 1542 expe-

290 1563 392 1609 dire
413 1561 659 1619 videbunt,
685 1561 912 1625 ipsosque
939 1561 1229 1609 christianos
1255 1561 1333 1623 qui
1366 1562 1425 1608 ad
1451 1576 1535 1609 cor
1558 1562 1737 1609 reversi
1764 1564 1813 1610 et
1839 1562 1899 1609 de
1919 1561 1996 1609 his
2015 1561 2064 1608 in

290 1644 464 1707 quibus
486 1643 841 1708 premissorum
872 1643 1144 1701 occasione,
1173 1638 1467 1705 obligatione
1492 1643 1691 1707 obligati
1717 1636 1875 1703 erunt,
1905 1643 2065 1692 debite

291 1727 648 1787 satisfecerunt,
691 1726 987 1786 absolvendi,
1024 1725 1265 1774 liberandi
1300 1728 1347 1773 et
1381 1719 1687 1786 habilitandi,
1726 1742 1917 1775 necnon
1955 1741 2066 1774 cum

291 1810 383 1857 illis
409 1810 489 1873 qui
523 1811 792 1868 sententiis,
829 1809 1050 1858 censuris
1083 1812 1131 1857 et
1160 1808 1299 1872 penis
1329 1808 1556 1872 predictis
1585 1803 1779 1870 irretiti,
1817 1803 1988 1857 missas
2018 1812 2068 1857 et

293 1892 387 1940 alia
404 1892 562 1940 divina
585 1893 762 1952 officia,
787 1908 885 1941 non
908 1896 1072 1941 tamen
1098 1893 1147 1939 in
1163 1895 1495 1956 contemptum
1521 1892 1725 1941 clavium
1753 1892 2064 1950 celebrando,

292 1980 374 2023 aut
412 1975 529 2023 alias
558 1992 607 2022 se
643 1974 960 2023 immiscendo
992 1974 1402 2038 irregularitatem
1430 1976 1778 2035 contraxerint,
1813 1990 1958 2040 super
1987 1974 2068 2023 illa

293 2058 603 2121 dispensandi
632 2058 840 2122 plenam,
875 2058 1081 2106 liberam
1109 2061 1156 2105 et
1180 2058 1530 2117 omnimodam,
1559 2058 1847 2106 auctoritate
1871 2061 2068 2121 aposto-

290 2140 397 2199 lica,
426 2143 597 2189 tenore
621 2141 919 2204 presentium
943 2139 1191 2188 licentiam
1217 2138 1529 2188 concedimus
1558 2145 1604 2188 et
1634 2141 1916 2189 facultatem
1947 2155 2067 2188 non-

293 2223 515 2271 obstante
548 2223 703 2271 felicis
734 2222 1086 2271 recordationis
1116 2222 1349 2271 Bonifacii
1387 2238 1510 2286 pape
1550 2225 1675 2282 VIII,
1705 2222 2067 2287 predecessoris

293 2306 447 2354 nostri
479 2306 537 2353 de
566 2323 662 2354 una
686 2314 734 2355 et
767 2307 826 2356 de
857 2307 1044 2356 duobus
1067 2306 1209 2354 dictis
1241 2306 1290 2353 in
1312 2301 1517 2354 concilio
1544 2307 1761 2369 generali
1787 2301 1916 2355 edita
1938 2302 2066 2355 et'de

295 2389 517 2452 personis
552 2389 678 2437 ultra
714 2395 903 2438 certum
928 2405 1185 2438 numerum
1217 2389 1278 2437 ad
1312 2388 1633 2453 judicandum
1675 2405 1774 2439 non
1816 2388 2062 2448 vocandis,

294 2471 493 2535 aliisque
527 2473 955 2521 constitutionibus
989 2475 1038 2521 et
1080 2471 1460 2520 ordinationibus
1494 2468 1793 2536 apostoliciS,
1828 2470 1933 2522 nec
1969 2486 2066 2520 non

295 2554 516 2602 omnibus
540 2555 631 2603 illis
656 2557 749 2619 que
765 2556 815 2604 in
841 2555 1230 2620 singulislitteris
1251 2556 1485 2620 predictis
1508 2556 1730 2605 volumus
1753 2570 1852 2605 non
1873 2556 2066 2605 obstare

295 2638 567 2702 ceterisque
604 2640 854 2687 contrariis
896 2639 1300 2703 quibuscumque.
1338 2641 1518 2689 Verum
1559 2640 1673 2703 quia
1711 2639 1908 2689 difficile
1942 2634 2065 2688 foret

296 2728 544 2784 presentes
568 2721 753 2771 litteras
778 2723 839 2771 ad
867 2723 1053 2787 singula
1081 2738 1385 2786 quecumque
1408 2723 1517 2772 loca
1539 2724 1587 2771 in
1611 2723 1782 2786 quibus
1805 2718 2064 2786 expediens

297 2804 382 2851 fuit
406 2804 617 2864 deferre,
641 2806 861 2854 volumus
885 2811 933 2855 et
954 2806 1124 2855 eadem
1154 2806 1440 2854 auctoritate
1467 2805 1776 2853 decernimus
1803 2804 1932 2868 quod
1957 2804 2065 2852 illa-

296 2903 402 2935 rum
427 2888 727 2952 transcriptis
761 2905 908 2937 manu
932 2889 1109 2952 publici
1142 2888 1338 2946 notarii,
1364 2888 1475 2936 inde
1499 2887 1674 2951 rogati,
1713 2886 1995 2950 subscriptis
2018 2890 2066 2934 et

296 2970 450 3034 sigillo
492 2987 597 3030 suo,
638 2974 720 3019 aut
752 2971 1140 3035 deputandorum
1178 2970 1580 3019 subcollectorum
1614 2970 1945 3034 predictorum
1980 2985 2064 3019 seu

295 3053 499 3117 alicujus
534 3054 722 3117 prelati,
757 3054 830 3102 vel
868 3053 1066 3101 alterius
1091 3068 1300 3116 persone
1325 3052 1374 3100 in
1397 3053 1602 3102 ecclesia
1626 3052 1857 3116 dignitate
1885 3052 2065 3100 consti-

298 3138 396 3183 tute
432 3137 629 3184 munitis
662 3152 719 3184 ea
741 3152 939 3200 prorsus
970 3137 1090 3184 fides
1122 3136 1298 3199 ubique
1322 3136 1371 3183 in
1403 3136 1585 3200 judicio
1618 3139 1664 3184 et
1700 3139 1839 3184 extra
1866 3138 1915 3184 et
1947 3132 2064 3183 alias

294 3218 492 3266 ubilibet
514 3219 816 3278 adhibeatur,
835 3235 928 3282 que
950 3219 1255 3284 presentibus
1274 3219 1599 3279 adhiberetur,
1620 3218 1657 3266 si
1675 3223 1836 3267 essent
1851 3217 2064 3267 exhibite

294 3317 378 3349 seu
419 3307 627 3351 ostense.
676 3306 850 3350 Datum
899 3305 1067 3362 Rome,
1111 3318 1238 3350 anno
1278 3301 1621 3350 incarnationis
1665 3302 1914 3350 Dominice
1952 3302 2059 3361 MD,

292 3384 523 3433 kalendas
547 3385 789 3444 februarii,
817 3386 1131 3434 Pontificatus
1154 3384 1304 3433 nostri
1326 3399 1451 3432 anno
1473 3399 1618 3432 nono.
1649 3403 1669 3428 »

356 3469 498 3516 Feria
524 3472 674 3527 sexta,
703 3472 729 3517 5
763 3469 944 3516 mensis
976 3468 1224 3526 februarii,
1261 3471 1424 3515 Rmus.
1460 3470 1515 3515 D.
1551 3467 1815 3516 cardinalis
1846 3466 2063 3517 Salerni·
