<?xml version="1.0" encoding="UTF-8"?>
<!DOCTYPE html PUBLIC "-//W3C//DTD XHTML 1.0 Transitional//EN"
    "http://www.w3.org/TR/xhtml1/DTD/xhtml1-transitional.dtd">
<html xmlns="http://www.w3.org/1999/xhtml" xml:lang="en" lang="en">
 <head>
  <title>
</title>
<meta http-equiv="Content-Type" content="text/html;charset=utf-8" />
  <meta name='ocr-system' content='tesseract 3.04.00' />
  <meta name='ocr-capabilities' content='ocr_page ocr_carea ocr_par ocr_line ocrx_word'/>
</head>
<body>
  <div class='ocr_page' id='page_1' title='image "./diariumsivererum03burcuoft_0113.png"; bbox 0 0 2254 3944; ppageno 0'>
   <div class='ocr_carea' id='block_1_1' title="bbox 143 352 1927 399">
    <p class='ocr_par' dir='ltr' id='par_1_1' title="bbox 143 352 1927 399">
     <span class='ocr_line' id='line_1_1' title="bbox 143 352 1927 399; baseline 0.002 -8"><span class='ocrx_word' id='word_1_1' title='bbox 143 357 254 399; x_wconf 79' lang='lat' dir='ltr'>[Avi-il</span> <span class='ocrx_word' id='word_1_2' title='bbox 274 359 367 398; x_wconf 81' lang='lat'>1500]</span> <span class='ocrx_word' id='word_1_3' title='bbox 587 355 756 394; x_wconf 86' lang='lat' dir='ltr'>RERUM</span> <span class='ocrx_word' id='word_1_4' title='bbox 790 352 1092 392; x_wconf 86' lang='lat' dir='ltr'><strong>URBANARUM</strong></span> <span class='ocrx_word' id='word_1_5' title='bbox 1127 352 1479 391; x_wconf 87' lang='lat' dir='ltr'><strong>COMMENTARII.</strong></span> <span class='ocrx_word' id='word_1_6' title='bbox 1884 359 1927 395; x_wconf 88' lang='lat'>31</span> 
     </span>
    </p>
   </div>
   <div class='ocr_carea' id='block_1_2' title="bbox 145 456 1956 3204">
    <p class='ocr_par' dir='ltr' id='par_1_2' title="bbox 145 456 1946 2949">
     <span class='ocr_line' id='line_1_2' title="bbox 212 456 1925 525; baseline -0.003 -15"><span class='ocrx_word' id='word_1_7' title='bbox 212 465 334 521; x_wconf 88' lang='lat' dir='ltr'>Dux,</span> <span class='ocrx_word' id='word_1_8' title='bbox 365 462 569 525; x_wconf 88' lang='lat' dir='ltr'>accepta</span> <span class='ocrx_word' id='word_1_9' title='bbox 589 475 737 508; x_wconf 90' lang='lat' dir='ltr'>manu</span> <span class='ocrx_word' id='word_1_10' title='bbox 767 458 967 505; x_wconf 86' lang='lat' dir='ltr'>dextera</span> <span class='ocrx_word' id='word_1_11' title='bbox 990 471 1115 514; x_wconf 89' lang='lat' dir='ltr'>rosa,</span> <span class='ocrx_word' id='word_1_12' title='bbox 1146 456 1394 505; x_wconf 90' lang='lat' dir='ltr'>osculatus</span> <span class='ocrx_word' id='word_1_13' title='bbox 1421 459 1494 504; x_wconf 90' lang='lat' dir='ltr'>est</span> <span class='ocrx_word' id='word_1_14' title='bbox 1519 472 1722 505; x_wconf 93' lang='lat' dir='ltr'>manum</span> <span class='ocrx_word' id='word_1_15' title='bbox 1749 457 1925 521; x_wconf 91' lang='lat' dir='ltr'>primo,</span> 
     </span>
     <span class='ocr_line' id='line_1_3' title="bbox 147 539 1934 610; baseline -0.003 -16"><span class='ocrx_word' id='word_1_16' title='bbox 147 546 322 594; x_wconf 89' lang='lat' dir='ltr'>deinde</span> <span class='ocrx_word' id='word_1_17' title='bbox 348 546 523 610; x_wconf 87' lang='lat' dir='ltr'>pedem</span> <span class='ocrx_word' id='word_1_18' title='bbox 549 546 701 607; x_wconf 88' lang='lat' dir='ltr'>Pape;</span> <span class='ocrx_word' id='word_1_19' title='bbox 729 542 1052 591; x_wconf 82' lang='lat' dir='ltr'>surrexerunt</span> <span class='ocrx_word' id='word_1_20' title='bbox 1074 540 1235 599; x_wconf 88' lang='lat' dir='ltr'>ambo,</span> <span class='ocrx_word' id='word_1_21' title='bbox 1262 539 1495 604; x_wconf 78' lang='lat' dir='ltr'>imposuit</span> <span class='ocrx_word' id='word_1_22' title='bbox 1509 541 1748 589; x_wconf 87' lang='lat' dir='ltr'>birretum</span> <span class='ocrx_word' id='word_1_23' title='bbox 1772 541 1934 589; x_wconf 88' lang='lat' dir='ltr'>confa-</span> 
     </span>
     <span class='ocr_line' id='line_1_4' title="bbox 145 624 1934 691; baseline -0.003 -13"><span class='ocrx_word' id='word_1_24' title='bbox 145 630 410 678; x_wconf 86' lang='lat' dir='ltr'>loneriatus</span> <span class='ocrx_word' id='word_1_25' title='bbox 440 629 488 676; x_wconf 91' lang='lat' dir='ltr'>in</span> <span class='ocrx_word' id='word_1_26' title='bbox 519 629 666 691; x_wconf 90' lang='lat' dir='ltr'>caput</span> <span class='ocrx_word' id='word_1_27' title='bbox 705 624 857 683; x_wconf 81' lang='lat' dir='ltr'>ducis,</span> <span class='ocrx_word' id='word_1_28' title='bbox 901 624 999 688; x_wconf 90' lang='lat' dir='ltr'>qui,</span> <span class='ocrx_word' id='word_1_29' title='bbox 1040 624 1130 672; x_wconf 91' lang='lat' dir='ltr'>sub</span> <span class='ocrx_word' id='word_1_30' title='bbox 1167 639 1224 672; x_wconf 88' lang='lat' dir='ltr'>eo</span> <span class='ocrx_word' id='word_1_31' title='bbox 1261 641 1426 673; x_wconf 91' lang='lat' dir='ltr'>rosam</span> <span class='ocrx_word' id='word_1_32' title='bbox 1458 625 1508 673; x_wconf 92' lang='lat' dir='ltr'>in</span> <span class='ocrx_word' id='word_1_33' title='bbox 1545 642 1693 674; x_wconf 90' lang='lat' dir='ltr'>manu</span> <span class='ocrx_word' id='word_1_34' title='bbox 1729 626 1934 674; x_wconf 80' lang='lat' dir='ltr'>dext-era</span> 
     </span>
     <span class='ocr_line' id='line_1_5' title="bbox 149 708 1934 778; baseline -0.002 -16"><span class='ocrx_word' id='word_1_35' title='bbox 149 717 367 778; x_wconf 80' lang='lat' dir='ltr'>portanS,</span> <span class='ocrx_word' id='word_1_36' title='bbox 409 711 638 762; x_wconf 88' lang='lat' dir='ltr'>continuo</span> <span class='ocrx_word' id='word_1_37' title='bbox 674 708 872 757; x_wconf 81' lang='lat' dir='ltr'>incessit</span> <span class='ocrx_word' id='word_1_38' title='bbox 897 711 1009 755; x_wconf 90' lang='lat' dir='ltr'>ante</span> <span class='ocrx_word' id='word_1_39' title='bbox 1046 710 1247 772; x_wconf 81' lang='lat' dir='ltr'><strong>Papam.</strong></span> <span class='ocrx_word' id='word_1_40' title='bbox 1288 710 1522 757; x_wconf 92' lang='lat' dir='ltr'>Ostensus</span> <span class='ocrx_word' id='word_1_41' title='bbox 1559 712 1631 757; x_wconf 91' lang='lat' dir='ltr'>est</span> <span class='ocrx_word' id='word_1_42' title='bbox 1654 709 1811 758; x_wconf 89' lang='lat' dir='ltr'>vultus</span> <span class='ocrx_word' id='word_1_43' title='bbox 1841 712 1934 758; x_wconf 94' lang='lat' dir='ltr'>Do-</span> 
     </span>
     <span class='ocr_line' id='line_1_6' title="bbox 148 791 1934 857; baseline -0.002 -11"><span class='ocrx_word' id='word_1_44' title='bbox 148 797 265 845; x_wconf 91' lang='lat' dir='ltr'>mini</span> <span class='ocrx_word' id='word_1_45' title='bbox 290 813 428 846; x_wconf 88' lang='lat' dir='ltr'>more</span> <span class='ocrx_word' id='word_1_46' title='bbox 462 795 629 853; x_wconf 70' lang='lat' dir='ltr'>solito,</span> <span class='ocrx_word' id='word_1_47' title='bbox 673 796 720 841; x_wconf 90' lang='lat' dir='ltr'>et</span> <span class='ocrx_word' id='word_1_48' title='bbox 751 791 1021 841; x_wconf 76' lang='lat' dir='ltr'>cardinales</span> <span class='ocrx_word' id='word_1_49' title='bbox 1051 807 1162 840; x_wconf 88' lang='lat' dir='ltr'>cum</span> <span class='ocrx_word' id='word_1_50' title='bbox 1201 793 1325 841; x_wconf 90' lang='lat' dir='ltr'>duce</span> <span class='ocrx_word' id='word_1_51' title='bbox 1356 795 1539 857; x_wconf 92' lang='lat' dir='ltr'>Papam</span> <span class='ocrx_word' id='word_1_52' title='bbox 1570 793 1934 842; x_wconf 86' lang='lat' dir='ltr'>associaverunt</span> 
     </span>
     <span class='ocr_line' id='line_1_7' title="bbox 150 875 1934 944; baseline -0.002 -15"><span class='ocrx_word' id='word_1_53' title='bbox 150 897 299 944; x_wconf 92' lang='lat' dir='ltr'>usque</span> <span class='ocrx_word' id='word_1_54' title='bbox 326 880 387 929; x_wconf 92' lang='lat' dir='ltr'>ad</span> <span class='ocrx_word' id='word_1_55' title='bbox 412 878 616 936; x_wconf 90' lang='lat' dir='ltr'>curiam,</span> <span class='ocrx_word' id='word_1_56' title='bbox 646 876 728 925; x_wconf 91' lang='lat' dir='ltr'>ubi</span> <span class='ocrx_word' id='word_1_57' title='bbox 755 875 1031 925; x_wconf 77' lang='lat' dir='ltr'>cardinales</span> <span class='ocrx_word' id='word_1_58' title='bbox 1057 876 1278 939; x_wconf 90' lang='lat' dir='ltr'>equitare</span> <span class='ocrx_word' id='word_1_59' title='bbox 1304 876 1478 935; x_wconf 81' lang='lat' dir='ltr'>solent,</span> <span class='ocrx_word' id='word_1_60' title='bbox 1508 877 1567 924; x_wconf 94' lang='lat' dir='ltr'>de</span> <span class='ocrx_word' id='word_1_61' title='bbox 1593 893 1688 941; x_wconf 89' lang='lat' dir='ltr'>qua</span> <span class='ocrx_word' id='word_1_62' title='bbox 1714 877 1934 926; x_wconf 85' lang='lat' dir='ltr'>ascendit</span> 
     </span>
     <span class='ocr_line' id='line_1_8' title="bbox 150 959 1933 1029; baseline -0.003 -15"><span class='ocrx_word' id='word_1_63' title='bbox 150 968 281 1029; x_wconf 87' lang='lat' dir='ltr'>Papa</span> <span class='ocrx_word' id='word_1_64' title='bbox 305 964 366 1012; x_wconf 91' lang='lat' dir='ltr'>ad</span> <span class='ocrx_word' id='word_1_65' title='bbox 389 962 625 1028; x_wconf 91' lang='lat' dir='ltr'>palatium</span> <span class='ocrx_word' id='word_1_66' title='bbox 649 976 808 1019; x_wconf 91' lang='lat' dir='ltr'>suum,</span> <span class='ocrx_word' id='word_1_67' title='bbox 850 959 1120 1009; x_wconf 88' lang='lat' dir='ltr'>licenciatis</span> <span class='ocrx_word' id='word_1_68' title='bbox 1156 959 1341 1008; x_wconf 88' lang='lat' dir='ltr'>ibidem</span> <span class='ocrx_word' id='word_1_69' title='bbox 1367 961 1491 1009; x_wconf 90' lang='lat' dir='ltr'>duce</span> <span class='ocrx_word' id='word_1_70' title='bbox 1531 963 1580 1008; x_wconf 92' lang='lat' dir='ltr'>et</span> <span class='ocrx_word' id='word_1_71' title='bbox 1604 960 1933 1009; x_wconf 83' lang='lat' dir='ltr'>cardinalibus</span> 
     </span>
     <span class='ocr_line' id='line_1_9' title="bbox 147 1044 1929 1112; baseline -0.002 -15"><span class='ocrx_word' id='word_1_72' title='bbox 147 1049 228 1112; x_wconf 91' lang='lat' dir='ltr'>qui</span> <span class='ocrx_word' id='word_1_73' title='bbox 253 1048 579 1097; x_wconf 87' lang='lat' dir='ltr'>ascenderunt</span> <span class='ocrx_word' id='word_1_74' title='bbox 609 1061 759 1109; x_wconf 92' lang='lat' dir='ltr'>equos</span> <span class='ocrx_word' id='word_1_75' title='bbox 790 1060 976 1093; x_wconf 89' lang='lat' dir='ltr'>omnes.</span> <span class='ocrx_word' id='word_1_76' title='bbox 1021 1047 1364 1093; x_wconf 85' lang='lat' dir='ltr'>P1·ecesserunt</span> <span class='ocrx_word' id='word_1_77' title='bbox 1389 1044 1663 1093; x_wconf 78' lang='lat' dir='ltr'>cardinales</span> <span class='ocrx_word' id='word_1_78' title='bbox 1695 1045 1929 1101; x_wconf 82' lang='lat' dir='ltr'>seniores,</span> 
     </span>
     <span class='ocr_line' id='line_1_10' title="bbox 150 1128 1938 1192; baseline -0.001 -13"><span class='ocrx_word' id='word_1_79' title='bbox 150 1135 198 1179; x_wconf 91' lang='lat' dir='ltr'>et</span> <span class='ocrx_word' id='word_1_80' title='bbox 233 1131 362 1179; x_wconf 92' lang='lat' dir='ltr'>inter</span> <span class='ocrx_word' id='word_1_81' title='bbox 402 1133 668 1179; x_wconf 90' lang='lat' dir='ltr'>Senensem</span> <span class='ocrx_word' id='word_1_82' title='bbox 706 1131 754 1177; x_wconf 93' lang='lat' dir='ltr'>et</span> <span class='ocrx_word' id='word_1_83' title='bbox 791 1128 1075 1177; x_wconf 90' lang='lat' dir='ltr'>Cesarinum</span> <span class='ocrx_word' id='word_1_84' title='bbox 1118 1128 1167 1176; x_wconf 90' lang='lat' dir='ltr'>in</span> <span class='ocrx_word' id='word_1_85' title='bbox 1209 1128 1382 1178; x_wconf 92' lang='lat' dir='ltr'>ultimo</span> <span class='ocrx_word' id='word_1_86' title='bbox 1418 1129 1528 1178; x_wconf 86' lang='lat' dir='ltr'>loco</span> <span class='ocrx_word' id='word_1_87' title='bbox 1565 1128 1798 1192; x_wconf 88' lang='lat' dir='ltr'>equitavit</span> <span class='ocrx_word' id='word_1_88' title='bbox 1841 1129 1938 1177; x_wconf 87' lang='lat' dir='ltr'>dux</span> 
     </span>
     <span class='ocr_line' id='line_1_11' title="bbox 152 1212 1939 1279; baseline -0.002 -15"><span class='ocrx_word' id='word_1_89' title='bbox 152 1216 390 1264; x_wconf 86' lang='lat' dir='ltr'>birretum</span> <span class='ocrx_word' id='word_1_90' title='bbox 416 1214 536 1263; x_wconf 92' lang='lat' dir='ltr'>illud</span> <span class='ocrx_word' id='word_1_91' title='bbox 562 1212 978 1262; x_wconf 88' lang='lat' dir='ltr'>confaloneriatus</span> <span class='ocrx_word' id='word_1_92' title='bbox 1004 1213 1234 1262; x_wconf 85' lang='lat' dir='ltr'>continue</span> <span class='ocrx_word' id='word_1_93' title='bbox 1263 1217 1459 1279; x_wconf 88' lang='lat' dir='ltr'>gestans</span> <span class='ocrx_word' id='word_1_94' title='bbox 1484 1212 1532 1260; x_wconf 94' lang='lat' dir='ltr'>in</span> <span class='ocrx_word' id='word_1_95' title='bbox 1557 1213 1733 1277; x_wconf 90' lang='lat' dir='ltr'>capite.</span> <span class='ocrx_word' id='word_1_96' title='bbox 1762 1216 1939 1261; x_wconf 89' lang='lat' dir='ltr'>Rosam</span> 
     </span>
     <span class='ocr_line' id='line_1_12' title="bbox 152 1296 1939 1363; baseline -0.001 -17"><span class='ocrx_word' id='word_1_97' title='bbox 152 1301 315 1347; x_wconf 88' lang='lat' dir='ltr'>autem</span> <span class='ocrx_word' id='word_1_98' title='bbox 340 1314 438 1346; x_wconf 90' lang='lat' dir='ltr'>non</span> <span class='ocrx_word' id='word_1_99' title='bbox 461 1296 673 1362; x_wconf 85' lang='lat' dir='ltr'>portavit</span> <span class='ocrx_word' id='word_1_100' title='bbox 695 1296 745 1344; x_wconf 91' lang='lat' dir='ltr'>in</span> <span class='ocrx_word' id='word_1_101' title='bbox 768 1311 917 1344; x_wconf 90' lang='lat' dir='ltr'>manu</span> <span class='ocrx_word' id='word_1_102' title='bbox 942 1296 1188 1355; x_wconf 78' lang='lat' dir='ltr'>continue,</span> <span class='ocrx_word' id='word_1_103' title='bbox 1218 1296 1302 1344; x_wconf 88' lang='lat' dir='ltr'>sed</span> <span class='ocrx_word' id='word_1_104' title='bbox 1326 1312 1416 1360; x_wconf 89' lang='lat' dir='ltr'>pro</span> <span class='ocrx_word' id='word_1_105' title='bbox 1443 1298 1632 1363; x_wconf 89' lang='lat' dir='ltr'>majore</span> <span class='ocrx_word' id='word_1_106' title='bbox 1659 1300 1799 1361; x_wconf 84' lang='lat' dir='ltr'>parte</span> <span class='ocrx_word' id='word_1_107' title='bbox 1833 1313 1939 1345; x_wconf 89' lang='lat' dir='ltr'>eam</span> 
     </span>
     <span class='ocr_line' id='line_1_13' title="bbox 154 1379 1940 1446; baseline -0.001 -16"><span class='ocrx_word' id='word_1_108' title='bbox 154 1384 351 1446; x_wconf 90' lang='lat' dir='ltr'>portare</span> <span class='ocrx_word' id='word_1_109' title='bbox 394 1380 508 1429; x_wconf 88' lang='lat' dir='ltr'>fecit</span> <span class='ocrx_word' id='word_1_110' title='bbox 544 1397 632 1444; x_wconf 90' lang='lat' dir='ltr'>per</span> <span class='ocrx_word' id='word_1_111' title='bbox 670 1396 821 1427; x_wconf 92' lang='lat' dir='ltr'>unum</span> <span class='ocrx_word' id='word_1_112' title='bbox 853 1396 912 1428; x_wconf 87' lang='lat' dir='ltr'>ex</span> <span class='ocrx_word' id='word_1_113' title='bbox 948 1379 1176 1428; x_wconf 87' lang='lat' dir='ltr'>stafferiis</span> <span class='ocrx_word' id='word_1_114' title='bbox 1207 1380 1323 1440; x_wconf 92' lang='lat' dir='ltr'>suis,</span> <span class='ocrx_word' id='word_1_115' title='bbox 1365 1397 1574 1444; x_wconf 89' lang='lat' dir='ltr'>quorum</span> <span class='ocrx_word' id='word_1_116' title='bbox 1610 1398 1694 1429; x_wconf 85' lang='lat' dir='ltr'>sex</span> <span class='ocrx_word' id='word_1_117' title='bbox 1724 1381 1800 1429; x_wconf 73' lang='lat' dir='ltr'>vel</span> <span class='ocrx_word' id='word_1_118' title='bbox 1831 1383 1940 1429; x_wconf 88' lang='lat' dir='ltr'>octo</span> 
     </span>
     <span class='ocr_line' id='line_1_14' title="bbox 153 1463 1942 1529; baseline -0.001 -16"><span class='ocrx_word' id='word_1_119' title='bbox 153 1467 343 1513; x_wconf 85' lang='lat' dir='ltr'>tantum</span> <span class='ocrx_word' id='word_1_120' title='bbox 376 1466 518 1512; x_wconf 89' lang='lat' dir='ltr'>erant</span> <span class='ocrx_word' id='word_1_121' title='bbox 548 1464 680 1512; x_wconf 88' lang='lat' dir='ltr'>circa</span> <span class='ocrx_word' id='word_1_122' title='bbox 711 1479 847 1522; x_wconf 91' lang='lat' dir='ltr'>eum;</span> <span class='ocrx_word' id='word_1_123' title='bbox 885 1463 968 1511; x_wconf 87' lang='lat' dir='ltr'>alii</span> <span class='ocrx_word' id='word_1_124' title='bbox 1004 1479 1173 1512; x_wconf 91' lang='lat' dir='ltr'>omnes</span> <span class='ocrx_word' id='word_1_125' title='bbox 1211 1465 1543 1528; x_wconf 84' lang='lat' dir='ltr'>sequebantur</span> <span class='ocrx_word' id='word_1_126' title='bbox 1577 1464 1754 1529; x_wconf 87' lang='lat' dir='ltr'>ipsum.</span> <span class='ocrx_word' id='word_1_127' title='bbox 1790 1467 1942 1512; x_wconf 92' lang='lat' dir='ltr'>Inter-</span> 
     </span>
     <span class='ocr_line' id='line_1_15' title="bbox 154 1547 1941 1612; baseline -0.001 -16"><span class='ocrx_word' id='word_1_128' title='bbox 154 1548 351 1596; x_wconf 89' lang='lat' dir='ltr'>fuerunt</span> <span class='ocrx_word' id='word_1_129' title='bbox 371 1547 746 1612; x_wconf 89' lang='lat' dir='ltr'>quatuordecim</span> <span class='ocrx_word' id='word_1_130' title='bbox 767 1547 1059 1606; x_wconf 89' lang='lat' dir='ltr'>cardinales,</span> <span class='ocrx_word' id='word_1_131' title='bbox 1087 1547 1314 1595; x_wconf 87' lang='lat' dir='ltr'>videlicet</span> <span class='ocrx_word' id='word_1_132' title='bbox 1331 1548 1697 1612; x_wconf 88' lang='lat' dir='ltr'>Neapolitanus,</span> <span class='ocrx_word' id='word_1_133' title='bbox 1728 1551 1941 1595; x_wconf 86' lang='lat' dir='ltr'>Recana-</span> 
     </span>
     <span class='ocr_line' id='line_1_16' title="bbox 156 1630 1934 1696; baseline -0.001 -16"><span class='ocrx_word' id='word_1_134' title='bbox 156 1632 320 1690; x_wconf 81' lang='lat' dir='ltr'>tensis,</span> <span class='ocrx_word' id='word_1_135' title='bbox 342 1631 583 1696; x_wconf 80' lang='lat' dir='ltr'>episcopi3</span> <span class='ocrx_word' id='word_1_136' title='bbox 608 1648 647 1678; x_wconf 92' lang='lat' dir='ltr'>s.</span> <span class='ocrx_word' id='word_1_137' title='bbox 669 1630 949 1688; x_wconf 88' lang='lat' dir='ltr'>Clementis,</span> <span class='ocrx_word' id='word_1_138' title='bbox 977 1633 1363 1689; x_wconf 84' lang='lat' dir='ltr'>Beneventanus,</span> <span class='ocrx_word' id='word_1_139' title='bbox 1384 1647 1419 1679; x_wconf 90' lang='lat' dir='ltr'>s.</span> <span class='ocrx_word' id='word_1_140' title='bbox 1444 1631 1694 1695; x_wconf 81' lang='lat' dir='ltr'>PraxediS‚</span> <span class='ocrx_word' id='word_1_141' title='bbox 1714 1631 1934 1686; x_wconf 78' lang='lat' dir='ltr'>Ursinus,</span> 
     </span>
     <span class='ocr_line' id='line_1_17' title="bbox 153 1713 1940 1780; baseline -0.001 -17"><span class='ocrx_word' id='word_1_142' title='bbox 153 1714 526 1772; x_wconf 84' lang='lat' dir='ltr'>Alexandrinus,</span> <span class='ocrx_word' id='word_1_143' title='bbox 570 1730 608 1761; x_wconf 91' lang='lat' dir='ltr'>s.</span> <span class='ocrx_word' id='word_1_144' title='bbox 658 1713 842 1772; x_wconf 79' lang='lat' dir='ltr'>CruciS,</span> <span class='ocrx_word' id='word_1_145' title='bbox 881 1713 1158 1772; x_wconf 76' lang='lat' dir='ltr'>GurcensiS,</span> <span class='ocrx_word' id='word_1_146' title='bbox 1198 1716 1474 1778; x_wconf 88' lang='lat' dir='ltr'>Capuanus,</span> <span class='ocrx_word' id='word_1_147' title='bbox 1518 1714 1816 1780; x_wconf 76' lang='lat' dir='ltr'>presbyteri,</span> <span class='ocrx_word' id='word_1_148' title='bbox 1859 1716 1940 1762; x_wconf 82' lang='lat' dir='ltr'>Se-</span> 
     </span>
     <span class='ocr_line' id='line_1_18' title="bbox 156 1797 1941 1862; baseline -0.001 -15"><span class='ocrx_word' id='word_1_149' title='bbox 156 1798 336 1857; x_wconf 89' lang='lat' dir='ltr'>nensis,</span> <span class='ocrx_word' id='word_1_150' title='bbox 365 1798 622 1846; x_wconf 87' lang='lat' dir='ltr'>Cesarinus</span> <span class='ocrx_word' id='word_1_151' title='bbox 649 1799 696 1845; x_wconf 91' lang='lat' dir='ltr'>et</span> <span class='ocrx_word' id='word_1_152' title='bbox 727 1797 1002 1856; x_wconf 88' lang='lat' dir='ltr'>Farnesius,</span> <span class='ocrx_word' id='word_1_153' title='bbox 1033 1797 1250 1857; x_wconf 91' lang='lat' dir='ltr'>diaconi;</span> <span class='ocrx_word' id='word_1_154' title='bbox 1280 1801 1447 1862; x_wconf 89' lang='lat' dir='ltr'>preter</span> <span class='ocrx_word' id='word_1_155' title='bbox 1470 1813 1592 1862; x_wconf 91' lang='lat' dir='ltr'>quos</span> <span class='ocrx_word' id='word_1_156' title='bbox 1618 1798 1767 1847; x_wconf 91' lang='lat' dir='ltr'>etiam</span> <span class='ocrx_word' id='word_1_157' title='bbox 1791 1798 1941 1846; x_wconf 90' lang='lat' dir='ltr'>inter-</span> 
     </span>
     <span class='ocr_line' id='line_1_19' title="bbox 156 1881 1934 1946; baseline 0.001 -17"><span class='ocrx_word' id='word_1_158' title='bbox 156 1883 243 1931; x_wconf 82' lang='lat' dir='ltr'>fuit</span> <span class='ocrx_word' id='word_1_159' title='bbox 279 1882 329 1930; x_wconf 94' lang='lat' dir='ltr'>in</span> <span class='ocrx_word' id='word_1_160' title='bbox 365 1881 513 1929; x_wconf 90' lang='lat' dir='ltr'>missa</span> <span class='ocrx_word' id='word_1_161' title='bbox 551 1885 717 1929; x_wconf 74' lang='lat' dir='ltr'>Rmus</span> <span class='ocrx_word' id='word_1_162' title='bbox 759 1881 1022 1929; x_wconf 87' lang='lat' dir='ltr'>cardinalis</span> <span class='ocrx_word' id='word_1_163' title='bbox 1059 1881 1398 1929; x_wconf 88' lang='lat' dir='ltr'>Ulixbonensis</span> <span class='ocrx_word' id='word_1_164' title='bbox 1441 1882 1541 1946; x_wconf 91' lang='lat' dir='ltr'>qui,</span> <span class='ocrx_word' id='word_1_165' title='bbox 1590 1882 1737 1931; x_wconf 89' lang='lat' dir='ltr'>missa</span> <span class='ocrx_word' id='word_1_166' title='bbox 1780 1882 1934 1941; x_wconf 78' lang='lat' dir='ltr'>finita,</span> 
     </span>
     <span class='ocr_line' id='line_1_20' title="bbox 157 1964 1942 2030; baseline 0 -16"><span class='ocrx_word' id='word_1_167' title='bbox 157 1966 372 2016; x_wconf 79' lang='lat' dir='ltr'>recessit,</span> <span class='ocrx_word' id='word_1_168' title='bbox 404 1965 674 2029; x_wconf 83' lang='lat' dir='ltr'>Equitando</span> <span class='ocrx_word' id='word_1_169' title='bbox 707 1964 795 2012; x_wconf 89' lang='lat' dir='ltr'>fuit</span> <span class='ocrx_word' id='word_1_170' title='bbox 819 1965 1102 2013; x_wconf 90' lang='lat' dir='ltr'>observatus</span> <span class='ocrx_word' id='word_1_171' title='bbox 1135 1965 1257 2014; x_wconf 90' lang='lat' dir='ltr'>ordo</span> <span class='ocrx_word' id='word_1_172' title='bbox 1289 1969 1551 2014; x_wconf 84' lang='lat' dir='ltr'>consuetus</span> <span class='ocrx_word' id='word_1_173' title='bbox 1580 1982 1588 2014; x_wconf 95' lang='lat'><strong>:</strong></span> <span class='ocrx_word' id='word_1_174' title='bbox 1626 1966 1799 2015; x_wconf 88' lang='lat' dir='ltr'>vexilla</span> <span class='ocrx_word' id='word_1_175' title='bbox 1832 1983 1942 2030; x_wconf 91' lang='lat' dir='ltr'>por-</span> 
     </span>
     <span class='ocr_line' id='line_1_21' title="bbox 158 2048 1939 2114; baseline 0 -16"><span class='ocrx_word' id='word_1_176' title='bbox 158 2053 257 2099; x_wconf 77' lang='lat' dir='ltr'>tata</span> <span class='ocrx_word' id='word_1_177' title='bbox 286 2050 486 2098; x_wconf 87' lang='lat' dir='ltr'>fuerunt</span> <span class='ocrx_word' id='word_1_178' title='bbox 517 2065 606 2112; x_wconf 92' lang='lat' dir='ltr'>per</span> <span class='ocrx_word' id='word_1_179' title='bbox 631 2048 740 2096; x_wconf 90' lang='lat' dir='ltr'>illos</span> <span class='ocrx_word' id='word_1_180' title='bbox 777 2048 898 2095; x_wconf 92' lang='lat' dir='ltr'>duos</span> <span class='ocrx_word' id='word_1_181' title='bbox 936 2051 1153 2097; x_wconf 86' lang='lat' dir='ltr'>armatos</span> <span class='ocrx_word' id='word_1_182' title='bbox 1192 2052 1461 2113; x_wconf 85' lang='lat' dir='ltr'>equestres,</span> <span class='ocrx_word' id='word_1_183' title='bbox 1504 2049 1585 2114; x_wconf 92' lang='lat' dir='ltr'>qui</span> <span class='ocrx_word' id='word_1_184' title='bbox 1623 2051 1767 2098; x_wconf 90' lang='lat' dir='ltr'>ambo</span> <span class='ocrx_word' id='word_1_185' title='bbox 1800 2053 1939 2098; x_wconf 83' lang='lat' dir='ltr'>erant</span> 
     </span>
     <span class='ocr_line' id='line_1_22' title="bbox 155 2131 1942 2198; baseline 0.001 -17"><span class='ocrx_word' id='word_1_186' title='bbox 155 2132 353 2198; x_wconf 89' lang='lat' dir='ltr'>Hispani</span> <span class='ocrx_word' id='word_1_187' title='bbox 378 2136 426 2180; x_wconf 85' lang='lat' dir='ltr'>et</span> <span class='ocrx_word' id='word_1_188' title='bbox 456 2133 598 2181; x_wconf 89' lang='lat' dir='ltr'>basse</span> <span class='ocrx_word' id='word_1_189' title='bbox 631 2131 941 2191; x_wconf 85' lang='lat' dir='ltr'>conditionis,</span> <span class='ocrx_word' id='word_1_190' title='bbox 975 2132 1249 2195; x_wconf 87' lang='lat' dir='ltr'>equitantes</span> <span class='ocrx_word' id='word_1_191' title='bbox 1280 2137 1391 2198; x_wconf 89' lang='lat' dir='ltr'>post</span> <span class='ocrx_word' id='word_1_192' title='bbox 1420 2149 1590 2182; x_wconf 90' lang='lat' dir='ltr'>omnes</span> <span class='ocrx_word' id='word_1_193' title='bbox 1621 2138 1864 2193; x_wconf 89' lang='lat' dir='ltr'>oratores,</span> <span class='ocrx_word' id='word_1_194' title='bbox 1895 2137 1942 2182; x_wconf 88' lang='lat' dir='ltr'>et</span> 
     </span>
     <span class='ocr_line' id='line_1_23' title="bbox 154 2216 1942 2283; baseline 0.001 -18"><span class='ocrx_word' id='word_1_195' title='bbox 154 2221 265 2266; x_wconf 87' lang='lat' dir='ltr'>ante</span> <span class='ocrx_word' id='word_1_196' title='bbox 290 2233 373 2265; x_wconf 90' lang='lat' dir='ltr'>eos</span> <span class='ocrx_word' id='word_1_197' title='bbox 397 2219 508 2265; x_wconf 88' lang='lat' dir='ltr'>octo</span> <span class='ocrx_word' id='word_1_198' title='bbox 535 2216 774 2274; x_wconf 86' lang='lat' dir='ltr'>tibicines,</span> <span class='ocrx_word' id='word_1_199' title='bbox 810 2219 922 2264; x_wconf 88' lang='lat' dir='ltr'>ante</span> <span class='ocrx_word' id='word_1_200' title='bbox 954 2216 1180 2265; x_wconf 88' lang='lat' dir='ltr'>tibicines</span> <span class='ocrx_word' id='word_1_201' title='bbox 1211 2220 1421 2281; x_wconf 89' lang='lat' dir='ltr'>quatuor</span> <span class='ocrx_word' id='word_1_202' title='bbox 1446 2218 1732 2277; x_wconf 90' lang='lat' dir='ltr'>tamburini,</span> <span class='ocrx_word' id='word_1_203' title='bbox 1762 2223 1809 2268; x_wconf 89' lang='lat' dir='ltr'>et</span> <span class='ocrx_word' id='word_1_204' title='bbox 1834 2221 1942 2283; x_wconf 89' lang='lat' dir='ltr'>post</span> 
     </span>
     <span class='ocr_line' id='line_1_24' title="bbox 155 2300 1942 2364; baseline 0.001 -16"><span class='ocrx_word' id='word_1_205' title='bbox 155 2300 377 2350; x_wconf 85' lang='lat' dir='ltr'>tibicines</span> <span class='ocrx_word' id='word_1_206' title='bbox 403 2304 503 2349; x_wconf 89' lang='lat' dir='ltr'>tres</span> <span class='ocrx_word' id='word_1_207' title='bbox 526 2300 735 2358; x_wconf 90' lang='lat' dir='ltr'>haraldi,</span> <span class='ocrx_word' id='word_1_208' title='bbox 766 2303 876 2364; x_wconf 88' lang='lat' dir='ltr'>post</span> <span class='ocrx_word' id='word_1_209' title='bbox 900 2300 1134 2348; x_wconf 86' lang='lat' dir='ltr'>haraldos</span> <span class='ocrx_word' id='word_1_210' title='bbox 1161 2301 1424 2350; x_wconf 86' lang='lat' dir='ltr'>servientes</span> <span class='ocrx_word' id='word_1_211' title='bbox 1461 2319 1732 2361; x_wconf 86' lang='lat' dir='ltr'>armorum,</span> <span class='ocrx_word' id='word_1_212' title='bbox 1767 2302 1942 2351; x_wconf 89' lang='lat' dir='ltr'>deinde</span> 
     </span>
     <span class='ocr_line' id='line_1_25' title="bbox 154 2383 1942 2450; baseline 0.001 -19"><span class='ocrx_word' id='word_1_213' title='bbox 154 2400 322 2433; x_wconf 88' lang='lat' dir='ltr'>omnes</span> <span class='ocrx_word' id='word_1_214' title='bbox 354 2384 647 2442; x_wconf 86' lang='lat' dir='ltr'>cardinales,</span> <span class='ocrx_word' id='word_1_215' title='bbox 680 2383 811 2431; x_wconf 86' lang='lat' dir='ltr'>inter</span> <span class='ocrx_word' id='word_1_216' title='bbox 844 2383 1040 2432; x_wconf 78' lang='lat' dir='ltr'>ultImos</span> <span class='ocrx_word' id='word_1_217' title='bbox 1073 2385 1170 2433; x_wconf 86' lang='lat' dir='ltr'>dux</span> <span class='ocrx_word' id='word_1_218' title='bbox 1195 2401 1341 2449; x_wconf 91' lang='lat' dir='ltr'>quem</span> <span class='ocrx_word' id='word_1_219' title='bbox 1374 2387 1708 2450; x_wconf 88' lang='lat' dir='ltr'>sequebantur</span> <span class='ocrx_word' id='word_1_220' title='bbox 1740 2385 1942 2434; x_wconf 84' lang='lat' dir='ltr'>stafferii</span> 
     </span>
     <span class='ocr_line' id='line_1_26' title="bbox 156 2468 1946 2534; baseline 0.001 -18"><span class='ocrx_word' id='word_1_221' title='bbox 156 2469 244 2527; x_wconf 90' lang='lat' dir='ltr'>sui,</span> <span class='ocrx_word' id='word_1_222' title='bbox 273 2473 376 2518; x_wconf 90' lang='lat' dir='ltr'>tum</span> <span class='ocrx_word' id='word_1_223' title='bbox 400 2468 594 2533; x_wconf 87' lang='lat' dir='ltr'>prelati,</span> <span class='ocrx_word' id='word_1_224' title='bbox 626 2471 674 2516; x_wconf 88' lang='lat' dir='ltr'>et</span> <span class='ocrx_word' id='word_1_225' title='bbox 699 2470 868 2533; x_wconf 81' lang='lat' dir='ltr'>gentes</span> <span class='ocrx_word' id='word_1_226' title='bbox 894 2468 1029 2516; x_wconf 92' lang='lat' dir='ltr'>ducis</span> <span class='ocrx_word' id='word_1_227' title='bbox 1061 2469 1163 2517; x_wconf 91' lang='lat' dir='ltr'>sine</span> <span class='ocrx_word' id='word_1_228' title='bbox 1191 2470 1379 2529; x_wconf 78' lang='lat' dir='ltr'>ordine,</span> <span class='ocrx_word' id='word_1_229' title='bbox 1419 2470 1532 2534; x_wconf 89' lang='lat' dir='ltr'>quia</span> <span class='ocrx_word' id='word_1_230' title='bbox 1557 2486 1654 2518; x_wconf 94' lang='lat' dir='ltr'>non</span> <span class='ocrx_word' id='word_1_231' title='bbox 1679 2469 1838 2534; x_wconf 85' lang='lat' dir='ltr'>potuit</span> <span class='ocrx_word' id='word_1_232' title='bbox 1861 2469 1946 2518; x_wconf 89' lang='lat' dir='ltr'>ali-</span> 
     </span>
     <span class='ocr_line' id='line_1_27' title="bbox 158 2550 1944 2622; baseline 0.002 -24"><span class='ocrx_word' id='word_1_233' title='bbox 158 2555 232 2600; x_wconf 88' lang='lat' dir='ltr'>ter</span> <span class='ocrx_word' id='word_1_234' title='bbox 268 2552 394 2599; x_wconf 87' lang='lat' dir='ltr'>fieri.</span> <span class='ocrx_word' id='word_1_235' title='bbox 435 2550 765 2615; x_wconf 87' lang='lat' dir='ltr'>Equitavimus</span> <span class='ocrx_word' id='word_1_236' title='bbox 809 2551 905 2599; x_wconf 85' lang='lat' dir='ltr'>hoc</span> <span class='ocrx_word' id='word_1_237' title='bbox 942 2552 1114 2600; x_wconf 86' lang='lat' dir='ltr'>ordino</span> <span class='ocrx_word' id='word_1_238' title='bbox 1156 2569 1304 2617; x_wconf 85' lang='lat' dir='ltr'>usque</span> <span class='ocrx_word' id='word_1_239' title='bbox 1343 2554 1404 2601; x_wconf 90' lang='lat' dir='ltr'>ad</span> <span class='ocrx_word' id='word_1_240' title='bbox 1443 2554 1644 2622; x_wconf 87' lang='lat' dir='ltr'>domum</span> <span class='ocrx_word' id='word_1_241' title='bbox 1682 2553 1944 2602; x_wconf 89' lang='lat' dir='ltr'>cardinalis</span> 
     </span>
     <span class='ocr_line' id='line_1_28' title="bbox 160 2634 1946 2700; baseline 0.001 -17"><span class='ocrx_word' id='word_1_242' title='bbox 160 2634 453 2693; x_wconf 86' lang='lat' dir='ltr'>Parmensis,</span> <span class='ocrx_word' id='word_1_243' title='bbox 483 2635 532 2682; x_wconf 94' lang='lat' dir='ltr'>in</span> <span class='ocrx_word' id='word_1_244' title='bbox 557 2650 654 2698; x_wconf 90' lang='lat' dir='ltr'>qua</span> <span class='ocrx_word' id='word_1_245' title='bbox 685 2634 781 2681; x_wconf 87' lang='lat' dir='ltr'>dux</span> <span class='ocrx_word' id='word_1_246' title='bbox 805 2637 912 2682; x_wconf 87' lang='lat' dir='ltr'>erat</span> <span class='ocrx_word' id='word_1_247' title='bbox 938 2634 1156 2682; x_wconf 88' lang='lat' dir='ltr'>facturus</span> <span class='ocrx_word' id='word_1_248' title='bbox 1178 2637 1458 2700; x_wconf 88' lang='lat' dir='ltr'>prandium.</span> <span class='ocrx_word' id='word_1_249' title='bbox 1484 2639 1609 2684; x_wconf 88' lang='lat' dir='ltr'>Ante</span> <span class='ocrx_word' id='word_1_250' title='bbox 1636 2635 1813 2684; x_wconf 90' lang='lat' dir='ltr'>ostium</span> <span class='ocrx_word' id='word_1_251' title='bbox 1840 2652 1946 2684; x_wconf 90' lang='lat' dir='ltr'>car-</span> 
     </span>
     <span class='ocr_line' id='line_1_29' title="bbox 158 2716 1946 2784; baseline -0.001 -17"><span class='ocrx_word' id='word_1_252' title='bbox 158 2718 345 2767; x_wconf 90' lang='lat' dir='ltr'>dinales</span> <span class='ocrx_word' id='word_1_253' title='bbox 382 2719 699 2766; x_wconf 88' lang='lat' dir='ltr'>firmaverunt</span> <span class='ocrx_word' id='word_1_254' title='bbox 735 2733 786 2764; x_wconf 91' lang='lat' dir='ltr'>se</span> <span class='ocrx_word' id='word_1_255' title='bbox 828 2716 943 2764; x_wconf 92' lang='lat' dir='ltr'>hinc</span> <span class='ocrx_word' id='word_1_256' title='bbox 978 2717 1108 2776; x_wconf 92' lang='lat' dir='ltr'>inde,</span> <span class='ocrx_word' id='word_1_257' title='bbox 1152 2721 1199 2766; x_wconf 90' lang='lat' dir='ltr'>et</span> <span class='ocrx_word' id='word_1_258' title='bbox 1241 2720 1351 2778; x_wconf 88' lang='lat' dir='ltr'>dux,</span> <span class='ocrx_word' id='word_1_259' title='bbox 1394 2718 1553 2783; x_wconf 88' lang='lat' dir='ltr'>capite</span> <span class='ocrx_word' id='word_1_260' title='bbox 1591 2720 1802 2778; x_wconf 85' lang='lat' dir='ltr'>detecto,</span> <span class='ocrx_word' id='word_1_261' title='bbox 1847 2719 1946 2784; x_wconf 88' lang='lat' dir='ltr'>egit</span> 
     </span>
     <span class='ocr_line' id='line_1_30' title="bbox 160 2801 1945 2866; baseline 0.001 -17"><span class='ocrx_word' id='word_1_262' title='bbox 160 2801 342 2866; x_wconf 83' lang='lat' dir='ltr'>gratias</span> <span class='ocrx_word' id='word_1_263' title='bbox 380 2801 581 2866; x_wconf 90' lang='lat' dir='ltr'>singulis</span> <span class='ocrx_word' id='word_1_264' title='bbox 619 2817 759 2849; x_wconf 90' lang='lat' dir='ltr'>more</span> <span class='ocrx_word' id='word_1_265' title='bbox 802 2804 1053 2849; x_wconf 90' lang='lat' dir='ltr'>consueto.</span> <span class='ocrx_word' id='word_1_266' title='bbox 1094 2803 1309 2850; x_wconf 88' lang='lat' dir='ltr'>Tandem</span> <span class='ocrx_word' id='word_1_267' title='bbox 1345 2803 1491 2851; x_wconf 86' lang='lat' dir='ltr'>vertit</span> <span class='ocrx_word' id='word_1_268' title='bbox 1533 2820 1582 2851; x_wconf 91' lang='lat' dir='ltr'>se</span> <span class='ocrx_word' id='word_1_269' title='bbox 1621 2806 1732 2851; x_wconf 90' lang='lat' dir='ltr'>ante</span> <span class='ocrx_word' id='word_1_270' title='bbox 1769 2802 1945 2851; x_wconf 87' lang='lat' dir='ltr'>ostium</span> 
     </span>
     <span class='ocr_line' id='line_1_31' title="bbox 159 2884 1532 2949; baseline 0.002 -18"><span class='ocrx_word' id='word_1_271' title='bbox 159 2884 286 2933; x_wconf 88' lang='lat' dir='ltr'>dicte</span> <span class='ocrx_word' id='word_1_272' title='bbox 309 2885 483 2934; x_wconf 93' lang='lat' dir='ltr'>domus</span> <span class='ocrx_word' id='word_1_273' title='bbox 509 2884 572 2933; x_wconf 81' lang='lat' dir='ltr'>ad</span> <span class='ocrx_word' id='word_1_274' title='bbox 597 2884 876 2933; x_wconf 88' lang='lat' dir='ltr'>cardinales</span> <span class='ocrx_word' id='word_1_275' title='bbox 901 2886 982 2949; x_wconf 90' lang='lat' dir='ltr'>qui</span> <span class='ocrx_word' id='word_1_276' title='bbox 1008 2889 1319 2935; x_wconf 88' lang='lat' dir='ltr'>recesserunt</span> <span class='ocrx_word' id='word_1_277' title='bbox 1345 2903 1532 2935; x_wconf 90' lang='lat' dir='ltr'>omnes.</span> 
     </span>
    </p>

    <p class='ocr_par' dir='ltr' id='par_1_3' title="bbox 161 2968 1956 3204">
     <span class='ocr_line' id='line_1_32' title="bbox 227 2968 1947 3036; baseline 0.003 -20"><span class='ocrx_word' id='word_1_278' title='bbox 227 2969 372 3017; x_wconf 90' lang='lat' dir='ltr'>Feria</span> <span class='ocrx_word' id='word_1_279' title='bbox 394 2968 605 3033; x_wconf 88' lang='lat' dir='ltr'>sexta(1)</span> <span class='ocrx_word' id='word_1_280' title='bbox 631 2969 814 3017; x_wconf 90' lang='lat' dir='ltr'>mensis</span> <span class='ocrx_word' id='word_1_281' title='bbox 841 2969 1031 3032; x_wconf 89' lang='lat' dir='ltr'>aprilis,</span> <span class='ocrx_word' id='word_1_282' title='bbox 1061 2970 1150 3018; x_wconf 89' lang='lat' dir='ltr'>fuit</span> <span class='ocrx_word' id='word_1_283' title='bbox 1175 2972 1524 3020; x_wconf 89' lang='lat' dir='ltr'>consistorium</span> <span class='ocrx_word' id='word_1_284' title='bbox 1548 2975 1793 3021; x_wconf 85' lang='lat' dir='ltr'>secretum</span> <span class='ocrx_word' id='word_1_285' title='bbox 1818 2970 1947 3036; x_wconf 91' lang='lat' dir='ltr'>quod</span> 
     </span>
     <span class='ocr_line' id='line_1_33' title="bbox 161 3050 1952 3120; baseline 0.002 -20"><span class='ocrx_word' id='word_1_286' title='bbox 161 3050 353 3101; x_wconf 88' lang='lat' dir='ltr'>duravit</span> <span class='ocrx_word' id='word_1_287' title='bbox 377 3056 529 3117; x_wconf 81' lang='lat' dir='ltr'>iisque</span> <span class='ocrx_word' id='word_1_288' title='bbox 554 3057 664 3116; x_wconf 85' lang='lat' dir='ltr'>post</span> <span class='ocrx_word' id='word_1_289' title='bbox 688 3053 861 3101; x_wconf 85' lang='lat' dir='ltr'>horam</span> <span class='ocrx_word' id='word_1_290' title='bbox 886 3053 1174 3118; x_wconf 84' lang='lat' dir='ltr'>vigesimam</span> <span class='ocrx_word' id='word_1_291' title='bbox 1196 3056 1428 3119; x_wconf 90' lang='lat' dir='ltr'>primam,</span> <span class='ocrx_word' id='word_1_292' title='bbox 1450 3056 1501 3104; x_wconf 92' lang='lat' dir='ltr'>in</span> <span class='ocrx_word' id='word_1_293' title='bbox 1524 3073 1620 3120; x_wconf 92' lang='lat' dir='ltr'>quo</span> <span class='ocrx_word' id='word_1_294' title='bbox 1647 3058 1733 3106; x_wconf 89' lang='lat' dir='ltr'>SS.</span> <span class='ocrx_word' id='word_1_295' title='bbox 1755 3059 1812 3105; x_wconf 87' lang='lat' dir='ltr'>D.</span> <span class='ocrx_word' id='word_1_296' title='bbox 1841 3073 1952 3106; x_wconf 91' lang='lat' dir='ltr'>nos-</span> 
     </span>
     <span class='ocr_line' id='line_1_34' title="bbox 162 3137 1956 3204; baseline 0.003 -22"><span class='ocrx_word' id='word_1_297' title='bbox 162 3138 237 3183; x_wconf 88' lang='lat' dir='ltr'>ter</span> <span class='ocrx_word' id='word_1_298' title='bbox 262 3152 351 3199; x_wconf 92' lang='lat' dir='ltr'>per</span> <span class='ocrx_word' id='word_1_299' title='bbox 383 3153 521 3185; x_wconf 88' lang='lat' dir='ltr'>suam</span> <span class='ocrx_word' id='word_1_300' title='bbox 552 3137 847 3184; x_wconf 88' lang='lat' dir='ltr'>sententiam</span> <span class='ocrx_word' id='word_1_301' title='bbox 877 3137 923 3183; x_wconf 87' lang='lat' dir='ltr'>in</span> <span class='ocrx_word' id='word_1_302' title='bbox 950 3138 1149 3201; x_wconf 86' lang='lat' dir='ltr'>scriptis</span> <span class='ocrx_word' id='word_1_303' title='bbox 1177 3139 1516 3202; x_wconf 88' lang='lat' dir='ltr'>pronuntiavit</span> <span class='ocrx_word' id='word_1_304' title='bbox 1545 3143 1830 3204; x_wconf 88' lang='lat' dir='ltr'>pretensum</span> <span class='ocrx_word' id='word_1_305' title='bbox 1856 3157 1956 3188; x_wconf 89' lang='lat' dir='ltr'>ma-</span> 
     </span>
    </p>
   </div>
   <div class='ocr_carea' id='block_1_3' title="bbox 166 3303 1949 3420">
    <p class='ocr_par' dir='ltr' id='par_1_4' title="bbox 166 3303 1949 3420">
     <span class='ocr_line' id='line_1_35' title="bbox 215 3303 1949 3359; baseline 0.002 -16"><span class='ocrx_word' id='word_1_306' title='bbox 215 3303 248 3344; x_wconf 85' lang='lat'>1.</span> <span class='ocrx_word' id='word_1_307' title='bbox 275 3307 306 3343; x_wconf 88' lang='lat' dir='ltr'>A</span> <span class='ocrx_word' id='word_1_308' title='bbox 324 3308 435 3355; x_wconf 82' lang='lat' dir='ltr'>partit·</span> <span class='ocrx_word' id='word_1_309' title='bbox 455 3308 500 3345; x_wconf 85' lang='lat' dir='ltr'>de</span> <span class='ocrx_word' id='word_1_310' title='bbox 513 3312 607 3346; x_wconf 82' lang='lat' dir='ltr'>cette</span> <span class='ocrx_word' id='word_1_311' title='bbox 628 3308 726 3354; x_wconf 83' lang='lat' dir='ltr'>date,</span> <span class='ocrx_word' id='word_1_312' title='bbox 746 3308 799 3344; x_wconf 87' lang='lat' dir='ltr'>les</span> <span class='ocrx_word' id='word_1_313' title='bbox 817 3308 1066 3357; x_wconf 79' lang='lat' dir='ltr'>paragraphes</span> <span class='ocrx_word' id='word_1_314' title='bbox 1080 3314 1164 3347; x_wconf 86' lang='lat' dir='ltr'>sont</span> <span class='ocrx_word' id='word_1_315' title='bbox 1179 3312 1355 3359; x_wconf 76' lang='lat' dir='ltr'>precedes</span> <span class='ocrx_word' id='word_1_316' title='bbox 1369 3311 1456 3348; x_wconf 89' lang='lat' dir='ltr'>d’un</span> <span class='ocrx_word' id='word_1_317' title='bbox 1469 3312 1555 3349; x_wconf 82' lang='lat' dir='ltr'>titre</span> <span class='ocrx_word' id='word_1_318' title='bbox 1571 3311 1663 3348; x_wconf 89' lang='lat' dir='ltr'>dans</span> <span class='ocrx_word' id='word_1_319' title='bbox 1684 3316 1768 3349; x_wconf 82' lang='lat' dir='ltr'>tous</span> <span class='ocrx_word' id='word_1_320' title='bbox 1783 3312 1836 3348; x_wconf 85' lang='lat' dir='ltr'>les</span> <span class='ocrx_word' id='word_1_321' title='bbox 1858 3324 1949 3347; x_wconf 87' lang='lat' dir='ltr'>mss.</span> 
     </span>
     <span class='ocr_line' id='line_1_36' title="bbox 166 3363 1946 3420; baseline 0.004 -21"><span class='ocrx_word' id='word_1_322' title='bbox 166 3364 249 3400; x_wconf 76' lang='lat' dir='ltr'>saus</span> <span class='ocrx_word' id='word_1_323' title='bbox 272 3364 304 3401; x_wconf 86' lang='lat' dir='ltr'>le</span> <span class='ocrx_word' id='word_1_324' title='bbox 332 3363 462 3404; x_wconf 83' lang='lat'>11909.</span> <span class='ocrx_word' id='word_1_325' title='bbox 483 3367 778 3417; x_wconf 78' lang='lat' dir='ltr'>L&#39;interpolation</span> <span class='ocrx_word' id='word_1_326' title='bbox 799 3367 843 3404; x_wconf 88' lang='lat' dir='ltr'>de</span> <span class='ocrx_word' id='word_1_327' title='bbox 864 3379 925 3404; x_wconf 85' lang='lat' dir='ltr'>ces</span> <span class='ocrx_word' id='word_1_328' title='bbox 952 3372 1058 3405; x_wconf 87' lang='lat' dir='ltr'>notes</span> <span class='ocrx_word' id='word_1_329' title='bbox 1078 3370 1298 3419; x_wconf 82' lang='lat' dir='ltr'>marginales</span> <span class='ocrx_word' id='word_1_330' title='bbox 1321 3371 1414 3408; x_wconf 86' lang='lat' dir='ltr'>dans</span> <span class='ocrx_word' id='word_1_331' title='bbox 1440 3372 1471 3408; x_wconf 95' lang='grc' dir='ltr'>Ι6</span> <span class='ocrx_word' id='word_1_332' title='bbox 1496 3383 1601 3420; x_wconf 82' lang='lat' dir='ltr'>corps</span> <span class='ocrx_word' id='word_1_333' title='bbox 1628 3372 1678 3407; x_wconf 91' lang='lat' dir='ltr'>du</span> <span class='ocrx_word' id='word_1_334' title='bbox 1705 3375 1803 3407; x_wconf 83' lang='lat' dir='ltr'>texte</span> <span class='ocrx_word' id='word_1_335' title='bbox 1831 3374 1887 3407; x_wconf 87' lang='lat' dir='ltr'>est</span> <span class='ocrx_word' id='word_1_336' title='bbox 1913 3370 1946 3406; x_wconf 89' lang='lat' dir='ltr'>le</span> 
     </span>
    </p>
   </div>
   <div class='ocr_carea' id='block_1_4' title="bbox 162 3423 1950 3531">
    <p class='ocr_par' dir='ltr' id='par_1_5' title="bbox 162 3423 1950 3531">
     <span class='ocr_line' id='line_1_37' title="bbox 162 3423 1950 3479; baseline 0.003 -20"><span class='ocrx_word' id='word_1_337' title='bbox 162 3423 228 3460; x_wconf 81' lang='lat' dir='ltr'>fait</span> <span class='ocrx_word' id='word_1_338' title='bbox 247 3423 296 3459; x_wconf 91' lang='lat' dir='ltr'>du</span> <span class='ocrx_word' id='word_1_339' title='bbox 319 3424 471 3472; x_wconf 84' lang='lat' dir='ltr'>copiste,</span> <span class='ocrx_word' id='word_1_340' title='bbox 490 3426 591 3463; x_wconf 87' lang='lat' dir='ltr'>aussi</span> <span class='ocrx_word' id='word_1_341' title='bbox 611 3426 781 3464; x_wconf 85' lang='lat' dir='ltr'>ont-elles</span> <span class='ocrx_word' id='word_1_342' title='bbox 803 3429 859 3464; x_wconf 85' lang='lat' dir='ltr'>ete</span> <span class='ocrx_word' id='word_1_343' title='bbox 880 3427 1121 3476; x_wconf 80' lang='lat' dir='ltr'>supprimees.</span> <span class='ocrx_word' id='word_1_344' title='bbox 1137 3431 1165 3466; x_wconf 82' lang='lat' dir='ltr'><strong>A</strong></span> <span class='ocrx_word' id='word_1_345' title='bbox 1181 3430 1295 3479; x_wconf 80' lang='lat' dir='ltr'>partit·</span> <span class='ocrx_word' id='word_1_346' title='bbox 1317 3431 1361 3468; x_wconf 83' lang='lat' dir='ltr'>de</span> <span class='ocrx_word' id='word_1_347' title='bbox 1383 3431 1523 3468; x_wconf 80' lang='lat' dir='ltr'>l&#39;annee</span> <span class='ocrx_word' id='word_1_348' title='bbox 1550 3432 1649 3475; x_wconf 73' lang='lat'>1502,</span> <span class='ocrx_word' id='word_1_349' title='bbox 1667 3430 1718 3466; x_wconf 83' lang='lat' dir='ltr'>les</span> <span class='ocrx_word' id='word_1_350' title='bbox 1740 3430 1842 3466; x_wconf 80' lang='lat' dir='ltr'>titres</span> <span class='ocrx_word' id='word_1_351' title='bbox 1862 3433 1950 3466; x_wconf 78' lang='lat' dir='ltr'>sont</span> 
     </span>
     <span class='ocr_line' id='line_1_38' title="bbox 168 3482 773 3531; baseline 0.002 -12"><span class='ocrx_word' id='word_1_352' title='bbox 168 3482 374 3531; x_wconf 76' lang='lat' dir='ltr'>supprimes</span> <span class='ocrx_word' id='word_1_353' title='bbox 391 3483 482 3521; x_wconf 83' lang='lat' dir='ltr'>dans</span> <span class='ocrx_word' id='word_1_354' title='bbox 501 3490 585 3522; x_wconf 79' lang='lat' dir='ltr'>tous</span> <span class='ocrx_word' id='word_1_355' title='bbox 611 3486 663 3523; x_wconf 87' lang='lat' dir='ltr'>les</span> <span class='ocrx_word' id='word_1_356' title='bbox 684 3498 773 3522; x_wconf 86' lang='lat' dir='ltr'>mss.</span> 
     </span>
    </p>
   </div>
  </div>
 </body>
</html>
