2228 3938
173 369 310 410 [Juinet
331 368 423 412 1502}
617 368 786 406 RERUM
821 365 1122 404 URBANARUM
1154 365 1501 404 COMMENTARII.
1884 368 1951 402 211

171 472 400 521 laudabili
426 474 474 520 et
500 471 724 536 religiosa
741 470 838 518 vita
860 469 1034 517 fratres
1055 469 1169 517 dicti
1195 473 1459 518 conventus
1485 469 1957 533 testabantur'pluri:

172 571 305 604 mum
329 572 339 615 ;
370 558 417 603 et
438 557 710 603 asserentes
734 569 845 602 eum
871 554 1088 610 beatum,
1117 556 1389 617 posuerunt
1413 569 1524 601 eum
1552 570 1697 618 super
1717 554 1954 602 feretrum

171 641 481 688 mortuorum
502 638 551 686 in
574 637 744 686 habitu
765 646 854 685 suo
875 638 986 684 ante
1009 636 1160 684 altare
1185 637 1343 701 majus
1372 637 1576 685 ecclesie
1601 637 1718 685 dicti
1744 652 1954 691 conven-

171 726 248 771 tus
271 723 320 771 in
351 738 446 786 quo
474 722 671 787 jacebat
691 723 822 770 totus
846 724 1103 778 extensus3
1131 721 1217 768 sed
1240 723 1404 769 tamen
1424 736 1535 769 cum
1562 721 1752 780 viveret,
1780 721 1954 782 ambu-

169 807 303 855 labat
333 806 480 855 dorso
513 809 562 853 et
591 805 729 852 valde
763 803 1081 869 curvatus(1).
1112 804 1254 852 Stetit
1290 805 1339 852 in
1371 805 1480 852 loco
1518 804 1755 868 predicto,
1783 805 1953 852 diebus

169 890 284 938 lune
310 893 358 938 et
389 889 562 938 martis
588 888 902 952 sequentibus
930 904 1082 951 usque
1111 887 1172 935 ad
1199 888 1374 936 horam
1396 904 1716 952 vesperarum
1740 904 1836 951 qua
1868 887 1956 935 fuit

169 973 353 1036 positus
379 989 525 1037 super
550 972 702 1020 altare
728 971 1004 1036 predictum
1026 986 1138 1019 cum
1162 971 1361 1019 feretro.
1389 971 1630 1019 Maximus
1651 971 1740 1018 fuit
1760 971 1821 1018 ad
1843 986 1954 1018 eum

169 1052 333 1121 populi
374 1072 640 1106 concursus
677 1058 726 1104 et
771 1055 982 1104 maxima
1016 1071 1251 1119 pressura
1292 1055 1547 1118 gentium:
1593 1054 1733 1102 multi
1774 1053 1955 1101 fratres

169 1140 364 1188 stabant
390 1140 530 1205 juxta
566 1155 678 1188 eum
709 1154 854 1203 super
882 1141 931 1187 et
962 1139 1102 1203 juxta
1134 1139 1288 1187 altare
1322 1138 1639 1187 defendentes
1671 1152 1954 1202 pressuram

166 1237 227 1271 ne
250 1239 375 1271 unus
400 1223 548 1271 alium
575 1222 916 1287 supprimeret.
945 1225 1046 1286 Ego
1071 1222 1219 1270 etiam
1242 1222 1338 1270 vidi
1365 1238 1506 1281 eum3
1535 1221 1741 1285 pulcher
1771 1224 1876 1268 erat
1907 1223 1955 1268 ct

166 1321 265 1353 non
290 1306 486 1355 fetebat.
513 1306 666 1354 Multa
690 1305 976 1354 dicebantur
1001 1322 1090 1369 per
1121 1321 1233 1354 eum
1267 1305 1504 1372 miracula
1535 1306 1663 1354 facta
1686 1305 1743 1353 de
1770 1303 1955 1352 claudis

165 1392 215 1437 et
251 1389 358 1438 aliis
391 1389 598 1437 infirmis
637 1389 831 1438 sanitati
868 1389 1137 1449 restitutis;
1178 1404 1270 1453 ego
1303 1392 1468 1438 tamen
1504 1389 1627 1437 nihil
1663 1387 1800 1453 potui
1838 1404 1953 1435 vere

166 1473 443 1537 concipere.
472 1474 556 1522 SS.
582 1475 639 1521 D.
667 1476 855 1532 noster,
882 1489 986 1521 rem
1010 1473 1303 1537 intelligens,
1332 1473 1580 1522 mandavit
1605 1488 1716 1520 eum
1738 1472 1788 1519 in
1810 1474 1954 1520 nocte

165 1556 350 1606 dictum
373 1557 503 1606 diem
527 1557 701 1605 martis
734 1561 1020 1620 sequentem
1053 1557 1279 1620 sepeliri;
1306 1558 1437 1621 quod
1471 1558 1520 1605 in
1550 1556 1797 1621 presentia
1827 1555 1955 1604 bari-

166 1640 281 1703 gelli
308 1640 449 1688 Urbis
471 1641 653 1688 factum
679 1643 770 1687 est.

232 1723 375 1772 Feria
409 1729 597 1787 quarta,
646 1727 673 1771 6
710 1723 916 1787 predicti
955 1723 1136 1771 mensis
1165 1723 1289 1787 julii,
1324 1723 1374 1771 in
1406 1739 1568 1783 mane,
1611 1723 1745 1772 circa
1776 1723 1951 1772 horam

169 1805 527 1866 duodecimam,
563 1806 748 1870 positus
772 1806 862 1854 fuit
891 1823 1037 1871 super
1069 1806 1251 1854 scalam
1281 1806 1493 1871 ligneam
1525 1807 1839 1871 appodiatam
1873 1823 1954 1855 co-

165 1889 332 1939 lumne
353 1890 707 1939 benedictionis
730 1889 778 1938 in
801 1890 909 1938 loco
941 1890 1182 1939 scalarum
1204 1907 1243 1938 s.
1278 1891 1405 1938 Petri
1436 1895 1547 1939 ante
1568 1891 1732 1939 locum
1755 1891 1954 1939 audien-

166 1973 248 2033 tie,
277 1974 498 2023 mitratus
533 1974 876 2038 Hieronymus,
915 1974 1120 2023 clericus
1154 1974 1434 2022 Basiliensis
1469 1974 1677 2023 diecesis
1716 1975 1797 2037 qui
1834 1990 1951 2023 con-

166 2057 322 2107 fessus
354 2057 446 2106 fuit
476 2073 526 2106 se
558 2057 783 2105 undecim
816 2057 1196 2122 supplicationes
1221 2058 1309 2106 sub
1339 2058 1538 2107 nomine
1563 2058 1885 2107 cardinalium
1906 2075 1945 2106 s.

163 2141 396 2190 Praxedis
442 2145 489 2190 et
530 2140 848 2190 Alexandrini
893 2141 1109 2206 signasse
1149 2146 1197 2190 et
1235 2142 1443 2202 datasse,
1486 2159 1514 2190 a
1550 2145 1691 2206 tergo
1732 2142 1949 2206 posuisse

167 2226 194 2268 «v
211 2225 464 2289 reyistrata
487 2245 510 2269 »
540 2227 712 2289 etsquo
737 2224 863 2273 libro
891 2230 939 2273 et
961 2225 1075 2274 folio
1098 2241 1190 2289 pro
1225 2225 1564 2289 promovendis
1590 2225 1651 2274 ad
1675 2242 1841 2274 sacros
1866 2242 1948 2274 or-

161 2306 318 2367 dines,
349 2310 398 2356 et
417 2308 466 2356 in
492 2308 561 2356 eis
581 2323 763 2357 nomen
788 2308 955 2357 clerici
985 2324 1180 2357 camere
1207 2308 1491 2373 apposuisse
1520 2324 1575 2357 ac
1603 2309 1642 2356 si
1667 2312 1830 2357 essent
1858 2325 1947 2372 per

162 2407 275 2440 eum
298 2391 360 2440 ad
380 2391 574 2441 ordines
594 2391 728 2456 ipsos
749 2391 948 2441 admissi
969 2395 1115 2456 prout
1132 2393 1326 2441 auditor
1347 2408 1558 2452 camere,
1586 2392 1758 2441 eodem
1782 2408 1943 2451 mane,

162 2473 282 2523 mihi
317 2479 364 2523 et
387 2475 552 2523 multis
582 2475 686 2524 aliis
718 2475 900 2524 retulit.
936 2476 1124 2524 Positus
1154 2476 1243 2524 fuit
1271 2477 1331 2524 ad
1363 2476 1511 2540 pedes
1541 2477 1663 2541 ejus,
1694 2476 1742 2524 in
1776 2476 1947 2524 eadem

162 2557 368 2623 capella,
399 2558 594 2622 quidam
615 2558 735 2606 alius
757 2560 987 2618 rusticus,
1007 2560 1146 2608 testis
1171 2559 1319 2607 falsus
1341 2560 1487 2608 etiam
1511 2561 1757 2620 mitratus,
1786 2563 1834 2609 et
1856 2566 1950 2608 ste-

163 2644 328 2690 terunt
362 2657 513 2706 usque
551 2641 611 2689 ad
646 2641 793 2689 finem
830 2643 1107 2692 consistorii
1144 2646 1192 2691 et
1222 2633 1497 2702 audientie,
1532 2643 1661 2706 quod
1694 2643 1780 2691 fuit
1812 2642 1946 2691 horis

161 2725 371 2789 quinque
395 2725 470 2774 vel
495 2725 645 2773 circa.

227 2809 365 2866 Feria
378 2813 530 2869 sexta,
547 2812 574 2858 8
591 2809 772 2858 mensis
787 2809 915 2874 julii,
929 2809 1215 2858 nunciatum
1234 2814 1307 2858 est
1323 2812 1453 2873 Pape
1472 2809 1775 2860 Vitellotium
1792 2808 1948 2870 Vitel—

159 2891 280 2941 lium
313 2892 372 2941 de
404 2893 603 2943 Civitate
633 2894 846 2954 Castelli,
872 2893 1081 2958 burgum
1112 2910 1151 2941 s.
1187 2893 1459 2958 Sepulchri,
1486 2893 1719 2958 oppidum
1753 2893 1948 2941 Floren-

162 2976 388 3036 tinorum,
408 2976 604 3026 nomine
633 2977 769 3025 ducis
790 2977 1152 3027 Valentinensis
1178 2993 1447 3042 occupasse
1466 2980 1514 3025 et
1529 2976 1838 3041 acquisivisse
1854 2975 1938 3040 (2).

211 3138 242 3175 1.
271 3137 504 3175 Phenomene
524 3137 807 3187 physiologique
830 3137 917 3175 bien
937 3149 1071 3175 connu.
1095 3138 1151 3175 On
1174 3137 1244 3176 sait
1263 3138 1432 3187 qu’apres
1452 3138 1488 3176 la
1511 3143 1616 3184 mort,
1637 3137 1671 3176 la
1691 3135 1875 3175 deviation
1896 3137 1940 3173 de

160 3196 290 3245 l'epine
310 3197 454 3235 dorsale
473 3210 520 3236 ou
535 3198 586 3235 du
606 3202 770 3236 sternum
789 3197 969 3247 disparuit
987 3202 1025 3235 et
1047 3210 1117 3246 que
1137 3198 1169 3235 le
1190 3210 1297 3246 corps
1318 3198 1506 3235 redevient
1525 3197 1632 3236 droit.

206 3256 242 3292 2.
271 3271 290 3290 «
310 3257 503 3295 Vitellozzo
523 3258 572 3294 ha
597 3269 705 3306 preso
726 3258 849 3306 Borgo
869 3258 946 3295 San
974 3257 1175 3306 Sepolchro
1196 3258 1240 3294 ed
1260 3257 1341 3294 altri
1361 3256 1500 3294 castelli
1523 3269 1530 3294 :
1551 3258 1604 3294 cio
1636 3257 1856 3306 proverebbe
1876 3258 1942 3293 che

161 3315 316 3351 Francia
336 3327 407 3353 non
423 3319 456 3361 e,
478 3328 580 3354 come
594 3316 766 3363 dicevasi,
789 3316 1067 3354 inclinatissima
1082 3320 1103 3353 a
1124 3317 1283 3354 Firenze.
1307 3317 1445 3361 Questa
1465 3321 1484 3354 e
1500 3317 1538 3354 in
1558 3318 1725 3363 tumulto,
1748 3329 1766 3354 e
1787 3318 1820 3354 v’
1839 3320 1858 3353 e
1882 3315 1940 3352 chi

159 3375 243 3412 vuol
262 3374 424 3413 rimetter
440 3376 451 3412 i
471 3377 623 3414 Medice.
644 3377 708 3415 Cio
721 3389 792 3414 non
810 3376 913 3425 piace
933 3377 965 3413 al
983 3379 1098 3425 Papa,
1114 3377 1246 3425 perche
1266 3378 1277 3413 i
1297 3377 1430 3415 Medici
1453 3389 1519 3414 son
1538 3376 1679 3426 parenti
1693 3375 1790 3424 degli
1806 3375 1942 3422 Orsini,

160 3435 227 3471 che
246 3446 286 3471 se
313 3446 359 3471 ne
387 3437 770 3485 avvantaggerebbero
799 3449 818 3474 e
838 3436 869 3474 si
889 3437 1077 3474 farebbero
1098 3437 1193 3475 forti.
1223 3437 1350 3474 Percio
1372 3442 1473 3474 tenta
1493 3436 1528 3473 di
1548 3440 1678 3473 metter
1708 3435 1742 3471 in
1773 3438 1938 3483 sospetto

159 3495 193 3532 ai
213 3493 411 3531 Veneziani
426 3493 596 3532 lacalata
615 3495 674 3532 del
694 3497 748 3533 Re
767 3496 804 3532 in
825 3495 940 3533 Italia.
964 3511 982 3530 »
1005 3495 1242 3542 Giustiniani,
1265 3500 1291 3533 t.
1315 3498 1343 3541 I,
1365 3508 1402 3544 p.
1420 3497 1480 3533 50.
