2228 3938
279 381 347 417 166
726 404 731 406 —
884 350 1133 420 JOHANNIS⁴
1150 382 1444 429 BURCHARDI,
1777 383 1939 426 [octobre
1959 385 1996 416 15
2007 385 2025 415 ὓ
2037 385 2051 416 1

280 487 356 532 tus
388 485 500 533 fecit
540 485 814 534 orationem
854 485 1147 534 inductivam
1172 487 1233 534 ad
1259 486 1575 535 concordiam
1611 487 1658 533 et
1691 485 2049 549 expeditionem

279 571 452 615 contra
487 571 684 617 TurcaS.
727 568 984 616 Presidens
1018 570 1311 632 parlamenti
1346 568 1648 627 Parisiensis,
1682 568 1763 631 qui
1789 571 1903 615 tunc
1942 584 2052 616 cum

278 651 670 714 Rothomagense
718 655 842 710 erat,
885 652 1137 715 respondit
1179 654 1357 717 legato.
1399 653 1580 700 Deinde
1617 651 1698 698 diu
1739 651 1895 714 'locuti
1941 655 2052 699 sunt

277 734 419 782 simul
466 751 553 782 rex
600 738 648 782 et
701 735 979 782 cardinalis,
1030 737 1244 784 Tandem
1293 737 1533 783 intrarunt
1587 750 1829 782 cameram
1876 750 1963 782 rex
2004 738 2051 782 et

278 818 708 881 Rothomagensis3
750 821 797 865 et
833 818 912 866 alii
951 818 1115 866 dicunt
1150 820 1278 882 quod
1315 835 1425 866 cum
1465 819 1533 866 eis
1571 820 1737 865 orator
1778 816 1906 880 regis
1944 817 2051 865 His-

275 900 434 963 panie,
463 901 522 948 de
548 916 643 963 quo
670 904 834 948 tamen
862 901 1120 949 cardinalis
1145 903 1406 950 Gurcensis
1431 902 1552 949 nihil
1580 901 1765 948 scribit.

339 986 396 1031 Et
422 983 620 1032 fuerunt
645 985 787 1032 simul
803 985 939 1033 horis
962 989 1170 1048 quatuor
1193 986 1266 1033 vel
1293 986 1441 1039 circa,
1473 991 1518 1033 et
1542 986 1668 1032 inter
1695 1000 1746 1032 se
1768 988 1816 1032 et
1838 985 2050 1048 propriis

276 1067 498 1115 manibus
534 1068 838 1131 scripserunt
872 1072 920 1116 et
947 1056 1329 1132 composuerunt
1363 1069 1591 1132 capitula,
1622 1072 1670 1116 et
1705 1068 2050 1116 concluserunt

276 1151 590 1199 concordiam
627 1155 675 1199 et
708 1167 896 1215 pacem,
933 1155 980 1199 et
1020 1153 1146 1215 quod
1194 1152 1427 1200 deberent
1468 1152 1515 1199 111
1550 1152 1673 1199 festo
1713 1168 1750 1200 5.
1792 1152 2049 1200 Catharine

274 1234 497 1297 proxime
536 1237 741 1282 venturo
768 1235 1027 1282 convenire
1066 1235 1405 1283 Francforthie
1440 1251 1550 1283 cum
1575 1239 1907 1283 Romanorum
1933 1251 2049 1299 rege

274 1317 518 1365 electores
543 1317 753 1381 imperii,
785 1321 832 1365 et
863 1318 1060 1365 nomine
1089 1318 1218 1381 regis
1251 1320 1552 1366 Francorum
1578 1318 1838 1366 cardinalis
1872 1319 2053 1366 Rotho-

276 1400 519 1464 magensis
548 1416 659 1447 cum
700 1401 1022 1464 promissione
1052 1404 1099 1448 et
1138 1401 1462 1449 ratificatione
1495 1401 1777 1464 hujusmodi
1814 1401 2051 1464 capitulo-

274 1499 383 1531 rum
408 1484 540 1547 pacis
566 1487 612 1530 et
638 1484 900 1531 concordie
920 1499 979 1531 ex
995 1484 1336 1531 Francforthia
1361 1484 1598 1532 deberent
1612 1484 1684 1531 ire
1704 1486 1856 1532 Metas
1880 1487 2051 1532 Roma-

275 1582 451 1614 norum
472 1582 559 1613 rex
583 1582 692 1614 cum
718 1566 965 1614 cardinale
989 1566 1383 1629 Rothomagense
1406 1570 1453 1614 et
1478 1567 1772 1615 electoribus
1794 1567 2046 1630 predictiS‚

275 1654 322 1697 et
346 1649 606 1698 convenire
632 1665 741 1698 cum
771 1665 887 1713 rege
920 1651 1237 1709 Francorum,
1267 1653 1313 1697 et
1338 1666 1387 1696 se
1412 1652 1582 1697 mutuo
1607 1650 1891 1713 amplexari,
1917 1650 2053 1697 deos-

275 1733 428 1780 culari
455 1736 500 1780 et
513 1733 687 1797 jurare
713 1732 839 1780 inter
865 1749 914 1779 se
946 1735 1234 1795 perpetuam
1268 1748 1468 1796 pacem;
1499 1737 1546 1780 et
1579 1736 1695 1780 tunc
1721 1736 2051 1780 Romanorum

277 1832 366 1863 rex
403 1816 584 1863 ibidem
621 1816 844 1880 recipere
879 1831 1077 1864 crucem
1109 1819 1283 1864 contra
1313 1819 1512 1875 Turcas,
1545 1819 1593 1863 et
1630 1832 1711 1863 rex
1750 1818 2052 1864 Francorum

276 1901 393 1948 dare
431 1900 536 1963 regi
575 1903 910 1948 Romanorum
954 1901 1281 1963 patrocinium
1325 1901 1374 1947 in
1418 1916 1586 1948 omnes
1624 1902 1793 1963 gentes
1835 1915 1969 1958 suas3
2007 1902 2054 1947 et

274 1983 403 2030 idem
429 1986 762 2030 Romanorum
787 1999 870 2030 rex
902 1983 1068 2031 venire
1100 1987 1302 2031 Romam
1336 1999 1425 2046 pro
1454 1998 1654 2041 corona,
1691 1986 1739 2029 et
1777 1983 1888 2029 inde
1927 1982 2054 2029 arri-

276 2081 393 2130 pere
419 2065 512 2113 iter
536 2068 707 2113 contra
731 2068 929 2113 TurcaS.
965 2068 1022 2113 Et
1041 2066 1116 2113 his
1140 2066 1206 2114 sic
1229 2066 1487 2124 conclusis,
1511 2065 1773 2113 Gurcensis
1794 2064 2054 2112 cardinalis

276 2147 406 2195 misit
440 2148 660 2195 nuntium
701 2149 761 2195 ad
801 2149 983 2196 Urbem
1023 2150 1103 2212 qui
1146 2150 1257 2196 illuc
1300 2148 1429 2196 venit
1464 2148 1587 2211 jovis
1622 2151 1674 2194 21
1720 2147 1835 2194 dicti
1874 2147 2053 2194 mensis

278 2231 493 2279 octobris
530 2246 641 2278 cum
667 2231 845 2279 litteris
878 2232 1101 2295 predicta
1123 2231 1528 2294 significantibus.
1572 2229 1838 2279 Cardinalis
1870 2230 2054 2277 Rotho-

276 2315 521 2377 magensis
567 2315 767 2362 recessit
808 2331 865 2362 ex
908 2315 1152 2373 Tridento,
1201 2315 1278 2362 die
1318 2318 1376 2361 29
1422 2314 1658 2378 ejusdem,
1699 2313 1949 2360 rediturus
1992 2313 2052 2360 ad

278 2413 443 2460 regem
469 2397 673 2445 Francie
697 2414 786 2461 per
802 2402 965 2461 postas
990 2398 1389 2446 caballariorum.

343 2481 483 2527 Feria
532 2481 765 2539 secunda,
807 2485 864 2529 25
903 2481 1085 2528 mensis
1123 2481 1340 2528 octobris
1377 2479 1603 2543 predicti,
1643 2478 1934 2541 inceperunt
1966 2492 2055 2541 per

278 2564 455 2612 Urbem
481 2564 553 2611 ire
588 2564 881 2612 mascherati
917 2567 964 2612 et
989 2565 1210 2627 equitare
1235 2564 1284 2611 in
1308 2579 1487 2626 magna
1517 2562 1801 2625 quantitate,
1830 2564 1878 2608 et
1903 2561 2056 2609 conti-

278 2650 491 2696 nuarunt
507 2647 682 2694 deinde
709 2663 860 2710 usque
885 2648 945 2694 ad
970 2647 1414 2711 quadragesimam.
1474 2663 1477 2666 ’

340 2730 478 2779 Feria
498 2733 687 2793 quarta,
716 2733 773 2777 27
802 2731 1021 2794 ejusdem
1044 2730 1224 2778 mensis
1248 2729 1480 2787 octobris,
1511 2728 1629 2775 obiit
1655 2730 1709 2775 D.
1732 2729 1904 2774 Petrus
1931 2728 2055 2773 Pau-

279 2816 352 2861 lus
377 2814 435 2861 de
457 2814 635 2871 Bossis‚
666 2813 815 2861 abbas
842 2799 1126 2862 monasterii
1151 2830 1188 2861 5.
1219 2812 1489 2861 Sebastiani
1525 2810 1708 2858 ordinis
1728 2808 2056 2857 Cisterciensis

282 2901 415 2945 extra
438 2913 603 2945 muros
642 2897 797 2955 Urbis,
825 2897 1028 2944 sacrista
1053 2897 1238 2960 capelle
1275 2898 1358 2944 SS.
1393 2897 1454 2942 D.
1496 2896 1552 2941 N.
1582 2896 1711 2955 Pape
1737 2892 1785 2939 in
1806 2906 1967 2950 mane,
1996 2891 2056 2938 ad

282 2981 400 3027 duas
422 2981 570 3027 horas
598 2984 709 3028 ante
734 2980 881 3038 diem,
909 2980 957 3027 in
981 2979 1189 3028 cameris
1218 2975 1332 3037 suis,
1370 2978 1417 3024 in
1442 2975 1662 3024 sacristia
1689 2974 1816 3022 dicte
1841 2974 2052 3037 capelle;

283 3067 329 3111 et.
369 3063 459 3110 fuit
503 3066 702 3126 paratus
749 3063 971 3110 omnibus
1014 3062 1311 3126 paramentis
1362 3058 1720 3124 pontificalibus
1760 3073 1787 3105 a
1830 3056 2059 3104 sandaliis

284 3162 436 3209 usque
457 3146 517 3192 ad
538 3145 733 3193 mitram
755 3146 989 3193 inclusive
1009 3162 1037 3193 a
1060 3146 1175 3203 suis,
1200 3150 1246 3193 et
1270 3147 1381 3208 post
1408 3144 1582 3191 horam
1610 3155 1921 3204 vesperarum
1944 3155 2060 3203 por-

287 3233 412 3277 tatus
431 3229 489 3276 de
514 3228 645 3275 dicta
660 3228 849 3291 capella
868 3244 956 3290 per
976 3228 1136 3276 aulam
1156 3227 1321 3291 palatii
1349 3231 1396 3274 et
1411 3224 1727 3289 principalem
1747 3223 1850 3287 ejus
1867 3227 2060 3286 portam

286 3313 552 3360 associatus
576 3311 635 3359 ab
663 3312 842 3375 aliquot
868 3311 1069 3375 prelatis
1092 3314 1139 3358 et
1161 3309 1463 3358 fraternitate
1480 3325 1518 3355 s.
1537 3307 1780 3355 Ambrosii
1801 3309 1936 3354 extra
1950 3321 2062 3370 por-

286 3400 381 3443 tam
409 3395 559 3453 Urbis,
585 3394 696 3442 inde
726 3394 786 3442 ad
813 3410 849 3441 s.
879 3393 1234 3463 Sebastianum,
1271 3391 1622 3439 monasterium
1656 3405 1813 3447 suum,
1844 3389 1891 3436 in
1923 3389 2060 3451 cujus

287 3479 497 3529 ecclesia
523 3483 595 3526 est
617 3477 851 3541 sepultus.
880 3477 1167 3541 Requiescat
1192 3476 1238 3523 in
1264 3490 1399 3540 pace.
1426 3476 1525 3538 Ego
1548 3488 1644 3520 non
1666 3472 1879 3521 interfui.
