2210 3944
173 365 258 406 [Mai
279 365 374 405 1500]
603 364 772 401 RERUM
800 362 1102 401 URBANARUM
1134 361 1487 400 COMMENTARII.
1908 366 1953 400 49

176 467 267 531 ipsi
285 466 600 530 perfidissimi
618 469 772 515 Turce
793 465 1027 529 diripiant
1041 481 1098 512 ac
1121 464 1208 513 sub
1226 465 1482 529 tyrannide
1499 466 1744 513 deducant
1759 482 1816 514 ac
1835 482 1954 514 con-

176 551 321 598 tinuis
344 550 583 599 bellorum
609 548 885 598 turbinibus
906 547 1160 612 affligant),
1191 552 1429 611 quantum
1458 549 1597 596 nobis
1632 565 1690 596 cx
1720 549 1817 597 alto
1847 565 1956 613 per-

174 634 404 694 mittitur,
421 634 572 683 votive
588 633 862 690 intendere,
885 635 1079 680 matura
1093 632 1304 695 desuper
1320 632 1677 680 deliberatione
1697 632 1956 696 prehabita

174 719 234 766 de
261 731 431 766 eorum
454 720 620 766 sancte
641 732 844 765 romane
873 715 1078 764 ecclesie
1107 715 1430 763 cardinalium
1459 715 1662 763 consilio
1694 716 1881 779 pariter
1909 718 1959 764 et

177 817 395 860 assensu,
419 816 568 848 unam
579 815 744 848 veram
765 802 813 847 et
831 799 1075 862 integram
1091 798 1332 846 decimam
1355 799 1571 846 omnium
1591 802 1639 846 et
1655 799 1958 863 singulorum

176 885 424 933 fructuum
446 887 495 933 et
515 887 837 948 proventuum
860 883 1128 932 secundum
1142 897 1312 930 verum
1333 882 1548 930 valorem
1570 898 1785 930 annuum
1802 882 1960 930 eccle-

177 969 382 1028 siarum,
397 968 812 1016 monasteriorum
829 972 876 1015 et
895 966 1103 1014 aliorum
1122 966 1478 1014 beneficiorum
1495 982 1698 1014 suorum
1717 968 1764 1013 et
1780 966 1959 1013 obven-

178 1052 365 1100 tionum
387 1051 712 1115 quarumlibet
746 1051 893 1099 etiam
924 1050 1116 1098 ratione
1149 1049 1323 1113 capelli
1363 1050 1425 1097 ad
1453 1050 1654 1098 eosdem
1688 1049 1961 1097 cardinales

176 1135 247 1183 sic
275 1134 490 1183 volentes
530 1150 586 1182 ac
620 1134 986 1182 consentientes
1016 1132 1410 1197 provenientium
1443 1149 1532 1197 per
1567 1149 1651 1181 eos
1686 1133 1736 1180 in
1756 1147 1964 1180 romana

177 1219 333 1278 curia,
352 1233 543 1267 necnon
565 1218 783 1266 omnium
804 1217 1188 1282 provinciarum,
1213 1217 1462 1265 civitatum
1484 1220 1533 1265 et
1556 1220 1806 1265 terrarum
1835 1216 1964 1280 ejus-

178 1302 290 1349 dem
313 1304 529 1350 Romane
546 1301 751 1350 ecclesie
772 1317 828 1349 ac
850 1302 1071 1365 predicte
1087 1300 1248 1359 Urbis,
1275 1304 1323 1348 et
1351 1301 1571 1364 ejusdem
1593 1304 1811 1348 Romane
1830 1299 1963 1347 curie

179 1385 456 1433 officiorum
486 1386 836 1449 cujuscumque
849 1385 1098 1448 qualitatis
1114 1386 1263 1434 etiam
1278 1384 1664 1433 vicecancellarii
1686 1400 1742 1432 ac
1757 1384 1968 1448 patriar-

179 1468 391 1516 chalium
411 1473 459 1517 et
481 1469 602 1516 alias
624 1469 960 1528 ecclesiarum,
986 1470 1417 1529 monasteriorum,
1443 1469 1768 1533 prioratuum,
1794 1483 1967 1531 perso-

179 1552 363 1599 nalium
379 1552 881 1613 administrationum,
901 1553 953 1601 of
954 1553 1176 1601 liciorum
1193 1553 1519 1601 cardinalium
1541 1556 1589 1600 et
1604 1551 1966 1615 prebendarum

182 1637 487 1699 aliorumque
509 1652 620 1684 cum
642 1652 761 1684 cura
782 1639 829 1683 et
851 1636 955 1684 sine
971 1652 1086 1683 cura
1100 1636 1473 1695 beneficiorum,
1494 1635 1963 1692 ecclesiasticorum,

184 1719 479 1767 secularium
496 1724 549 1767 et
567 1719 717 1767 etiam
741 1736 779 1766 s.
806 1719 1078 1779 Benedicti,
1105 1736 1143 1766 s.
1166 1719 1444 1783 Augustini,
1474 1717 1826 1777 Cisterciensis,
1857 1718 1968 1764 Avi-

184 1803 433 1861 nacensis,
467 1802 846 1862 Carthusiensis,
872 1803 1278 1862 Camaldulensis,
1304 1803 1483 1850 Montis
1518 1802 1714 1861 Oliveti,
1747 1801 1970 1849 humilia-

184 1890 347 1934 torum
373 1885 902 1934 Premonstratensium
922 1886 1075 1936 Vallis
1106 1886 1363 1945 Umbrose,
1399 1885 1769 1934 Cruciferorum
1798 1901 1969 1933 mona-

184 1970 392 2019 chorum
414 1986 452 2016 s.
479 1969 764 2034 Hieronymi
787 1972 836 2017 et
857 1969 1067 2017 aliorum
1089 1969 1367 2032 quorumvis
1390 1969 1621 2017 ordinum
1636 1975 1735 2017 tam
1751 1970 1970 2016 virorum

185 2069 330 2117 quam
351 2053 628 2111 mulierum,
647 2052 797 2101 etiam
816 2052 1199 2101 mendicantium
1215 2069 1272 2101 ex
1287 2052 1561 2117 privilegio,
1581 2053 1654 2101 vel
1672 2053 1793 2100 alios
1809 2057 1971 2101 certos

183 2137 373 2186 reditus
395 2136 699 2196 habentium,
726 2136 1119 2201 regulariumque
1148 2136 1450 2196 militiarum,
1475 2137 1700 2185 videlicet
1729 2154 1767 2184 s.
1802 2136 1971 2184 Jacobi

185 2221 244 2269 de
269 2220 470 2284 Spatha,
493 2221 553 2268 de
575 2220 846 2279 Calatrava,
876 2221 938 2269 de
959 2221 1242 2280 Alcantara,
1257 2221 1330 2270 vde
1349 2221 1609 2285 Mon-tesia,
1633 2224 1748 2269 Je'su
1767 2220 1967 2279 Christi,

186 2305 245 2352 de
265 2304 392 2363 Avis,
414 2304 556 2352 beate
577 2304 729 2352 Marie
759 2305 1134 2353 Teutonicorum
1164 2309 1212 2353 et
1240 2305 1468 2363 aliorum,
1495 2320 1795 2368 quorumque
1825 2303 1972 2351 etiam

187 2389 368 2437 reditus
383 2388 444 2436 ad
463 2388 704 2452 hospitale
721 2388 939 2452 deputati
961 2389 1139 2448 forent,
1163 2405 1253 2453 per
1276 2389 1556 2436 universum
1586 2388 1757 2436 orbem
1789 2386 1973 2435 consis-

187 2472 393 2521 tentium
438 2470 732 2529 officiorum,
770 2469 996 2528 videlicet
1038 2487 1067 2518 a
1097 2471 1296 2535 legatiS,
1330 2470 1755 2529 vicecancellario,
1791 2468 1971 2532 majori

188 2553 552 2619 penitentiario,
578 2553 1007 2618 gubernatoribus,
1032 2554 1324 2613 rectoribus,
1349 2554 1628 2618 capitaneis,
1653 2551 1973 2617 potestatibus

189 2642 238 2687 et
267 2637 375 2686 aliis
411 2637 793 2700 quibuscumque
821 2635 1108 2686 officialibus
1152 2637 1365 2695 nostris,
1409 2637 1745 2699 dictorumque
1778 2649 1979 2683 romane

190 2721 323 2770 curie
346 2725 395 2769 et
416 2720 557 2769 Urbis
590 2720 851 2779 redituum,
875 2735 988 2768 vero
1011 2724 1059 2769 et
1088 2725 1411 2784 proventuum
1443 2719 1888 2768 ecclesiasticorum
1920 2718 1979 2766 ab

189 2806 412 2862 omnibus
438 2810 493 2854 et
523 2803 724 2868 singulis
761 2803 1160 2868 archiepiscopis,
1196 2804 1363 2853 electis
1396 2804 1670 2863 abbatibuS,
1703 2803 1976 2861 abbatissis,

193 2889 458 2954 prioribus,
492 2887 759 2959 priorissis,
795 2887 1076 2952 prepositis,
1122 2887 1616 2947 administratoribus,
1666 2886 1980 2936 commenda-

197 2972 350 3030 tariis,
375 2970 614 3034 capitulis,
640 2969 972 3029 conventibus,
997 2970 1285 3034 guardiariis
1302 2969 1574 3034 ceterisque
1589 2970 1810 3034 personis
1826 2970 1981 3018 eccle—

198 3054 431 3114 siasticis,
480 3053 777 3101 secularibus
817 3057 865 3101 et
904 3053 1230 3118 regularibus,
1269 3054 1493 3102 ordinum
1529 3057 1578 3103 et
1616 3054 1899 3117 militiarum
1933 3058 1982 3101 et

198 3138 518 3203 prioratuum,
558 3134 966 3194 castellaniarum,
1003 3135 1319 3200 bajulivarum
1359 3153 1415 3184 ac
1465 3136 1890 3200 preceptoriarum
1927 3151 1982 3183 ac

202 3221 503 3279 militiarum,
527 3217 806 3284 hujusmodi
823 3217 1011 3267 reditus
1030 3234 1085 3266 ac
1107 3222 1370 3283 proventus
1399 3219 1758 3268 ecclesiasticos
1784 3219 1985 3268 ubilibet

203 3303 253 3351 in
274 3304 401 3352 dicto
423 3304 647 3353 universo
670 3302 789 3350 orbe
810 3301 1190 3366 percipientibus
1218 3319 1274 3351 ac
1300 3304 1608 3374 percepturis
1634 3304 1982 3369 cujuscumque

208 3386 527 3451 preminentis
549 3386 794 3451 dignitatis
816 3389 988 3446 status,
1018 3388 1216 3452 gradus,
1247 3387 1432 3436 ordinis
1452 3387 1526 3436 vel
1544 3387 1832 3436 conditionis
1857 3386 1982 3434 exis-

216 3472 318 3517 tant
336 3469 481 3517 etiam
502 3470 736 3534 exemptis
750 3468 798 3518 et
813 3486 1232 3536 quarumcumque
1245 3471 1574 3535 privilegiatis,
1592 3467 1982 3533 persolvendam,

392 3580 426 3606 τ.
455 3581 505 3606 ιιι.
1777 3568 1798 3603 4
