2228 3938
149 293 308 372 [revrier
328 329 424 381 1502]
593 324 763 363 RERUM
797 321 1100 361 URBANARUM
1133 321 1485 360 COMMENTARII.
1856 321 1920 357 191

148 431 239 480 vidi
260 448 352 480 nec
373 429 574 495 cognovi
609 444 721 478 eum
755 443 859 475 esse
889 425 1188 490 religiosum,
1218 441 1327 474 cum
1352 425 1480 489 plica
1506 423 1723 474 mantelli
1753 423 1827 471 sui
1859 423 1924 470 si-

147 531 296 580 gnum
322 513 567 579 religionis
593 511 906 577 cooperirent
926 528 936 569 3
961 514 1224 574 propterea
1243 508 1472 574 deinceps
1491 513 1565 558 est
1585 507 1924 558 dimittenduS.

150 599 418 649 Cardinalis
442 598 620 647 Montis
644 595 835 660 Regalis
855 594 1119 643 celebravit
1146 594 1350 642 missam
1375 594 1662 643 solemnem.
1690 595 1743 641 ln
1769 591 1930 641 distri-

149 683 346 734 butione
372 682 686 732 candelarum
707 680 796 728 suit
825 695 1030 743 magnus
1057 695 1229 728 rumor
1251 683 1298 728 et
1322 695 1555 744 pressura
1581 681 1693 727 ante
1715 680 1925 742 Papam:

148 767 318 818 habuit
343 770 453 816 ante
482 782 533 814 se
556 763 826 813 cancellum
856 763 1238 827 reparatorium,
1269 768 1316 812 et
1342 763 1483 811 multi
1513 779 1569 810 ex
1602 760 1932 827 stipendiariis

151 867 262 901 cum
292 849 475 900 baculis
508 863 718 914 quorum
756 863 879 895 unus
910 863 996 911 per
1024 846 1428 896 inadvertentiam
1464 846 1708 911 percussit
1746 849 1931 910 Papam

150 951 297 1000 super
317 950 515 983 manum
536 932 780 981 sinistram
801 949 811 990 3
839 931 980 991 alius,
1004 933 1061 979 D.
1089 931 1353 980 Antonium
1375 931 1435 979 de
1456 933 1620 979 Monte
1641 929 1928 982 auditorem.

153 1020 395 1069 tobaleam
427 1021 538 1067 ante
573 1033 658 1065 seu
685 1016 824 1081 juxta
854 1018 1037 1080 Papam
1068 1019 1334 1075 tenentem,
1367 1032 1514 1080 super
1542 1030 1732 1073 nasum,
1761 1018 1810 1063 et
1835 1013 1936 1063 vul-

153 1103 342 1152 neravit
373 1118 485 1152 eum
519 1100 639 1150 adeo
673 1099 802 1164 quod
834 1099 975 1148 exivit
1004 1116 1103 1148 non
1135 1115 1311 1163 parum
1349 1100 1409 1148 de
1448 1099 1700 1165 sanguine.
1732 1101 1864 1163 Papa
1887 1100 1936 1147 et

152 1187 424 1236 cardinales
461 1186 723 1234 tenuerunt
761 1183 989 1232 candelas
1027 1200 1138 1232 suas
1182 1185 1409 1233 ardentes
1452 1200 1605 1248 usque
1644 1183 1705 1231 ad
1742 1182 1935 1230 finitum

152 1271 456 1336 evangelium
480 1274 528 1319 et
556 1285 655 1318 non
683 1268 744 1316 ad
774 1267 1125 1328 elevationem3
1160 1269 1245 1317 sed
1276 1269 1538 1318 servitores
1568 1270 1833 1318 tenuerunt
1858 1283 1940 1315 eas

153 1372 181 1403 a
204 1355 300 1404 fine
332 1355 567 1420 evangelii
600 1355 825 1404 ardentes
858 1370 1010 1419 usque
1045 1357 1155 1418 post
1189 1353 1586 1403 communionem
1617 1351 1934 1401 celebrantis,

151 1438 257 1487 Alia
281 1439 444 1488 omnia
467 1454 602 1487 more
627 1439 787 1487 solito.

218 1523 358 1572 Feria
379 1528 565 1587 quarta,
597 1527 623 1572 9
651 1522 898 1582 februarii,
928 1521 1032 1570 dies
1064 1522 1300 1582 cinerum,
1335 1525 1468 1587 Papa
1497 1522 1749 1571 benedixit
1774 1526 1822 1571 et
1846 1521 1939 1570 im-

154 1607 313 1671 posuit
338 1606 526 1674 cineres
551 1623 689 1655 more
715 1607 858 1655 solito
878 1605 928 1653 in
949 1605 1137 1669 capella
1154 1606 1337 1669 majore
1363 1606 1542 1670 palatii,
1572 1606 1780 1671 receptis
1806 1606 1939 1671 prius

155 1706 183 1738 a
214 1689 461 1738 cardinale
492 1690 753 1739 Cusentino
793 1675 1098 1737 celebraturo
1129 1689 1402 1738 cineribus:
1438 1694 1548 1754 post
1576 1690 1938 1755 impositionem

156 1773 393 1833 cinerum,
420 1773 608 1838 accepit
634 1790 828 1838 aquam,
858 1777 909 1822 ut
935 1773 1069 1822 aliae.
1100 1775 1388 1823 Sermonem
1413 1774 1526 1824 fecit
1549 1775 1768 1840 Baptista
1793 1778 1939 1825 Casa-

155 1857 272 1918 lius,
314 1861 587 1917 Romanus,
637 1857 870 1907 scholaris
907 1857 1083 1917 laicus,
1128 1874 1240 1907 cum
1283 1859 1472 1923 capillis
1513 1859 1695 1923 longis,
1744 1859 1803 1908 de
1846 1875 1940 1924 quo

156 1943 286 2006 Papa
323 1941 412 1989 suit
446 1940 580 1989 valde
613 1940 851 1999 turbatuS,
897 1942 945 1988 et
988 1938 1105 1987 dixit
1142 1940 1375 2005 magistro
1421 1942 1588 2007 palatii
1628 1943 1666 1991 si
1708 1943 1941 2008 deinceps

155 2025 366 2088 aliquem
399 2024 546 2074 talem
579 2023 858 2073 admitteret
887 2023 948 2072 ad
977 2024 1236 2085 orandum,
1267 2026 1402 2089 quod
1434 2027 1580 2076 vellet
1605 2043 1719 2077 eum
1750 2028 1940 2094 privare

153 2108 332 2158 officio.
362 2109 520 2158 Finita
540 2108 703 2168 missa,
733 2110 879 2173 Papa,
908 2124 986 2157 me
1013 2108 1333 2173 supplicante,
1367 2110 1499 2160 dedit
1529 2112 1776 2162 licentiam
1803 2113 1942 2162 nobis

154 2193 400 2259 magistris
435 2193 845 2252 ceremoniarum,
879 2193 1159 2242 cantoribus
1192 2198 1240 2243 et
1271 2195 1495 2245 omnibus
1527 2197 1631 2245 aliis
1662 2198 1722 2246 de
1754 2198 1943 2262 capella

153 2279 283 2343 quod
319 2266 569 2328 visitandov
596 2277 751 2327 altare
790 2278 950 2342 majus
985 2277 1183 2327 basilice
1228 2296 1266 2326 s.
1312 2281 1457 2340 Petri,
1506 2282 1708 2347 singulis
1749 2282 1940 2342 diebus,

155 2378 514 2427 consequamur
533 2362 860 2426 indulgentias
882 2361 1120 2422 stationis,
1147 2366 1196 2411 et
1217 2364 1346 2427 quod
1368 2365 1683 2431 singulariter
1699 2367 1942 2432 possimus

152 2447 336 2511 eligere
358 2448 687 2496 confessorem
711 2446 792 2510 qui
819 2450 908 2494 no‘s
941 2446 1002 2495 ab
1028 2447 1253 2497 omnibus
1278 2451 1495 2513 peccatis
1521 2452 1741 2502 absolvat
1767 2455 1815 2501 et
1838 2453 1943 2518 ple-

154 2529 342 2580 nariam
365 2530 705 2579 remissionem
730 2529 996 2594 impendat.
1020 2531 1127 2579 Alio
1149 2547 1285 2580 more
1310 2533 1468 2584 solito.

223 2615 365 2665 Feria
390 2615 575 2679 quinta,
611 2617 668 2662 1o
696 2612 811 2662 dicti
838 2613 1020 2661 mensis
1048 2614 1298 2674 februarii,
1330 2619 1413 2666 SS.
1444 2603 1500 2666 D.
1526 2622 1696 2668 noster
1722 2620 1771 2668 in
1798 2636 1942 2669 mane

160 2699 390 2766 equitavit
410 2699 664 2747 Tiburtum
689 2701 737 2746 et
764 2713 876 2745 cum
907 2713 965 2745 eo
996 2697 1268 2747 cardinales
1297 2702 1588 2751 Cusentinus
1616 2706 1665 2752 et
1690 2705 1870 2768 Borgia
1895 2707 1945 2753 et

160 2786 255 2834 dux
279 2783 359 2848 qui
382 2799 493 2833 cum
524 2781 768 2832 cardinale
799 2781 973 2846 Borgia
997 2781 1168 2830 habuit
1191 2784 1528 2835 venationem:
1557 2789 1688 2852 Papa
1712 2793 1758 2837 et
1783 2788 1943 2837 cardi-

159 2869 281 2919 nalis
305 2868 596 2919 Cusentinus
622 2865 902 2930 equitarunt
925 2869 1135 2915 Roccam
1164 2869 1309 2932 Pape,
1338 2873 1386 2918 et
1406 2871 1595 2920 veneris
1621 2872 1867 2937 sequentis
1893 2873 1941 2922 in

160 2958 300 3003 nocte
325 2952 578 3002 redierunt
603 2951 663 3000 ad
687 2951 869 2999 Urbem
894 2965 1082 2999 omnes.

227 3038 410 3087 Eadem
442 3037 520 3085 die
550 3034 761 3094 veneriS‚
803 3038 853 3083 11
896 3034 1150 3095 februarii,
1187 3037 1437 3087 intrarunt
1471 3039 1775 3090 Florentiam
1813 3042 1951 3091 illus-

164 3123 408 3171 trissimus
451 3123 505 3169 D.
546 3122 753 3168 Hermes
796 3118 952 3167 Maria
995 3119 1195 3180 Ssortia,
1240 3106 1465 3172 marchio
1508 3127 1557 3173 et
1600 3128 1657 3174 D.
1705 3126 1953 3176 Johannes

165 3205 421 3253 Grenduer
444 3204 572 3269 juris
597 3202 850 3265 utriusque
877 3201 1067 3262 doctor,
1097 3206 1377 3268 prepositus
1410 3207 1618 3256 ecclesie
1652 3209 1946 3273 Brixilnensi,

166 3291 390 3335 oratores
421 3285 721 3335 serenissimi
751 3284 884 3348 regis
914 3288 1249 3335 Romanorum
1282 3289 1397 3338 illuo
1422 3287 1652 3340 destinati
1679 3293 1740 3340 ad
1765 3293 1951 3356 signifi-

167 3370 376 3419 candum
406 3369 700 3418 Florentinis
732 3368 992 3416 adventum
1022 3371 1232 3433 predicti
1267 3373 1399 3436 regis
1438 3377 1485 3422 et
1516 3375 1827 3438 requirentes
1864 3391 1947 3425 eos

167 3455 228 3502 de
255 3445 617 3505 contributione
647 3452 867 3516 gentium
899 3456 947 3500 et
976 3455 1213 3516 pecunie:
1248 3472 1342 3520 que
1368 3457 1643 3520 significata
1664 3459 1947 3525 hujusmodi
