2228 3938
175 340 340 381 [0010b1'e
363 341 456 380 1503]
627 339 796 378 RERUM
832 337 1130 377 URBANARUM
1161 338 1511 376 COMMENTARII.
1883 344 1953 380 283

174 445 249 490 est
271 458 407 490 more
431 443 588 490 solito.
618 443 780 491 Abbas
802 459 839 490 s.
867 443 1081 505 Gregorii
1102 441 1190 488 fuit
1216 457 1243 488 a
1261 442 1440 490 dextris
1477 443 1830 507 archiepiscopi
1846 445 1952 492 Flo-

172 526 350 573 rentini
373 526 513 589 primi
537 526 821 585 assistentis,
848 530 895 573 et
927 526 986 573 de
1011 525 1240 572 mandato
1269 528 1396 588 Pape
1422 526 1531 574 dedi
1556 527 1717 574 locum
1740 527 1787 574 in
1824 528 1952 590 prin-

171 609 299 671 cipio
330 614 440 656 ante
477 610 733 657 ecclesiam
773 624 855 656 sex
896 608 1231 656 assistentibus
1260 609 1309 655 in
1341 610 1503 657 rotulo
1541 610 1810 673 descriptis.
1850 613 1949 674 Ego

170 690 293 737 dixi:
318 712 339 734 «
368 692 517 739 Pater
536 700 710 749 sancte,
734 692 798 738 sic
824 692 1011 750 transit,
1040 700 1125 739 etc.
1161 711 1181 734 »
1211 693 1357 738 Extra
1382 691 1614 754 capellam
1643 709 1681 739 s.
1709 693 1946 755 Gregorii,

170 779 280 820 ante
303 775 600 837 sepulturam
619 775 749 822 Pauli
781 791 902 838 pape
931 774 1149 831 secundi,
1179 775 1224 821 in
1253 775 1415 822 medio
1441 775 1575 822 navis
1597 776 1947 836 transversalis,

166 860 444 905 antecesse-
458 863 569 904 runt
590 862 690 905 tres
716 858 982 920 presbyteri
1010 858 1298 915 cardinales,
1322 857 1544 905 videlicet
1571 857 1628 904 de
1651 858 1825 916 Flisco,
1855 861 1945 906 Le-

167 939 412 1001 gionensis
437 944 486 990 et
506 941 772 996 AdrianuS,
798 941 1032 988 intrantes
1055 958 1143 1004 per
1171 946 1359 1003 portam
1381 940 1697 1003 principalem
1718 941 1776 987 ad
1799 941 1947 988 altare

165 1023 339 1084 majus.
377 1026 522 1086 Papa,
578 1039 675 1071 non
706 1024 833 1072 facta
869 1025 1114 1081 oratione,
1155 1024 1269 1072 fecit
1310 1023 1668 1071 confessionem
1702 1026 1749 1070 et
1788 1024 1945 1071 socius

80 1146 82 1148 .
164 1119 302 1151 meus
327 1105 438 1153 fecit
458 1111 658 1154 cantare
683 1111 907 1156 cantores
932 1123 1043 1155 cum
1081 1106 1309 1154 scandalo
1341 1106 1410 1153 sui
1442 1110 1643 1169 propter
1664 1106 1947 1169 prohibitio-

162 1203 275 1233 nem
298 1203 456 1236 meam
478 1204 487 1235 :
513 1189 639 1237 facta
654 1190 976 1249 confessione,
993 1193 1124 1253 Papa
1136 1188 1515 1252 portatussuitin
1535 1189 1650 1235 sede
1666 1189 1727 1235 ad
1750 1188 1940 1236 solium.

161 1270 285 1316 Ante
308 1270 480 1318 solium
510 1272 726 1335 episcopi
755 1276 802 1320 et
829 1273 1103 1336 presbyteri
1135 1270 1367 1320 venerunt
1389 1271 1449 1318 ad
1473 1271 1724 1329 circulum,
1754 1271 1944 1318 diaconi

162 1366 256 1397 non
275 1358 526 1405 venerunt,
546 1356 658 1417 quia
677 1356 754 1402 vix
780 1360 885 1404 erat
905 1357 1042 1404 locus
1064 1371 1150 1419 pro
1172 1355 1485 1418 presbyteris.
1508 1354 1578 1401 Illi
1602 1358 1702 1401 tres
1729 1353 1946 1401 cardina-

160 1434 248 1485 les,
261 1440 404 1497 prout
418 1437 465 1484 in
479 1438 659 1495 rotulo,
677 1438 904 1487 dixerunt
922 1439 1169 1487 orationes
1181 1454 1325 1502 super
1336 1440 1517 1501 Papam
1532 1454 1541 1495 ;
1568 1437 1742 1484 deinde
1758 1437 1947 1500 accepit

159 1517 377 1580 pallium,
404 1524 451 1567 et
471 1522 690 1569 osculato
712 1523 865 1580 altari,
893 1523 1112 1570 ascendit
1136 1522 1197 1569 ad
1218 1521 1392 1569 solium
1417 1520 1497 1567 ubi
1521 1521 1710 1582 accepit
1732 1520 1791 1567 ad
1815 1536 1944 1568 reve-

160 1600 368 1647 rentiam
395 1617 563 1650 omnes
583 1604 852 1652 cardinales
877 1609 924 1652 et
944 1605 1174 1668 prelatOS‚
1197 1603 1371 1651 deinde
1391 1602 1507 1649 dixit
1525 1602 1771 1649 introitum
1785 1602 1844 1648 K
1838 1603 1943 1665 yrie

161 1682 348 1741 eleison,
378 1684 538 1732 Gloria
563 1690 611 1734 et
634 1690 733 1734 tres
755 1687 998 1735 orationes
1022 1687 1313 1743 successive,
1334 1690 1382 1733 ut
1402 1686 1450 1732 in
1472 1685 1648 1732 rotulo.
1677 1685 1941 1732 Cardinalis
1995 1687 2000 1692 '

161 1779 199 1811 s.
230 1766 420 1829 Georgii
446 1767 563 1816 dixit
592 1769 760 1818 laudes
796 1786 906 1817 cum
939 1770 1266 1826 subdiaconis,
1302 1772 1350 1816 et
1387 1767 1709 1815 subdiaconus
1741 1768 1940 1830 epistole

159 1862 255 1894 non
299 1849 444 1906 venit,
489 1855 536 1899 et
567 1853 721 1910 bene3
762 1854 939 1901 deinde
973 1853 1255 1901 continuata
1285 1851 1434 1898 missa
1469 1866 1604 1897 more
1640 1850 1799 1897 solito.
1838 1852 1941 1906 Qua

158 1930 293 1977 finita
314 1935 362 1978 et
387 1932 499 1980 data
523 1949 609 1996 per
629 1937 811 1998 Papam
836 1936 1193 1993 benedictione,
1221 1933 1473 1982 descendit
1497 1933 1555 1980 de
1585 1933 1724 1980 altari
1753 1936 1800 1980 et
1829 1933 1940 1980 fecit
1973 1920 1975 1922 ,

155 2014 331 2082 Julium
378 2016 736 2077 Spanocchium
776 2018 1123 2082 depositarium
1165 2033 1323 2076 suum,
1370 2016 1596 2064 flentibus
1637 2015 1789 2062 oculis
1829 2031 1939 2063 cum

155 2096 337 2145 diceret
379 2099 448 2146 Pii
486 2101 683 2148 secundi
717 2108 906 2165 patrem
945 2117 1085 2149 suum
1126 2101 1476 2165 depositarium
1522 2100 1684 2147 fuisse.
1724 2099 1938 2147 Accessit

155 2180 477 2242 personaliter
513 2183 569 2230 ad
614 2184 787 2231 solium
825 2185 885 2232 ad
920 2184 1071 2247 quod,
1105 2187 1304 2247 propter
1340 2182 1633 2246 periculum,
1671 2182 1825 2230 solum
1856 2183 1942 2229 ad—

155 2262 290 2310 missi
332 2263 521 2312 fuerunt
557 2267 830 2315 cardinales
865 2272 911 2315 et
939 2267 1110 2331 prelati
1145 2282 1202 2314 ac
1238 2267 1330 2314 alia
1362 2265 1583 2313 membra
1619 2265 1836 2328 capelle,
1861 2265 1937 2311 ubi

156 2346 414 2394 cardinalis
454 2364 492 2395 s.
542 2351 770 2413 Georgii,
817 2351 1039 2414 deposita
1077 2351 1220 2398 mitra
1267 2366 1353 2413 per
1401 2348 1696 2397 cardinalem
1747 2348 1940 2395 Colum-

155 2444 286 2487 nam,
315 2432 443 2493 Pape
476 2432 704 2495 imposuit
726 2450 945 2498 regnum,
978 2434 1131 2496 Kyrie
1162 2434 1330 2480 eleison
1361 2433 1500 2480 nobis
1526 2431 1931 2490 acclamantibus3

156 2511 331 2559 deinde
362 2513 502 2561 rediit
538 2515 598 2562 ad
631 2516 879 2579 palatium,
916 2516 1174 2564 licentiatis
1206 2515 1532 2563 cardinalibus
1561 2521 1607 2562 et
1645 2515 1779 2562 curia
1815 2515 1939 2562 inter

155 2594 365 2657 primum
407 2601 454 2643 et
489 2598 1034 2662 secundumporticum
1071 2615 1108 2645 S.
1147 2598 1290 2646 Petri.
1330 2597 1580 2645 Secundus
1621 2612 1795 2659 aquam
1834 2612 1936 2644 ma-

154 2676 294 2724 nibus
318 2677 447 2725 dedit
470 2684 632 2727 orator
653 2683 884 2739 Venetus,
909 2682 1077 2728 tertius
1099 2686 1314 2736 senator,
1340 2682 1541 2741 quartus
1566 2681 1621 2725 D.
1652 2678 1936 2725 Franciscus

155 2759 215 2806 de
246 2762 426 2819 Monte,
459 2767 622 2810 orator
645 2764 773 2827 regis
799 2767 1148 2821 Romanorum,
1175 2764 1255 2825 qui
1283 2763 1407 2810 venit
1429 2762 1487 2808 de
1512 2761 1741 2824 Hispania
1763 2779 1771 2807 :
1796 2776 1936 2808 evan-

155 2842 332 2904 gelium
363 2843 510 2892 latine
543 2845 659 2894 dixit
695 2847 950 2895 cardinalis
989 2847 1240 2904 Columna,
1281 2844 1536 2908 epistolam
1576 2846 1630 2891 D.
1675 2844 1934 2891 Lucentius

155 2925 443 2974 Coscianus:
471 2929 728 2977 cardinalis
751 2930 1099 2994 Neapolitanus
1121 2930 1210 2977 fuit
1232 2928 1463 2976 assistens
1492 2927 1572 2989 qui
1594 2926 1749 2974 noluit
1771 2941 1937 2974 ascen-

154 3007 266 3054 dere
293 3008 353 3055 ad
385 3010 557 3057 solium
588 3014 717 3076 Pape
749 3029 857 3061 cum
889 3014 1086 3062 daretur
1106 3028 1231 3075 aqua
1258 3011 1477 3058 manibus
1510 3012 1636 3073 Pape
1662 3014 1770 3072 post
1799 3024 1933 3056 com-
1992 3003 1994 3006 ¹

153 3091 453 3151 munionem,
480 3094 566 3141 sed
590 3096 720 3144 stetit
750 3097 877 3159 apud
906 3096 1054 3144 altare
1084 3097 1142 3143 ad
1165 3094 1292 3158 quod
1315 3094 1448 3157 prius
1471 3092 1806 3141 descenderat.
1834 3094 1934 3155 Ego

153 3172 244 3219 feci
289 3174 502 3223 officium
549 3180 767 3238 sacriste,
808 3183 997 3243 portato
1041 3179 1189 3226 calice
1231 3193 1340 3225 cum
1379 3175 1603 3239 ampullis
1646 3180 1693 3223 et
1728 3175 1838 3222 vino
1876 3174 1938 3222 ad

154 3256 452 3306 credentiam
474 3264 521 3308 et
545 3261 656 3309 inde
682 3263 742 3310 ad
763 3263 941 3310 altare:
973 3262 1279 3325 evangelium
1305 3275 1506 3323 grecum
1533 3259 1651 3305 dixit
1680 3258 1939 3321 episcopus

152 3337 538 3400 Gallipolitanus,
586 3345 840 3407 epistolam
889 3362 1084 3409 grecam
1132 3344 1427 3393 Demetrius.
1479 3342 1615 3389 Judei
1663 3345 1846 3389 stantes
1887 3341 1935 3388 in

153 3419 351 3467 introitu
385 3424 534 3483 prime
566 3428 674 3475 aule
708 3429 872 3491 palatii
906 3405 1465 3491 petierunt-confirmari
1502 3425 1676 3487 legem,
1720 3428 1766 3470 et
1801 3425 1929 3486 Papa
