2228 3938
243 383 311 420 148
826 377 1059 414 JOHANNIS
1092 378 1386 422 BURCHARDI,
1524 407 1528 410 «
1803 379 1896 420 [suin
1920 381 2014 419 1501]

240 487 537 534 Venetorum
571 484 620 530 et
652 481 1059 542 Florentinorum,
1083 482 1210 530 inter
1232 498 1351 546 quos
1381 498 1479 530 non
1504 482 1590 530 fuit
1620 485 1840 532 servatus
1870 483 2007 541 ordo,

241 567 352 631 quia
375 564 625 614 Sabaudus
649 564 898 613 contendit
921 580 1031 613 cum
1064 569 1251 615 Veneto
1283 565 1363 628 qui
1399 565 1496 613 ibat
1535 580 1563 612 a
1595 564 1773 613 dextris
1809 554 2013 612 oratoris

240 649 410 714 Anglie
440 651 488 696 et
509 648 758 697 Sabaudus
784 647 842 696 ab
866 647 990 696 illius
1011 648 1237 709 sinistris;
1273 649 1402 697 nolui
1438 664 1515 696 me
1553 649 1886 712 interponere3
1924 647 2014 696 alia

243 748 375 781 more
399 731 555 781 solito.

305 815 484 864 Eadem
507 815 600 876 die,
627 815 749 864 hora
769 816 1006 880 predicta,
1036 816 1231 865 fuerunt
1264 818 1311 864 in
1339 831 1531 865 camera
1552 816 1821 881 paramenti
1849 814 2013 879 palatii

247 903 370 964 Papo
406 900 599 948 circiter
619 900 784 964 viginti
822 900 1058 959 massarii,
1083 900 1270 949 vassalli
1300 900 1693 950 Columnensium
1737 904 1784 949 et
1818 899 2015 949 diversis

246 983 387 1032 terris
424 984 724 1043 eorumdem,
751 983 1008 1047 prestaturi
1032 983 1313 1047 homagium
1341 987 1468 1048 Pape
1495 983 1668 1048 singuli
1701 999 1790 1048 pro
1816 983 2014 1048 singulis

245 1067 402 1125 terris,
440 1083 560 1131 quos
593 1069 722 1131 Papa
744 1066 937 1115 admisit
970 1071 1016 1115 et
1038 1067 1152 1115 fecit
1172 1067 1369 1116 cuilibet
1399 1069 1578 1117 donare
1609 1084 1758 1116 unum
1789 1068 2014 1116 ducatum

243 1150 289 1197 in
312 1166 429 1199 auro
449 1150 637 1214 largum
661 1166 748 1214 pro
772 1166 886 1211 uno,
914 1167 1000 1215 par
1017 1151 1282 1215 caligarum
1307 1152 1433 1200 della
1458 1168 1544 1201 sua
1565 1153 1728 1201 divisa.

309 1234 537 1295 Sabbato,
567 1238 626 1283 26
661 1235 865 1299 predicti
894 1235 1072 1284 mensis
1093 1235 1232 1299 junii,
1265 1236 1393 1285 circa
1418 1236 1591 1285 horam
1615 1237 1897 1304 vigesimam
1919 1236 2016 1300 pri-

244 1333 391 1377 mam,
431 1334 518 1382 per
551 1322 743 1382 portam
777 1319 835 1366 de
871 1319 1052 1382 Populo
1088 1319 1277 1367 intravit
1312 1320 1494 1368 Urbem
1522 1320 1810 1384 magnificus
1840 1323 1897 1368 D.
1935 1322 2018 1367 Jo-

244 1401 432 1450 hannes
456 1402 740 1451 Franciscus
766 1402 824 1450 de
851 1419 890 1450 s.
926 1403 1170 1462 Severino,
1208 1419 1372 1451 comes
1404 1403 1694 1463 Caiacensis,
1731 1404 1879 1452 frater
1908 1419 2019 1467 ger-

244 1500 415 1533 manus
462 1484 586 1532 Rmi.
634 1489 690 1534 D.
729 1485 982 1533 cardinalis
1024 1503 1064 1534 s.
1110 1487 1322 1534 Severini
1371 1487 1707 1536 locumtenens
1771 1485 2018 1535 armorum

246 1568 374 1632 regis
400 1568 618 1627 Francie,
649 1567 727 1631 qui
749 1571 974 1632 receptus
997 1569 1081 1616 suit
1110 1585 1137 1616 a
1157 1569 1471 1617 familiaribus
1495 1571 1771 1633 aliquorum
1798 1570 2019 1618 cardina-

248 1651 389 1709 lium;
426 1651 633 1699 debebat
667 1650 815 1715 recipi
847 1667 874 1699 a
904 1651 1098 1699 familiis
1136 1652 1351 1700 omnium
1379 1642 1426 1701 et
1451 1655 1608 1716 Pape3
1648 1656 1879 1712 attamen,
1909 1652 2021 1716 quia

249 1734 381 1781 tarde
406 1733 548 1781 nimis
573 1733 878 1798 applicarunt
902 1739 950 1783 et
983 1734 1061 1782 ille
1091 1735 1185 1783 cito
1222 1734 1429 1794 intravit,
1460 1750 1557 1784 non
1585 1750 1756 1783 omnes
1787 1739 2022 1783 venerunt

247 1816 296 1863 in
329 1820 548 1881 tempore
570 1835 579 1878 3
616 1822 852 1867 venerunt
884 1819 1029 1866 etiam
1053 1818 1139 1866 sibi
1166 1819 1354 1867 obviam
1387 1823 1605 1868 oratores
1630 1818 1759 1884 regis
1785 1818 1953 1882 Anglie
1976 1822 2023 1868 et

246 1904 548 1951 Venetorum
567 1906 615 1949 et
638 1902 1052 1959 Florentinorum;
1081 1906 1183 1951 erat
1206 1918 1233 1950 a
1257 1902 1464 1950 sinistris
1490 1905 1720 1961 Venetus,
1739 1918 1883 1966 quem
1909 1917 2018 1966 ego,

250 2000 361 2033 cum
386 1985 640 2044 venissem,
669 1984 763 2033 feci
788 1986 1098 2034 retrocedere
1121 1988 1169 2033 et
1197 1985 1334 2048 posui
1364 2001 1474 2032 eum
1502 1985 1629 2034 inter
1657 1985 1776 2033 duos
1808 1985 2020 2048 prelatos

251 2068 451 2132 primos.
493 2071 667 2117 Orator
696 2068 999 2117 Florentinus
1031 2067 1190 2133 paruit
1216 2072 1264 2117 et
1287 2068 1429 2128 male,
1459 2068 1756 2132 subjungens
1782 2066 1909 2132 quod
1930 2067 2024 2116 alia

251 2153 356 2202 vice
388 2153 537 2202 nollet
561 2153 678 2201 mihi
710 2169 915 2217 parere:
945 2168 1040 2200 non
1067 2153 1288 2216 replicavi
1320 2153 1430 2216 quia
1457 2169 1554 2202 non
1586 2152 1859 2217 oportebat;
1889 2167 2023 2200 asso-

254 2236 406 2285 ciatus
431 2236 519 2284 fuit
544 2236 604 2284 ad
627 2237 825 2285 domum
849 2236 1230 2284 vicecancellarii
1253 2236 1332 2283 ubi
1361 2240 1433 2284 est
1461 2236 1729 2301 hospitatus
1751 2252 1861 2285 cum
1890 2251 2025 2284 mon-

255 2320 447 2384 signore
478 2319 537 2368 de
559 2319 755 2384 Ubigni3
780 2320 958 2368 familia
981 2322 1107 2383 Pape
1138 2335 1235 2367 non
1264 2319 1393 2368 venit
1419 2319 1466 2367 in
1500 2323 1731 2384 tempore.
1767 2319 1862 2368 Sed
1890 2323 2025 2383 post-

254 2419 398 2467 quam
421 2403 499 2451 ille
517 2402 786 2466 hospitatus
804 2403 974 2463 suerat,
999 2407 1310 2451 accesserunt
1329 2407 1587 2467 propterea
1607 2402 1668 2451 ad
1689 2401 1888 2451 domum
1905 2402 2027 2450 vice-

257 2485 529 2535 cancellarii
555 2486 742 2550 prelatii
775 2486 957 2550 palatii,
998 2486 1076 2534 ubi
1114 2486 1468 2535 descenderunt
1500 2491 1547 2534 et
1567 2486 1762 2535 nomine
1785 2485 2027 2551 pontificis

256 2569 524 2633 predictum
546 2570 774 2618 comitem
797 2575 1083 2634 receperunt
1111 2586 1220 2618 cum
1252 2570 1580 2630 excusatione,
1618 2573 1850 2634 quantum
1872 2569 2022 2618 licuit.

324 2654 504 2702 Eadem
526 2653 620 2713 die,
644 2654 693 2701 in
713 2669 875 2713 mane,
900 2653 973 2702 vel
993 2653 1118 2714 heri,
1148 2655 1502 2718 proclamatum
1526 2654 1615 2702 fuit
1637 2670 1724 2718 per
1748 2654 1945 2713 Urbem,
1969 2652 2028 2701 de

258 2737 487 2787 mandato
524 2739 653 2799 Pape
694 2752 779 2785 seu
815 2737 1158 2801 gubernatoris
1192 2738 1322 2801 quod
1363 2754 1461 2786 non
1503 2737 1737 2785 habentes
1778 2736 1964 2785 soldum
2002 2751 2030 2783 a

260 2824 404 2886 Papa,
437 2836 554 2885 rege
583 2820 783 2869 Francie
810 2820 884 2868 vel
917 2820 1038 2869 duce
1062 2819 1320 2871 Valentino
1354 2820 1476 2868 infra
1511 2824 1606 2868 tres
1645 2820 1789 2868 hores
1822 2818 2030 2867 debeant

259 2905 520 2954 recessisse
543 2904 602 2952 ab
624 2904 751 2952 Urbe
783 2908 829 2952 et
855 2903 914 2951 ad
942 2920 1049 2952 eam
1083 2919 1179 2953 non
1213 2903 1387 2962 redire,
1412 2911 1458 2951 et
1479 2903 1570 2952 alia
1598 2902 1910 2967 proclamatio
1940 2917 2028 2949 no-

261 2988 387 3036 mine
411 2987 721 3051 monsignore
743 2987 802 3035 de
833 2973 1007 3051 Ubigni
1031 2986 1286 3051 capitanei,
1314 2985 1444 3050 quod
1477 3002 1645 3035 omnes
1673 2990 1842 3051 gentes
1864 3002 1891 3034 a
1916 2999 2029 3050 rege

260 3070 459 3118 Francie
500 3069 738 3118 conducte
777 3085 863 3134 per
896 3074 1049 3118 totum
1087 3069 1215 3118 diem
1257 3069 1547 3118 hodiernum
1587 3069 1795 3118 debeant
1835 3084 1940 3118 esse
1982 3068 2028 3115 in

258 3168 430 3217 campo
454 3152 672 3201 ordinato
694 3153 819 3216 apud
839 3156 1025 3216 Aquam
1051 3155 1332 3202 Traversam
1351 3153 1437 3201 sub
1455 3168 1596 3217 pena,
1623 3156 1714 3201 etc.
1736 3151 1815 3217 (1).

324 3236 462 3286 Feria
480 3235 706 3294 secunda,
734 3238 793 3283 28
815 3236 995 3285 mensis
1011 3235 1152 3299 junii,
1179 3252 1346 3284 omnes
1363 3240 1530 3300 gentes
1552 3235 1611 3283 ad
1640 3237 1826 3299 Aquam
1853 3238 2030 3284 Trans-

260 3335 446 3368 versam
473 3318 697 3383 allogiate
714 3324 945 3367 venerunt
965 3335 1050 3382 per
1072 3322 1210 3382 prata
1230 3319 1289 3366 ad
1312 3318 1663 3367 ordinationem
1686 3320 1811 3382 Pape
1835 3318 1895 3367 ad
1916 3319 2030 3367 bur-

306 3495 335 3528 1.
366 3492 458 3541 Voy.
481 3492 563 3541 plus
581 3493 682 3538 haut,
705 3503 798 3539 page
822 3491 903 3537 146,
923 3490 954 3527 la
975 3494 1099 3543 teneur
1120 3491 1164 3528 de
1186 3489 1217 3527 la
1237 3487 1510 3540 proclamation.
