2228 3938
176 340 426 379 ,navim-1501
616 337 784 374 RERUM
819 336 1124 374 URBANARUM
1156 335 1507 373 coMMENTARll.
1910 333 1957 368 95

175 441 372 506 proprio
386 439 617 504 sauguine
641 441 1064 495 consecraverunt,
1081 437 1191 485 etin
1214 452 1421 500 quorum
1441 435 1652 484 basilicis
1667 435 1755 484 sub
1766 435 1956 482 illarum

176 524 441 590 majoribus
476 523 708 573 altaribus
754 522 972 586 ipsorum
1007 521 1335 586 apostolorum
1366 536 1573 585 corpora
1600 519 1812 585 gloriosa
1839 522 1886 567 et
1915 518 1963 566 in

174 610 359 674 maj0re
375 608 513 658 altari
529 607 737 657 ecclesie
759 605 1102 654 Lateranensis
1118 605 1278 669 capita
1296 604 1549 654 recondita
1564 603 1835 653 honorifice
1850 618 1963 652 con-

176 697 440 752 servantur,
464 707 551 756 pro
574 689 890 754 indulgentiis
913 689 1030 737 dicti
1050 689 1225 753 jubilei
1247 688 1604 752 consequendis
1623 687 1963 752 undecumque

173 776 494 841 personaliter
525 775 777 833 accedere,
810 789 899 822 nos
927 788 1014 837 per
1046 773 1163 821 alias
1195 772 1407 822 diversas
1433 772 1620 822 litteras
1647 776 1836 821 nostras
1860 771 1964 836 ple-

175 860 427 910 nissimam
461 858 612 924 ipsius
645 857 757 906 anni
783 856 953 921 jubilei
979 855 1333 920 indulgentiam
1361 856 1645 920 litterasque
1678 854 1964 905 eorumdem

177 944 579 1008 predecessorum
606 945 887 992 nostrorum
920 940 1129 1005 desuper
1157 943 1422 1001 emanataS,
1455 940 1514 989 de
1545 940 1751 988 fratrum
1775 943 1966 989 nostro-

180 1044 284 1077 rum
314 1027 514 1077 consilio
548 1025 863 1092 approbando
901 1030 949 1075 et
988 1026 1280 1086 innovando,
1318 1041 1379 1073 ne
1412 1024 1720 1088 contingeret
1755 1024 1966 1088 aliquem

178 1113 404 1177 ignorare
434 1127 520 1160 seu
548 1111 771 1160 dubitare
793 1118 894 1174 quo
912 1115 1131 1175 tempore
1160 1126 1315 1158 annus
1341 1109 1431 1158 iste
1457 1108 1630 1174 jubilei
1663 1108 1902 1172 inciperet
1922 1110 1970 1156 et

179 1212 272 1259 que
302 1199 352 1245 et
384 1199 503 1260 quot
532 1194 739 1244 ecclesie
771 1210 859 1258 pro
899 1194 1027 1242 dicta
1062 1193 1414 1258 consequenda
1446 1192 1746 1256 indulgentia
1782 1195 1828 1240 et
1854 1195 1971 1255 quot

177 1280 350 1328 diebus
393 1279 460 1327 illi
496 1278 686 1327 visitari
727 1277 980 1334 deberent,
1018 1294 1077 1327 ex
1109 1281 1244 1327 certa
1278 1281 1447 1327 nostra
1486 1276 1693 1325 scientia
1725 1293 1813 1340 per
1850 1275 1968 1323 alias

177 1363 363 1412 litteras
388 1367 577 1411 nostras
605 1361 831 1411 omnibus
858 1365 906 1410 et
929 1362 1130 1426 singulis
1151 1362 1406 1425 utriusque
1429 1376 1574 1410 sexus
1607 1359 1782 1409 Christi
1808 1358 1967 1407 tideli-

183 1446 269 1494 bus
291 1462 381 1511 per
404 1445 682 1494 universum
705 1445 878 1494 orbem
894 1445 1169 1494 constitutis
1189 1444 1523 1494 nunciavimus
1544 1448 1592 1492 et
1614 1442 1969 1492 declaravimus

183 1529 342 1594 ipsum
363 1546 544 1578 annum
562 1529 735 1595 jubilei
766 1529 815 1577 in
839 1528 1006 1593 vigilia
1031 1537 1078 1578 et
1098 1529 1268 1593 primis
1296 1528 1512 1593 vesperis
1537 1526 1807 1576 Nativitatis
1838 1527 1968 1590 ejus-

183 1613 294 1663 dem
313 1616 371 1663 D.
395 1617 451 1667 N,
479 1617 591 1663 Jesu
612 1613 790 1663 Christi
813 1613 1060 1678 preteritis
1082 1612 1330 1672 inchoare,
1352 1615 1494 1677 prout
1516 1612 1565 1659 in
1581 1611 1767 1660 eisdem
1788 1610 1966 1659 nostris

182 1695 369 1754 litteris,
404 1712 604 1760 quarum
640 1700 854 1754 tenores,
875 1703 950 1744 ‘ac
987 1695 1027 1744 si
1058 1696 1116 1745 de
1150 1696 1295 1745 verbo
1327 1696 1388 1744 ad
1420 1696 1623 1745 verbum
1655 1694 1963 1759 presentibus

187 1778 535 1839 insererentur,
563 1779 736 1828 haberi
769 1779 1007 1828 voluimus
1036 1795 1123 1844 pro
1153 1779 1453 1829 sufficienter
1481 1778 1741 1843 expressiS,
1777 1778 1969 1843 plenius

185 1863 478 1913 continetur.
496 1866 614 1913 Cum
632 1867 795 1913 autem
817 1864 940 1912 sicut
962 1864 1310 1913 nonnullorum
1332 1864 1427 1912 fide
1449 1864 1710 1927 dignorum
1733 1861 1969 1911 relatione

185 1948 463 2013 accepimus
484 1948 794 2013 quamplures
816 1948 999 1996 Christi
1021 1949 1208 2008 fideles,
1233 1948 1380 1998 etiam
1399 1947 1775 2012 archiepiscopi,
1806 1962 1965 2011 reges,

185 2031 368 2096 regine,
405 2031 570 2090 duceS,
605 2031 871 2096 principes,
902 2031 1230 2091 marchiones,
1267 2031 1475 2090 nobiles,
1508 2030 1726 2091 abbateS,
1757 2031 1961 2095 priores,

184 2113 427 2164 abbatisse
447 2119 496 2163 et
515 2113 744 2179 priorisse
767 2130 823 2163 ac
844 2114 935 2163 alie
953 2130 1162 2180 persone
1185 2115 1530 2175 ecclesiastice,
1553 2114 1697 2163 etiam
1718 2114 1964 2178 religiose,

186 2203 234 2247 et
273 2197 516 2248 seculares
556 2198 807 2263 utriusque
848 2215 991 2248 sexus
1030 2215 1118 2264 per
1154 2199 1431 2249 universam
1473 2200 1658 2248 Italiam
1699 2198 1966 2257 constituti,

186 2280 483 2332 devotissimi
511 2282 707 2347 quidem
738 2287 786 2332 et
812 2283 989 2341 affecti,
1017 2288 1065 2332 et
1085 2283 1247 2348 cupidi
1269 2284 1435 2332 salutis
1469 2283 1740 2332 animarum
1774 2298 1970 2332 suarum

187 2370 234 2415 ct
272 2365 680 2431 indulgentiarum
721 2366 846 2416 dicte
891 2367 1045 2427 Urbis,
1074 2368 1178 2432 jam
1211 2367 1292 2431 qui
1320 2384 1446 2416 anno
1482 2367 1763 2432 hujusmodi
1799 2366 1970 2431 jubilei

187 2450 410 2510 durante,
434 2450 655 2499 basilicas
685 2455 732 2499 et
759 2451 877 2500 alias
906 2451 1057 2516 ipsius
1091 2451 1232 2500 Urbis
1267 2452 1497 2500 ecclesias
1519 2469 1606 2516 pro
1629 2450 1971 2516 consequenda

190 2534 473 2583 remissione
495 2538 541 2583 et
560 2534 860 2598 indulgentia
879 2535 1158 2600 hujusmodi
1179 2552 1268 2601 per
1289 2552 1376 2585 nos
1398 2537 1664 2601 approbata
1679 2539 1727 2585 et
1748 2536 1969 2584 innovata

189 2617 397 2667 libenter
414 2617 705 2678 visitassent,
732 2618 780 2666 in
802 2619 957 2679 senio,
984 2619 1247 2680 debilitate,
1279 2619 1810 2684 corporis‘valetudine,
1836 2619 1971 2667 infir⁸

191 2701 375 2761 mitate,
395 2700 575 2765 inopia,
599 2700 884 2766 impotentia
904 2702 1173 2752 divinorum
1187 2703 1610 2767 humanorumque
1627 2700 1970 2767 obsequiorum

191 2775 264 2835 vel
280 2785 483 2835 aliorum
504 2786 822 2851 negociorum
843 2785 1162 2851 occupatione
1185 2785 1369 2835 detenti
1383 2800 1483 2835 non
1503 2785 1709 2835 fuissent
1730 2790 1813 2834 aut
1834 2800 1974 2849 guer-

192 2881 354 2917 rarum
394 2868 627 2930 turbines,
658 2870 830 2935 quibus
867 2869 971 2934 ipsa
1004 2870 1138 2919 Italia
1170 2870 1388 2935 pluribus
1423 2870 1473 2918 in
1503 2869 1624 2919 locis
1657 2869 1852 2930 afflicta,
1887 2885 1973 2917 seu

192 2953 377 3002 itineris
405 2953 647 3014 distantia,
679 2959 727 3004 et
754 2954 941 3004 diversa
960 2954 1140 3003 viarum
1169 2954 1466 3009 discrimina,
1499 2958 1546 3003 et
1573 2953 1813 3017 epidemie
1842 2968 1973 3000 mor-

194 3036 366 3085 borum
384 3037 464 3101 qui
482 3037 628 3086 etiam
645 3037 825 3088 Urbem
847 3043 998 3088 estate
1019 3038 1238 3103 proxime
1255 3037 1474 3086 discursa
1493 3037 1755 3102 plurimum
1774 3052 1974 3102 oppres-

197 3124 380 3180 serunt,
416 3120 630 3184 aliosque
672 3122 892 3172 sinistros
930 3127 1128 3172 eventus
1158 3138 1256 3171 non
1292 3122 1650 3182 formidassent,
1682 3121 1797 3185 quin
1829 3121 1974 3170 etiam

197 3203 277 3266 qui
304 3203 435 3252 nullo
463 3203 813 3269 impedimento
841 3206 1024 3255 detenti
1051 3206 1275 3255 basilicas
1306 3210 1352 3254 et
1380 3205 1612 3254 ecclesias
1633 3205 1762 3269 ipsas
1783 3204 1973 3253 visitare

197 3283 432 3334 hactenus
462 3303 560 3335 non
585 3294 962 3352 proposuerunt,
997 3289 1192 3354 cupiant
1220 3289 1337 3337 alias
1366 3289 1776 3353 indulgentiarum
1803 3287 1975 3349 hujus-

199 3366 330 3414 modi
351 3368 454 3417 fieri
474 3371 758 3436 participes3
782 3389 872 3422 nos
897 3374 977 3438 qui
999 3378 1285 3422 cunctorum
1311 3373 1527 3421 fidelium
1555 3372 1824 3420 animarum
1846 3368 1975 3416 salu-

203 3453 316 3507 tem,
352 3455 402 3498 ut
436 3468 495 3501 ex
533 3454 696 3505 debito
733 3457 986 3523 pastoralis
1019 3462 1242 3506 tenemur
1281 3456 1445 3512 officii,
1484 3453 1678 3503 intentis
1720 3450 1972 3500 desideriis
