2228 3938
107 379 110 386 ,
167 355 394 400 [Septembre
415 356 508 398 1503]
615 354 787 393 RERUM
818 351 1125 393 URBANARUM
1156 350 1511 392 COMMENTARII.
1889 359 1960 396 267

169 463 358 510 murato
375 458 519 518 osti0,
540 474 625 508 sex
639 459 870 516 fenestre,
889 472 974 505 sex
990 471 1184 515 cruces;
1206 454 1255 504 in
1277 472 1476 506 camera
1496 459 1721 519 sacriste,
1743 460 1959 511 fenestre

168 547 377 609 quatuor
399 547 446 592 et
467 542 593 591 ostia
612 543 727 601 duo,
756 539 975 590 caminus
999 555 1124 587 unus
1154 541 1202 587 et
1227 556 1377 603 parva
1405 541 1587 602 cloaca,
1626 544 1721 591 due
1743 543 1956 594 fenestre

167 641 359 675 camere
386 625 436 674 in
463 626 620 690 capite
641 624 746 673 aule
768 623 925 688 prime
954 625 1003 671 et
1026 638 1124 670 una
1147 623 1207 670 ad
1231 623 1358 671 latus
1384 640 1532 688 super
1558 626 1736 675 ostium
1770 627 1955 691 antiqui

166 725 419 769 ascensuS,
448 713 495 758 et
518 709 680 774 ipsum
714 706 891 757 ostium
926 710 974 755 et
999 706 1126 754 illius
1151 706 1200 754 in
1230 707 1510 771 oppositum
1541 710 1671 772 quod
1703 711 1955 760 descendit

165 794 226 842 ad
246 794 526 858 paradisum
546 808 556 840 :
580 793 673 840 due
698 792 912 841 fenestre
934 793 983 839 et
1003 790 1182 839 ostium
1207 792 1268 838 ad
1294 792 1585 855 speciariam
1615 795 1663 841 et
1687 793 1865 842 ostium
1890 795 1951 842 ad

163 892 411 925 cameram
431 877 588 941 prime
606 875 763 940 portis
774 875 1031 950 custodum
1048 874 1247 934 camini,
1266 875 1360 922 due
1379 875 1486 922 aule
1502 880 1550 923 et
1571 876 1698 924 illius
1716 877 1949 937 fenestre,

163 961 258 1009 due
283 960 498 1010 fenestre
515 960 622 1008 aule
647 960 707 1007 de
729 958 891 1006 medio
913 960 1148 1017 mattone,
1175 960 1224 1006 et
1244 961 1383 1022 porte
1406 959 1513 1007 aule
1540 963 1652 1007 ante
1673 961 1953 1023 paradisum

162 1059 274 1092 cum
300 1043 602 1092 mattonibus
630 1042 853 1107 integris,
881 1044 930 1090 et
959 1044 1062 1090 tres
1091 1042 1369 1090 fenestrelle
1394 1042 1453 1090 de
1479 1058 1674 1091 camera
1701 1046 1826 1107 Pape
1862 1044 1955 1093 alte
2027 1064 2031 1065 ⁷

160 1127 482 1192 respicientes
510 1127 561 1174 in
588 1126 817 1191 primam,
854 1124 1119 1174 secundam
1159 1129 1206 1173 et
1236 1125 1428 1173 tertiam
1462 1126 1614 1185 aulaS,
1647 1129 1695 1175 et
1725 1129 1958 1190 apertura

161 1211 402 1259 ostiorum
429 1210 489 1258 ab
515 1212 651 1259 extra
667 1213 804 1259 retro
829 1209 1004 1258 ostium
1028 1208 1256 1257 intrando
1282 1210 1342 1257 ad
1366 1209 1564 1258 latrinas
1586 1211 1646 1258 ad
1663 1210 1953 1274 speciariam

161 1297 210 1342 et
232 1310 479 1344 cameram
515 1294 773 1343 custodum
801 1293 958 1358 prime
991 1296 1157 1358 porte:
1185 1309 1278 1357 que
1309 1294 1475 1342 omnia
1500 1294 1723 1343 estimata
1756 1294 1954 1344 fuerunt

159 1379 221 1426 ad
251 1378 453 1427 ducatos
479 1378 731 1442 sexaginta
754 1383 964 1441 quatuor
986 1377 1044 1425 de
1068 1377 1293 1426 carlenis.

227 1461 315 1511 Die
346 1462 551 1523 sabbati,
591 1465 647 1510 16
693 1461 1005 1525 septembris,
1043 1461 1174 1510 circa
1207 1461 1382 1510 horam
1426 1460 1646 1525 quintam
1685 1462 1946 1522 decimam,

164 1545 357 1610 incepta
390 1546 478 1594 fuit
514 1545 664 1594 missa
703 1546 911 1610 Spiritus
943 1545 1097 1594 sancti
1137 1562 1283 1608 quam
1316 1545 1580 1594 celebravit
1622 1546 1880 1594 cardinalis
1909 1563 1948 1595 5.

161 1629 329 1677 Crucis
351 1628 402 1676 in
429 1629 571 1677 altari
596 1629 658 1677 ad
685 1629 781 1676 hoc
806 1628 1044 1676 ordinato.
1075 1628 1335 1676 Credentia
1359 1628 1537 1691 posita,
1563 1628 1652 1676 fuit
1674 1645 1771 1677 una
1791 1629 1956 1678 tabula

164 1728 311 1776 super
331 1712 482 1760 altare
506 1712 754 1776 lapideum
774 1727 928 1775 prope
949 1711 1100 1760 altare
1122 1714 1311 1759 tantum
1334 1711 1547 1760 existens
1571 1727 1661 1775 pro
1683 1712 1949 1761 credentia.

168 1798 403 1844 Cantores
437 1797 676 1844 steterunt
707 1795 833 1843 infra
870 1795 1140 1843 cancellum
1181 1798 1229 1843 et
1258 1795 1409 1858 aliqui
1441 1798 1574 1844 retro
1615 1796 1947 1856 credentiam;

165 1879 420 1927 celebrans
455 1878 574 1927 dixit
615 1879 733 1927 duas
773 1878 1020 1927 orationes
1064 1879 1309 1942 quaslibet
1351 1878 1439 1926 sub
1481 1894 1570 1927 sua
1604 1879 1946 1940 conclusione,

163 1960 390 2010 videlicet
412 1962 471 2010 de
494 1961 676 2029 Spiritu
701 1966 869 2010 sancto
902 1965 949 2009 et
977 1962 1035 2010 de
1058 1966 1225 2010 sancto
1252 1962 1488 2020 currenti,
1517 1962 1611 2010 alia
1645 1962 1703 2010 de
1726 1963 1841 2011 sede
1865 1978 1948 2011 va-

161 2049 321 2104 cante,
353 2044 529 2105 Gloria,
564 2045 734 2106 Credo,
762 2049 810 2094 et
840 2046 1050 2110 prefatio
1074 2046 1133 2094 de
1169 2045 1349 2109 Spiritu
1373 2050 1559 2095 sancto.
1597 2046 1757 2094 Finita
1777 2046 1944 2106 missa,

160 2128 418 2193 episcopus
443 2128 828 2193 Gallipolitanus,
862 2146 961 2178 non
986 2132 1182 2194 recepta
1198 2129 1561 2190 benedictione,
1588 2130 1816 2178 inchoata
1838 2146 1948 2178 ora-

160 2211 311 2271 tione,
335 2212 455 2260 dixit
481 2211 620 2272 Veni,
640 2221 800 2261 sancte
824 2212 1045 2276 Spiritus,
1065 2216 1113 2261 et
1135 2213 1222 2261 fuit
1243 2213 1433 2261 tediosa
1458 2218 1506 2261 et
1526 2214 1674 2277 longa
1686 2213 1840 2262 oratio
1859 2213 1941 2279 (1),

160 2311 254 2360 que
288 2295 426 2343 finita
457 2296 547 2344 fuit
576 2297 707 2346 circa
735 2297 908 2346 horam
951 2297 1208 2360 septimam
1236 2297 1503 2346 decimam:
1540 2313 1634 2360 qua
1664 2297 1815 2356 finita,
1854 2312 1946 2361 ego

161 2379 326 2442 accepi
352 2395 546 2428 crucem
577 2383 625 2428 et
649 2381 867 2445 processi
891 2397 1059 2429 versus
1082 2381 1331 2440 conclave,
1355 2397 1495 2429 verso
1518 2380 1765 2439 crucifixo,
1791 2380 1949 2429 cardi-

162 2461 348 2509 nalibus
381 2478 459 2510 me
483 2463 766 2512 immediate
802 2465 1133 2528 sequentibus.
1166 2464 1497 2512 Interfuerunt
1521 2480 1645 2511 unus
1678 2468 1725 2511 et
1751 2464 1948 2528 triginta

160 2543 450 2604 cardinales,
488 2545 710 2594 videlicet
742 2547 1110 2610 Neapolitanus,
1147 2564 1185 2595 5.
1223 2546 1356 2595 Petri
1400 2547 1460 2594 ad
1491 2547 1715 2606 Vincula,
1752 2547 1950 2595 Ulixbo-

160 2627 341 2686 11611515,
400 2629 763 2689 Recanatensis,
812 2646 847 2678 S.
893 2631 1148 2688 Praxedis,
1200 2629 1414 2692 episcopi
1430 2613 1449 2687 ;’
1488 2629 1860 2688 Alexandrinus,
1905 2645 1944 2677 s.

158 2710 342 2769 Crucis,
378 2711 652 2771 Grimanus,
684 2712 1046 2776 Agrigentinus,
1087 2711 1479 2774 Rotomagensis,
1513 2711 1818 2770 Arborensis,
1851 2715 1982 2760 Cu-V

159 2794 396 2854 sentinuS,
424 2796 823 2859 Caputaquensis,
859 2799 1121 2854 Cumanus,
1151 2794 1489 2853 Bononiensis,
1523 2795 1697 2842 Montis
1723 2795 1935 2858 Regalis,

159 2877 438 2937 PerusinuS,
485 2879 836 2928 Volaterranus
879 2883 926 2927 et
965 2880 1023 2928 de
1072 2878 1254 2937 Flisco,
1295 2877 1592 2942 presbyteri3
1637 2895 1676 2926 s.
1724 2878 1934 2941 Georgii,

160 2959 413 3020 Columna,
442 2962 696 3022 Ascanius,
732 2963 964 3022 Medices,
1002 2979 1039 3010 s.
1077 2961 1312 3021 Severini,
1351 2961 1624 3019 Cesarinus,
1659 2961 1934 3019 Farnesius,

158 3043 417 3106 Aragonia,
444 3044 505 3092 de
528 3045 782 3106 Alibretto,
816 3046 1009 3109 Borgia,
1036 3045 1302 3103 Cornelius,
1344 3044 1560 3102 diaconi;
1602 3043 1941 3092 Constantino-

162 3125 431 3189 politanus:
467 3128 591 3176 infra
621 3128 840 3188 missam,
885 3145 943 3178 ex
970 3129 1301 3178 admonitione
1330 3127 1590 3176 cardinalis
1627 3144 1665 3175 s.
1707 3127 1938 3186 Severini,

207 3295 240 3332 1.
270 3294 319 3332 Le
337 3296 502 3336 discours
522 3301 722 3338 manuscrit
739 3302 782 3338 de
797 3301 958 3350 l’eveque
978 3302 1022 3337 de
1044 3300 1212 3349 Gallipoli
1232 3311 1270 3337 se
1291 3303 1419 3336 trouve
1438 3299 1525 3335 relie
1544 3301 1566 3334 a
1586 3298 1619 3334 la
1639 3298 1732 3334 suite
1753 3298 1801 3333 du
1822 3299 1937 3334 moni-

158 3353 291 3388 torium
322 3359 448 3392 contra
476 3359 626 3396 Venetos
651 3360 696 3396 de
718 3361 750 3396 la
770 3361 813 3397 B.
835 3360 878 3398 N.
915 3360 1102 3407 (reserve)·
1127 3359 1217 3396 Biess
1242 3358 1332 3406 qu'il
1351 3370 1397 3394 ΗΘ
1418 3358 1489 3394 ΞΟῙῖ
1518 3370 1584 3405 pas
1606 3358 1792 3405 (ῘρΡΟῑΠὙΠ
1825 3357 1936 3395 (sune

139 3409 318 3468 'certaine
338 3412 508 3458 habilete,
529 3428 577 3453 vu
609 3417 645 3454 la
674 3418 852 3456 difficulte
884 3418 934 3454 du
963 3418 1071 3466 sujet,
1093 3429 1135 3454 sa
1162 3418 1298 3455 lecture
1326 3417 1499 3454 confirme
1530 3416 1752 3464 pleinement
1784 3416 1834 3452 les
1864 3415 1938 3465 ὀρὶ·

160 3468 279 3505 thetes
298 3470 342 3506 de
361 3471 561 3510 Burchard.
