2254 3944
146 430 312 470 [Janvier
334 430 428 472 1500]
595 427 766 466 RERUM
798 426 1105 465 URBANARUM
1137 426 1491 465 COMMENTARII.
1917 433 1939 466 7

149 533 436 597 suscipiens,
464 532 580 580 illud
604 532 744 594 juxta
767 530 928 578 datam
961 531 1042 579 tibi
1068 547 1096 579 a
1120 530 1327 580 Domino
1351 530 1677 594 prudentiam,
1707 530 1775 579 sic
1806 531 1938 579 solli—

150 616 242 664 cite
268 631 322 664 ac
353 615 559 663 feliciter
587 629 759 678 gerere
791 618 838 661 et
870 615 1043 679 exequi
1075 614 1273 674 audeas,
1308 614 1438 678 quod
1472 614 1643 662 exinde
1676 614 1939 663 succedant

150 700 298 764 optati
330 699 514 747 fructus
545 713 666 761 quos
700 713 975 761 speramus3
1011 702 1158 762 tuque
1190 701 1406 746 nostram
1439 703 1486 745 et
1516 697 1779 762 apostolice
1811 698 1938 747 sedis

150 783 539 831 benedictionem
564 785 612 830 et
637 780 838 844 gratiam
862 781 1036 829 exinde
1062 782 1258 829 uberius
1283 782 1444 830 valeas
1467 781 1754 845 promereri.

222 890 243 913 «
270 873 445 918 Datum
480 871 651 928 Rome,
690 867 818 931 apud
848 883 886 915 s.
922 867 1137 925 Petrum,
1167 880 1293 912 anno
1323 863 1670 913 incarnationis
1697 866 1938 915 dominice

154 956 297 1013 1500,
325 951 636 1016 pontificatus
660 951 813 1000 nostri
841 965 968 999 anno
994 953 1177 998 octavo.

218 1057 238 1078 α
274 1036 520 1084 Johannes
556 1034 859 1093 Mutinensis,
901 1033 1048 1098 gratis
1084 1033 1143 1080 de
1183 1034 1266 1081 SS.
1310 1035 1364 1082 D.
1404 1033 1558 1081 nostri
1594 1033 1841 1080 mandato.
1878 1035 1934 1082 A.

149 1123 323 1180 Draco,
351 1119 406 1168 (1.
437 1119 678 1168 Barotius.
706 1148 770 1154 —-
794 1118 1067 1182 Registrata
1088 1117 1137 1165 in
1164 1117 1423 1166 secretaria
1445 1116 1728 1181 apostolica.
1757 1137 1779 1160 n

214 1207 361 1253 Lecta
393 1209 440 1252 et
470 1204 714 1268 publicata
750 1203 835 1251 fuit
867 1202 1180 1266 retroscripta
1217 1201 1347 1249 bulla
1380 1204 1532 1249 Rome
1570 1202 1619 1249 in
1653 1201 1941 1250 cancellaria

150 1289 435 1353 apostolica,
466 1288 543 1336 die
566 1288 709 1352 jovis,
740 1290 768 1335 2
794 1286 977 1336 mensis
1004 1286 1229 1350 januarii,
1258 1301 1385 1334 anno
1416 1285 1758 1333 incarnationis
1783 1285 1939 1332 domi-

150 1373 258 1421 nice
289 1376 430 1432 1500,
458 1372 768 1436 pontificatus
795 1372 879 1419 SS.
910 1373 967 1419 D.
997 1370 1149 1419 nostri
1174 1370 1433 1419 Alexandri
1461 1370 1618 1418 divina
1641 1369 1940 1434 providentia

150 1460 277 1522 Pape
302 1459 384 1516 VI,
412 1471 539 1505 anno
562 1461 748 1514 octavo,

210 1540 428 1588 Facultas
450 1540 561 1588 data
582 1539 935 1604 penitentiariis
964 1543 1091 1604 Pape
1114 1539 1388 1599 ordinariis,
1415 1542 1635 1603 tempore
1654 1538 1844 1602 jubilei,
1879 1554 1933 1587 ac

151 1623 464 1684 modificatiO,
491 1627 537 1671 et
558 1624 795 1672 ordinatio
819 1623 1117 1671 oblationum
1135 1638 1223 1687 per
1243 1625 1423 1686 Papam
1438 1615 1592 1671 facte:

220 1706 392 1755 «Cum
422 1707 471 1753 in
504 1706 740 1770 principio
779 1706 924 1769 hujus
956 1706 1078 1753 sacri
1109 1706 1329 1754 instantis
1367 1706 1479 1754 anni
1507 1706 1678 1770 jubilei
1710 1723 1798 1771 pro
1833 1709 1937 1756 ani-

151 1805 339 1838 marum
363 1789 536 1838 Christi
558 1789 772 1837 fidelium
803 1789 864 1837 ad
888 1789 1066 1837 almam
1094 1789 1271 1838 Urbem
1298 1805 1385 1853 pro
1412 1790 1760 1853 consequenda
1785 1791 1935 1855 ipsius

151 1874 262 1922 anni
289 1872 459 1938 jubilei
494 1872 774 1936 plenissima
811 1873 1111 1937 indulgentia
1143 1873 1493 1921 confluentium
1532 1873 1708 1933 salute,
1749 1874 1936 1923 dilectis

151 1957 260 2006 filiis
303 1955 655 2019 penitentiariis
694 1956 872 2004 nostris
905 1956 954 2003 in
990 1956 1188 2004 basilica
1228 1956 1458 2020 principis
1505 1957 1835 2020 apostolorum
1877 1959 1935 2007 de

152 2041 297 2099 Urbe,
336 2040 466 2104 ipsos
502 2038 675 2086 Christi
709 2039 897 2099 fideles,
935 2040 1080 2088 etiam
1119 2040 1168 2087 in
1207 2040 1399 2088 casibus
1437 2040 1692 2089 reservatis
1732 2047 1937 2105 quatuor

149 2125 377 2173 duntaxat
410 2126 624 2190 exceptis
656 2129 768 2175 tunc
805 2106 1388 2189 expressissabsolvendi
1428 2125 1621 2189 plenam
1658 2132 1705 2175 et
1733 2126 1935 2174 liberam

147 2208 478 2257 concessimus
519 2209 817 2268 facultatem,
854 2212 997 2273 prout
1036 2209 1085 2256 in
1123 2209 1300 2257 ceteris
1340 2209 1451 2257 inde
1494 2210 1729 2259 confectis
1764 2210 1935 2258 litteris

146 2293 336 2357 plenius
355 2293 659 2353 continetur3
697 2299 744 2363 et
769 2293 880 2356 quia
908 2293 1249 2356 quamplurimi
1272 2292 1449 2341 Christi
1478 2293 1647 2342 fideles
1670 2294 1730 2342 ad
1758 2294 1935 2342 dictam

149 2377 327 2425 Urbem
341 2377 443 2441 jam
466 2382 703 2426 venerunt
723 2377 921 2426 diversis
942 2376 1379 2440 irregularitatibus
1405 2377 1594 2437 irretiti,
1626 2393 1738 2425 cum
1760 2378 1933 2441 quibus

148 2460 349 2523 predicti
376 2461 699 2524 penitentiarii
729 2461 1010 2525 dispensare
1038 2461 1376 2524 nequiverunt,
1408 2466 1455 2510 et
1486 2461 1724 2510 creditum
1753 2462 1932 2510 multos

149 2543 266 2590 alios
292 2543 420 2591 dicto
449 2559 575 2592 anno
609 2560 716 2593 esse
746 2550 973 2593 venturos
1007 2545 1087 2608 qui
1115 2545 1254 2592 dictis
1280 2545 1722 2609 dispensationibus
1744 2545 1933 2609 indige-

149 2626 294 2684 bant3
327 2631 372 2674 et
402 2627 547 2675 etiam
574 2628 710 2676 multi
738 2628 982 2691 peregrini
1009 2633 1057 2676 et
1090 2628 1309 2676 forenses
1343 2629 1422 2691 qui
1454 2628 1518 2676 ad
1549 2628 1725 2676 dictam
1757 2629 1932 2677 Urbem

151 2725 202 2766 se
239 2710 564 2770 contulerunt,
609 2711 668 2759 al)
699 2711 804 2775 ipsa
836 2727 933 2759 non
968 2711 1209 2775 completo
1240 2727 1327 2775 per
1366 2726 1450 2759 eos
1493 2727 1698 2760 numero
1737 2712 1798 2760 ad
1828 2712 1935 2760 visi-

150 2793 318 2842 tandas
344 2794 566 2843 basilicas
591 2799 637 2843 et
659 2795 890 2844 ecclesias
919 2795 1045 2844 dicte
1066 2795 1207 2843 Urbis
1231 2794 1292 2842 ad
1317 2795 1367 2842 id
1392 2795 1645 2859 deputatas
1660 2801 1928 2859 pretaxato,

147 2882 346 2942 propter
369 2878 579 2927 diversas
607 2882 653 2927 et
678 2886 990 2928 occurrentes
1012 2879 1327 2928 necessitates
1352 2879 1700 2940 discesserunt,
1735 2884 1782 2928 et
1810 2896 1935 2929 sem·

146 2976 233 3024 per
262 2962 321 3009 ad
353 2977 442 3010 nos
470 2978 614 3026 super
639 2963 964 3032 concedendis
995 2963 1434 3027 dispensationibus
1464 2963 1711 3027 predictis,
1743 2967 1790 3011 et
1820 2964 1931 3011 dicti

149 3045 380 3109 temporis
405 3046 816 3095 abbreviationem
844 3063 1069 3096 recursus
1095 3047 1265 3095 haberi
1286 3063 1384 3094 non
1414 3052 1590 3110 potest,
1623 3063 1711 3095 nos
1742 3048 1801 3096 de
1829 3047 1932 3095 ani-

147 3144 335 3177 marum
386 3129 602 3178 fidelium
647 3131 972 3193 quorumlibet
1023 3131 1175 3179 salute
1226 3131 1430 3179 sollicite
1478 3131 1748 3196 cogitantes
1791 3147 1846 3179 ac
1883 3132 1930 3178 in

148 3212 396 3275 premissis
437 3217 707 3277 opportune
739 3215 990 3278 providere
1032 3215 1268 3274 volentes,
1310 3215 1543 3279 predictis
1579 3214 1930 3279 penitentiariis

149 3293 208 3342 de
245 3311 451 3358 quorum
487 3296 600 3356 fide,
637 3297 944 3358 discretione,
988 3298 1201 3348 bonitate
1232 3304 1280 3347 et
1312 3299 1589 3363 integritate
1629 3298 1843 3361 gerimus
1882 3297 1927 3343 in

149 3378 353 3425 Domino
373 3378 599 3428 fiduciam
625 3381 885 3444 specialem
911 3385 1215 3444 pretaxatam
1246 3387 1437 3446 tempus
1460 3381 1755 3445 quindecim,
1790 3393 1929 3441 pere-

148 3459 296 3521 grinis
318 3465 365 3508 et
384 3462 655 3511 forensibus
689 3464 749 3511 ad
775 3465 1014 3513 minorem
1044 3466 1276 3528 quinque,
1312 3471 1358 3513 et
1393 3464 1621 3513 Romanis
1652 3468 1698 3509 et
1730 3463 1775 3508 in
1802 3460 1929 3508 dicta

155 3541 281 3590 Urbe
308 3546 719 3594 commorantibus
747 3547 808 3594 ad
835 3548 1072 3596 minorem
1101 3554 1286 3613 septem
1320 3548 1506 3595 dierum
1538 3560 1791 3594 numerum
1829 3558 1925 3591 non
