2228 3938
132 389 402 430 [Jnnvier1501]
581 387 749 424 RERUM
784 385 1086 424 URBANARUM
1120 384 1471 422 COMMENTARH.
1842 386 1906 422 107

202 493 331 540 Inter
358 490 652 554 loquendum
686 504 796 538 cum
829 503 924 536 uno
952 503 1011 536 ex
1038 488 1392 551 penitentiariis
1411 488 1609 536 basilice
1632 503 1670 536 S.
1697 486 1826 537 Petri
1848 487 1906 535 de

134 574 344 633 casibus,
367 574 446 638 qui
471 574 530 621 ad
563 572 772 636 collegas
810 587 924 620 suos
952 571 1153 635 singulis
1183 572 1353 620 diebus
1382 571 1684 635 perveniunt,
1713 571 1906 620 deside-

134 658 229 706 ravi
255 658 442 721 aliquos
469 656 530 705 ab
560 671 618 703 eo
652 653 939 717 intelligere,
970 654 1051 717 qui
1088 655 1205 702 mihi
1239 655 1360 703 dixit
1391 655 1548 703 varios
1577 659 1624 703 et
1657 654 1904 703 mirabiles

132 758 273 790 casus
312 741 381 789 eis
418 739 609 804 exponi,
635 754 685 786 se
713 743 876 786 tamen
905 738 1185 803 hujusmodi
1216 739 1504 787 memoriam
1538 753 1636 787 non
1666 738 1900 795 retinere;

134 841 314 889 paucos
335 825 393 874 de
416 823 588 888 quibus
606 821 950 871 recordabatur
974 822 1093 871 mihi
1115 823 1346 874 recitavit.

202 930 223 953 ι(
250 908 518 966 Quemdam
542 905 903 955 matrimonuim
929 906 1226 955 contraxisse
1251 921 1362 954 cum
1386 905 1563 969 puella,
1584 908 1903 968 etpostquam

132 1010 240 1042 eam
268 993 491 1058 cognovit
525 991 782 1041 carnaliter
811 995 859 1040 et
884 990 927 1039 ei
953 992 1013 1039 ad
1044 994 1230 1040 certum
1265 995 1451 1054 tempus
1481 989 1791 1049 cohabitavit,
1825 989 1905 1038 illa

131 1077 312 1136 relicta,
353 1076 590 1126 contraxit
624 1091 735 1124 cum
773 1074 881 1133 alia,
924 1074 1099 1123 deinde
1128 1090 1239 1122 cum
1270 1074 1439 1132 tertia;
1479 1073 1608 1122 idem
1640 1072 1753 1121 fecit
1793 1088 1905 1121 cum

131 1166 302 1226 quarta
324 1166 369 1208 et
395 1161 464 1208 sic
493 1159 666 1208 habuit
690 1163 899 1223 quatuor
925 1173 1101 1206 uxores
1126 1157 1268 1205 simul
1291 1157 1519 1207 viventes,
1548 1157 1679 1206 ldem
1707 1158 1766 1206 de
1788 1173 1907 1221 qua—

129 1245 240 1294 dam
281 1244 486 1293 muliere
520 1243 639 1292 mihi
667 1242 830 1291 retulit
858 1259 950 1307 que
981 1242 1250 1291 successive
1288 1257 1399 1291 cum
1426 1245 1633 1307 quatuor
1654 1241 1768 1291 viris
1796 1257 1908 1290 con-

128 1328 269 1377 traxit
289 1327 667 1385 matrimonium,
693 1326 919 1375 omnibus
940 1331 1173 1390 quartuor
1191 1325 1474 1375 viventibus.

194 1433 217 1457 «
248 1412 450 1470 Quidam
481 1411 729 1476 professus
761 1410 1031 1459 monachus
1078 1427 1117 1458 S.
1158 1409 1407 1459 Benedicti
1447 1410 1497 1459 in
1530 1409 1907 1475 presbyteriatus

128 1496 295 1545 ordine
328 1495 618 1544 constitutus
648 1493 889 1543 contraxit
917 1493 1282 1543 matrimonium
1312 1510 1424 1542 cum
1446 1494 1656 1558 quadam
1679 1493 1901 1551 muliere,

127 1579 274 1645 quod,
299 1579 486 1628 carnali
514 1578 690 1643 copula
724 1579 997 1637 subsecuta,
1029 1578 1405 1636 consummavit;
1436 1582 1483 1626 et
1508 1578 1906 1626 cohabitaverunt,

129 1664 270 1712 simul
288 1663 349 1712 ad
370 1663 567 1726 triginta
603 1677 755 1710 annos
790 1662 863 1710 vel
897 1661 1033 1719 citra,
1073 1665 1120 1710 et
1157 1666 1537 1725 procreaverunt
1570 1678 1653 1709 sex
1687 1661 1902 1721 soboles;

127 1750 319 1795 mortua
339 1746 513 1795 deinde
535 1745 757 1805 muliere,
776 1745 855 1793 ille
882 1745 1124 1794 contraxit.
1142 1745 1509 1793 matrimonium
1533 1761 1644 1794 cum
1663 1745 1772 1804 alia,
1793 1761 1905 1794 cum

129 1847 224 1895 qua
238 1830 466 1879 habitavit
479 1831 541 1878 ad
564 1834 750 1894 septem
767 1845 919 1878 annos
941 1829 1014 1878 vel
1030 1830 1159 1878 circa
1180 1835 1226 1877 et
1246 1845 1353 1878 eam
1374 1830 1635 1878 carnaliter
1659 1830 1905 1893 cognovit3

128 1915 256 1964 venit
292 1916 351 1963 ad
381 1914 621 1979 jubileum
660 1918 707 1962 et
742 1914 844 1978 ipse
886 1914 1113 1978 cognovit
1154 1929 1263 1962 vero
1301 1929 1517 1962 errorem
1552 1930 1711 1962 suum.
1752 1915 1904 1974 Alius,

129 2003 387 2063 postquam
405 2002 713 2046 contraxerat
731 1997 1097 2046 matrimonium
1117 2013 1227 2045 cum
1249 1997 1457 2060 quadam
1478 1997 1697 2058 muliere,
1724 2002 1771 2046 et
1791 1997 1906 2045 illud

129 2082 310 2131 carnali
335 2082 510 2146 copula
534 2086 938 2140 consummasset,
968 2081 1080 2129 fecit
1101 2098 1152 2129 se
1174 2081 1222 2129 in
1240 2081 1578 2146 presbyterum
1600 2081 1831 2140 ordinari,
1861 2086 1907 2130 et

130 2166 379 2214 ordinatus
401 2165 637 2214 contraxit
661 2165 1024 2214 matrimonium
1046 2181 1158 2214 cum
1181 2165 1273 2214 alia
1293 2180 1459 2214 uxore.

196 2271 218 2294 «
246 2249 455 2307 Quidam
482 2250 709 2313 cognovit
735 2250 996 2298 carnaliter
1013 2251 1271 2313 quamdam
1293 2250 1568 2309 mulierem,
1598 2249 1772 2300 deinde
1795 2266 1908 2298 con-

127 2333 274 2381 traxit
294 2334 657 2382 matrimonium
679 2350 789 2383 cum
820 2334 918 2382 filia
948 2334 1074 2383 illius
1102 2351 1247 2399 quam
1276 2335 1410 2399 prius
1444 2334 1699 2383 carnaliter
1720 2350 1903 2399 cogno-

129 2421 290 2475 verat3
319 2418 450 2468 venit
465 2419 525 2467 ad
546 2418 787 2482 jubileum
811 2422 860 2467 et
883 2419 985 2483 ipse
1008 2435 1124 2468 vero
1151 2419 1372 2483 cognovit
1395 2435 1620 2468 errorem
1646 2436 1804 2469 suum.

200 2521 222 2544 «
257 2501 463 2558 Quidam
489 2503 747 2567 presbyter
771 2502 996 2566 cognovit
1021 2502 1285 2550 carnaliter
1310 2506 1539 2567 nepotem
1566 2519 1703 2552 suam
1728 2520 1821 2568 que
1846 2521 1904 2552 ex

132 2600 189 2633 eo
214 2585 440 2649 concepit
465 2588 513 2634 et
538 2585 692 2633 fllium
715 2586 922 2650 peperit,
961 2601 1103 2649 quem
1136 2587 1394 2650 presbyter
1429 2587 1530 2650 ipse
1562 2591 1609 2635 et
1634 2582 1782 2650 pater
1799 2591 1913 2651 post

131 2671 326 2734 partum
350 2668 609 2732 baptizavit
634 2672 682 2717 et
707 2669 871 2718 statim
897 2669 1074 2717 occidit
1099 2673 1146 2717 et
1170 2670 1389 2733 sepelivit
1413 2670 1462 2717 in
1487 2671 1695 2729 stabu10,
1717 2674 1764 2719 et
1788 2670 1910 2719 nihi-

133 2751 342 2800 lominus
379 2753 440 2801 ad
479 2753 651 2802 decem
688 2756 736 2801 et
774 2756 884 2801 octo
923 2768 1075 2800 annos
1105 2757 1362 2816 sequentes
1395 2754 1659 2802 celebravit
1690 2754 1904 2813 missam,

132 2836 265 2884 nulla
297 2852 446 2901 super
478 2836 728 2900 premissis
761 2836 1123 2901 dispensatione
1155 2837 1229 2885 vel
1263 2837 1660 2886 rehabilitatione
1691 2838 1908 2887 obtenta.

200 2941 222 2964 «
252 2920 385 2969 Alius
412 2920 538 2968 vovit
561 2920 747 2969 intrare
772 2920 1087 2985 religionem;
1121 2921 1314 2972 intravit
1346 2921 1568 2969 ordinem
1597 2938 1635 2969 S.
1666 2922 1912 2970 Francisci

133 3004 192 3050 de
231 3004 545 3052 observantia
577 3007 624 3052 et
656 3004 781 3053 infra
805 3004 988 3068 primos
1012 3009 1222 3069 quatuor
1248 3021 1441 3054 menses
1472 3005 1584 3054 anni
1612 3006 1914 3070 probationis

134 3086 277 3135 exivit
301 3091 595 3136 conventum
621 3092 684 3147 et,
715 3089 924 3137 demisso
952 3090 1138 3148 habitu,
1172 3105 1283 3138 cum
1309 3090 1518 3153 quadam
1541 3089 1743 3137 muliere
1767 3089 1914 3137 mari-

136 3173 235 3218 tata
271 3171 512 3220 contraxit
544 3172 926 3232 matrimonium,
968 3189 1114 3237 quam
1152 3173 1398 3238 cognitam
1429 3174 1697 3221 carnaliter
1730 3173 1909 3220 dimisit

138 3256 185 3299 et
207 3253 402 3304 intravit
425 3255 570 3304 aliam
594 3256 900 3321 religionem,
929 3272 1076 3320 quam
1100 3257 1224 3305 infra
1247 3273 1429 3305 annum
1445 3257 1750 3320 probationis
1776 3256 1911 3303 dese-

139 3334 231 3382 ruit
266 3340 311 3384 et
340 3339 579 3387 contraxit
609 3340 976 3388 matrimonium
1014 3356 1125 3388 cum
1158 3340 1253 3388 alia
1289 3340 1494 3387 muliere
1528 3340 1773 3394 maritata,
1815 3352 1907 3399 qua

139 3418 400 3466 carnaliter
412 3435 500 3483 per
515 3437 625 3469 eum
643 3424 853 3486 cognita,
877 3439 987 3470 cum
1014 3423 1326 3472 intellexisset
1344 3439 1447 3470 esse
1464 3422 1663 3470 alterius
1679 3434 1903 3474 uxorem,

143 3499 324 3548 dimisit
351 3517 455 3549 eam
487 3507 531 3551 et
568 3506 808 3552 contraxit
846 3506 1206 3552 matrimonium
1243 3521 1351 3552 cum
1380 3505 1473 3551 alia
1505 3503 1708 3550 muliere
1735 3501 1903 3552 libera,
