2228 3938
332 360 402 401 238
941 356 1171 393 ιΙΟΗΑΝΝΙΞ
1205 356 1500 402 BURCHARDI,
1883 358 2103 401 [Aoat1503]
2167 322 2178 336 <

335 477 461 518 meo,
492 459 620 522 quod
643 458 849 506 haberet
869 472 1036 506 curam
1059 459 1243 506 funeris
1268 459 1506 507 defuncti:
1533 465 1799 524 propterea
1819 477 1909 525 ego
1933 461 2103 509 nolens

333 543 439 608 plus
465 557 637 605 sapere
662 556 808 605 quam
833 544 1103 604 oporteret,
1131 558 1228 590 non
1259 542 1457 590 interfui
1489 559 1644 607 neque
1670 544 1830 608 aliquo
1856 543 2001 592 modo
2025 543 2104 591 me

333 625 575 675 intromisi
604 641 614 673 :
642 627 750 688 post
774 625 949 673 horam
972 626 1256 690 vigesimam
1289 629 1515 690 quartam
1539 627 1757 692 ejusdem
1782 627 1895 686 diei,
1927 642 2104 690 corpus

335 709 452 758 dicti
478 707 735 758 cardinalis
761 708 972 756 defuncti
996 708 1317 774 paratum(1).

401 793 610 842 Sa'bbato
642 790 721 856 (2),
760 791 837 839 die
874 795 930 839 12
968 791 1172 855 augusti,
1213 793 1261 840 in
1286 808 1443 856 mane,
1485 796 1616 857 Papa
1650 793 1798 842 sensit
1832 809 1883 842 se
1921 793 2103 841 habere

334 876 459 925 male
490 891 500 923 ι
534 878 645 940 post
676 876 851 923 horam
883 882 1198 938 vesperarum
1234 876 1516 940 vigesimam
1548 893 1694 926 unam
1725 877 1798 926 vol
1823 876 2104 941 vigesimam

335 959 618 1018 secundam,
641 959 768 1007 venit
789 957 937 1005 febris
958 974 1050 1021 que
1075 959 1252 1007 mansit
1276 959 1523 1008 continua.

401 1042 486 1092 Die
522 1046 578 1091 15
617 1041 826 1107 augusti,
863 1044 1076 1090 extracte
1110 1043 1300 1091 fuerunt
1331 1043 1372 1091 ei
1402 1043 1636 1093 tredecim
1669 1043 1809 1094 uncie
1841 1043 2102 1109 sanguinis,

334 1126 408 1175 vel
432 1126 582 1186 circa,
607 1129 654 1174 et
680 1125 957 1190 supervenit
980 1124 1126 1181 febris
1150 1125 1376 1175 tertiana.

401 1209 486 1258 Die
505 1210 645 1274 jovis,
680 1213 756 1269 17,
782 1210 904 1259 hora
927 1209 1230 1269 duodecima,
1257 1210 1446 1274 accepit
1466 1210 1775 1260 medicinam.

402 1293 487 1342 Die
505 1293 712 1352 veneris,
737 1297 811 1352 18,
838 1294 969 1342 circa
988 1292 1162 1342 horam
1180 1293 1517 1342 duodecimam
1534 1294 1603 1342 vel
1625 1287 1967 1356 tredecimam,
1990 1310 2106 1344 con-

341 1378 494 1426 fessus
543 1381 616 1425 est
665 1378 721 1424 D.
767 1379 936 1437 Petro,
973 1376 1199 1441 episcopo
1241 1377 1481 1426 Calmensi
1522 1377 1600 1443 (3),
1639 1372 1720 1442 qui
1767 1379 1942 1427 deinde
1992 1378 2108 1426 dixit

336 1477 499 1510 coram
549 1475 607 1509 eo
653 1461 876 1520 missam3
905 1462 952 1508 et
998 1465 1107 1523 post
1155 1459 1548 1510 communionem
1591 1478 1745 1522 suam,
1798 1462 1930 1510 dedit
1979 1465 2107 1526 Pape

340 1542 526 1591 sedenti
556 1542 604 1590 in
631 1543 759 1591 lecto
797 1546 1156 1591 sacramentum
1187 1544 1492 1593 encharistie.
1535 1548 1637 1601 Quo
1674 1546 1818 1605 facto,
1853 1545 2109 1610 complevit

336 1626 533 1675 missam
556 1626 633 1675 cui
661 1626 986 1675 interfuerunt
1007 1626 1218 1690 quinque
1243 1627 1532 1688 cardinales,
1555 1627 1776 1677 videlicet
1796 1627 2102 1687 Arborensis‚

334 1798 487 1846 dernier,
511 1796 659 1836 ecrivait
689 1797 722 1835 le
744 1800 788 1836 15
806 1797 936 1836 fevrier
958 1810 965 1836 :
994 1814 1012 1833 «
1034 1799 1064 1836 Il
1084 1799 1265 1837 cardinale
1286 1799 1409 1836 Orsini
1428 1799 1466 1836 in
1484 1799 1651 1849 prigione
1671 1800 1718 1837 da
1739 1798 1844 1849 segni
1865 1800 1900 1836 di
1920 1798 2076 1837 frenesin
2096 1810 2106 1836 ι

334 1860 366 1903 el
384 1859 522 1908 judicio
543 1859 609 1896 che
641 1858 676 1894 di
697 1863 828 1908 questa
847 1858 1009 1896 malattia
1030 1858 1062 1895 si
1087 1859 1136 1902 fa,
1157 1859 1255 1896 lasso
1273 1860 1340 1896 che
1360 1859 1394 1896 la
1413 1859 1607 1898 Sublimita
1639 1860 1774 1897 Vostra
1789 1870 1855 1908 per
1873 1859 1907 1897 la
1926 1859 2107 1908 sapientia

336 1931 402 1956 sua
415 1919 447 1956 el
461 1919 598 1968 judica,
622 1934 641 1953 »
663 1919 713 1967 (p.
730 1919 834 1966 398);
858 1934 877 1952 «
898 1919 1043 1955 Biberat
1063 1919 1210 1956 calicem
1234 1934 1267 1964 »,
1289 1931 1427 1956 comme
1451 1919 1504 1956 dit
1524 1920 1726 1957 Burchard.

382 1980 415 2015 1.
444 1978 547 2015 Ainsi
569 1990 608 2015 se
628 1978 778 2015 termine
798 1978 830 2015 le
850 1982 946 2015 tome
966 1978 998 2015 V
1018 1979 1066 2015 du
1086 1990 1175 2016 mss.
1199 1979 1304 2028 Chigi
1326 1979 1367 2022 L,
1393 1980 1426 2025 1,
1445 1981 1502 2025 14,
1523 1980 1548 2018 f.
1573 1980 1640 2016 198
1660 1986 1710 2024 v⁰,
1728 1983 1765 2016 et
1783 1979 1816 2016 le
1835 1991 1926 2016 mss.
1948 1977 2109 2028 Maglia-

332 2038 462 2075 becchi
484 2039 564 2083 151,
591 2038 615 2074 f.
643 2039 712 2074 182
731 2042 782 2075 v⁰.
806 2038 855 2074 Le
881 2037 988 2086 Chigi
1015 2038 1169 2086 reprend
1195 2038 1351 2084 ensuite,
1376 2050 1463 2075 avec
1493 2050 1563 2075 une
1589 2039 1754 2076 nouvelle
1781 2038 2005 2088 pagination,
2033 2040 2055 2075 a
2073 2038 2108 2075 la

333 2098 416 2135 date
434 2098 490 2146 {du
517 2097 655 2134 samedi
677 2098 721 2134 12
748 2100 846 2143 aout,
872 2097 965 2135 ainsi
988 2109 1058 2146 que
1080 2097 1113 2134 le
1132 2109 1222 2135 mss.
1247 2099 1328 2144 152,
1351 2110 1438 2135 avec
1458 2110 1498 2135 ce
1521 2098 1603 2136 titre
1626 2110 1634 2135 :
1656 2099 1864 2135 Aleoeandri
1885 2099 1988 2135 Seaeti
2008 2109 2107 2145 pape

336 2159 452 2194 obitus
472 2161 506 2194 et
524 2159 584 2194 Pii
606 2158 720 2194 Tertii
739 2159 886 2194 creatio.
903 2158 1032 2194 MGIII.

380 2219 415 2254 2.
442 2217 651 2264 calmensis,
674 2216 854 2263 Carinola‚
875 2218 967 2254 dans
998 2218 1030 2255 le
1057 2230 1227 2268 royaume
1247 2219 1312 2259 des
1338 2219 1609 2258 Deux-Siciles.
1632 2220 1712 2268 Voy
1748 2220 1830 2268 plus
1847 2219 1952 2262 haut,
1973 2230 2069 2268 page
2085 2219 2106 2255 4

334 2281 418 2314 note
440 2276 473 2314 1.
497 2277 564 2324 (La
592 2276 705 2313 forme
729 2278 944 2324 Catinensis,
969 2278 1111 2315 donnee
1139 2290 1205 2328 par
1235 2278 1394 2325 Rinaldi,
1416 2283 1442 2317 t.
1474 2280 1590 2324 XXX,
1612 2292 1648 2328 p.
1668 2280 1751 2322 391,
1775 2283 1830 2317 est
1849 2291 1922 2316 une
1940 2279 2039 2316 faute
2059 2277 2105 2314 de

334 2336 504 2386 copiste).
526 2337 706 2385 L'eveque
725 2337 769 2373 de
801 2341 893 2374 cette
919 2336 1001 2375 ville
1022 2338 1109 2375 etait
1129 2339 1250 2375 Pierre
1273 2339 1447 2385 Gamboa,
1480 2338 1618 2376 vicaire
1645 2340 1694 2376 du
1713 2351 1805 2388 pape
1825 2343 1861 2376 et
1897 2350 1964 2376 son
1992 2336 2106 2375 assis-

334 2399 414 2434 tant
434 2396 553 2433 fidele.
576 2396 647 2433 Sur
666 2395 700 2432 la
719 2395 872 2433 maladie
894 2401 929 2433 et
947 2397 981 2434 la
994 2401 1091 2434 mort
1108 2397 1349 2435 d’Alexandre
1366 2398 1430 2441 VI,
1451 2410 1535 2448 voy.
1555 2398 1607 2435 les
1622 2399 1802 2447 depeches
1822 2398 1867 2435 de
1888 2396 2108 2435 Giustiniaui

335 2460 372 2494 et
393 2457 443 2493 les
462 2460 567 2493 notes
594 2456 638 2492 de
664 2454 802 2502 Villari,
823 2460 850 2493 t.
874 2457 919 2502 II,
937 2468 974 2505 p.
998 2458 1066 2494 107
1086 2462 1122 2495 et
1142 2458 1256 2504 suiv.;
1280 2459 1538 2507 Gregorovius,
1569 2458 1630 2507 qui
1658 2458 1744 2495 s'est
1769 2458 1855 2494 livre
1874 2457 1894 2494 a
1915 2469 1963 2494 un
1985 2456 2105 2493 minu-

335 2514 436 2552 tieux
457 2527 608 2553 examen
628 2515 694 2552 des
714 2515 928 2553 documents
946 2517 1237 2566 contemporains
1261 2517 1398 2555 relatifs
1418 2520 1440 2554 a
1460 2523 1516 2556 cet
1535 2521 1760 2563 evenement‚
1784 2519 1903 2555 Storia
1923 2518 1963 2554 di
1981 2519 2105 2561 Roma,

337 2578 364 2611 t.
385 2575 465 2621 VII,
487 2587 528 2623 p.
553 2575 624 2611 579
644 2579 681 2612 et
710 2574 820 2621 suiv.‚
843 2580 878 2612 et
910 2576 1064 2622 Sanuto,
1093 2581 1120 2614 t.
1143 2577 1188 2623 V,
1215 2578 1284 2615 col.
1306 2578 1352 2614 93
1372 2581 1408 2615 et
1439 2576 1533 2617 suiv.
1557 2576 1799 2615 Giucciardini
1830 2576 1891 2625 qui
1911 2588 1933 2614 a
1964 2576 1995 2612 le
2024 2574 2107 2624 plus

336 2634 524 2672 contribue
545 2637 565 2671 a
584 2635 761 2683 repandre
781 2635 953 2684 l’opinion
975 2648 1044 2684 que
1064 2637 1097 2673 le
1117 2648 1208 2685 pape
1227 2636 1312 2674 etait
1336 2642 1430 2675 mort
1449 2636 1686 2686 empoisonne
1706 2641 1763 2674 est
1782 2636 1970 2684 beaucoup
1989 2633 2107 2671 moins

336 2693 524 2731 affirmatis
540 2694 631 2731 dans
661 2706 725 2732 son
747 2694 898 2732 histoire
915 2695 959 2731 de
978 2695 1149 2733 Florence
1172 2708 1180 2733 :
1204 2711 1222 2730 «
1244 2697 1295 2733 La
1320 2696 1471 2745 cagione
1489 2697 1582 2734 della
1604 2708 1672 2734 sua
1689 2700 1802 2733 morte
1817 2695 1848 2732 si
1867 2695 1968 2732 disse
1985 2692 2105 2731 varia-

336 2758 469 2799 mente,
492 2754 712 2791 nondimeno
732 2754 766 2791 la
786 2755 848 2803 piu
877 2758 979 2803 parte
1000 2754 1031 2791 si
1051 2756 1249 2794 accordo...
1279 2771 1297 2790 »
1329 2757 1442 2804 Opere
1467 2757 1601 2794 inedite
1621 2758 1802 2794 illustrate
1823 2755 1869 2792 da
1900 2754 1943 2792 G.
1972 2753 2107 2791 Canes-

334 2812 432 2860 trini,
452 2818 480 2851 t.
502 2813 600 2856 VIII,
621 2826 658 2862 p.
684 2815 767 2851 301.

351 2922 353 2925 v
382 2874 415 2909 3.
447 2888 465 2907 «
487 2873 611 2910 Pridie
637 2885 746 2922 quam
765 2873 940 2923 languere
967 2874 1159 2924 coepisset,
1182 2879 1408 2924 spectaverat
1427 2876 1551 2924 (papa)
1571 2887 1590 2913 e
1609 2875 1767 2913 fenestra
1785 2873 1895 2911 funus
1927 2869 2105 2910 Guillelmi

335 2932 545 2981 Raymundi
566 2933 832 2982 consanguinei
852 2933 1011 2971 cohortis
1043 2935 1212 2983 palatinoe
1232 2935 1406 2984 prael'ecti,
1436 2935 1556 2973 fratris
1584 2934 1746 2984 germani
1777 2934 1930 2971 Joannis
1962 2930 2107 2979 Borgiae

337 2991 532 3029 cardinalis
568 2993 856 3041 Montisregalis‚
891 2993 951 3040 qui
984 2994 1158 3031 Kalendis
1191 2994 1337 3042 augusti
1366 2994 1519 3040 obierat,
1553 2994 1712 3031 hominis
1744 2991 1968 3042 praepinguis
1998 2995 2107 3038 atque

339 3047 441 3088 obesi
462 3051 642 3100 corporist
665 3065 736 3101 quo
749 3052 954 3101 spectaculo
974 3053 1140 3091 tristatus
1155 3055 1299 3092 fatalem
1320 3067 1402 3092 eum
1419 3064 1581 3091 mensem
1596 3051 1873 3101 praepinguibus
1889 3061 1969 3087 esse
1989 3048 2105 3086 dixit:

338 3123 422 3148 nam
442 3116 479 3149 et
499 3111 576 3161 ipse
596 3113 802 3150 Alexander
821 3113 932 3151 obeso
947 3126 1095 3163 corpore
1114 3119 1209 3153 erat.
1232 3115 1302 3152 Vix
1326 3116 1404 3157 haec
1424 3114 1566 3150 dixerat
1587 3122 1669 3148 cum
1694 3110 1893 3160 aquilaster
1913 3109 1988 3147 sive
2008 3107 2106 3146 bubo

337 3169 383 3208 ad
416 3171 494 3219 ejus
515 3172 628 3219 pedes
656 3172 837 3210 advolavit
857 3176 893 3210 et
924 3172 1098 3217 concidit;
1119 3186 1191 3222 quo
1220 3174 1328 3211 etiam
1352 3173 1505 3222 augurio
1533 3171 1681 3209 territus
1699 3171 1734 3208 in
1763 3169 1968 3208 cubiculum
1988 3168 2106 3215 rediit,

338 3226 536 3267 identidem
568 3231 693 3268 dicens
718 3242 726 3268 ε
750 3246 768 3266 «
788 3233 922 3269 malum
948 3234 1161 3278 auqurium,
1187 3234 1322 3270 malum
1353 3234 1550 3278 auqurium
1576 3230 1640 3267 hoc
1664 3234 1730 3267 est.
1762 3245 1779 3264 n
1803 3228 1978 3279 Sequenti
2003 3232 2108 3265 nocte

339 3299 421 3333 eum
447 3289 558 3327 febris
578 3289 714 3327 invasit
732 3289 834 3334 levis,
854 3294 889 3327 et
908 3299 988 3338 qum
1020 3302 1093 3327 non
1112 3290 1296 3343 videretur
1312 3290 1356 3327 ad
1377 3295 1528 3328 mortem
1555 3293 1723 3338 tendere;
1745 3290 1804 3328 cui
1833 3294 1954 3328 tamen
1982 3291 2109 3326 octava

340 3347 413 3395 die,
444 3362 525 3398 quae
552 3349 620 3386 suit
649 3349 735 3386 XIII
764 3344 850 3387 Kal.
883 3348 1099 3397 septembris
1132 3349 1269 3395 MDIII,
1301 3348 1429 3386 viatico
1462 3349 1589 3387 animoe
1609 3349 1679 3387 ritu
1713 3348 1912 3386 christiano
1938 3350 2109 3396 suscepto

343 3409 548 3447 succubuit.
571 3425 590 3444 n
612 3408 849 3459 Sigismondo
876 3407 932 3446 de’
954 3407 1073 3454 Conti,
1095 3412 1122 3448 t.
1145 3409 1188 3454 ll,
1219 3421 1255 3458 p.
1287 3410 1370 3447 267.
1391 3408 1487 3447 C'est
1511 3407 1543 3447 le
1565 3409 1644 3447 seul
1667 3408 1758 3447 recit
1776 3406 2044 3458 contemporain
2062 3408 2110 3444 οὺ

340 3466 365 3503 il
386 3468 458 3506 soit
475 3468 539 3507 fait
557 3470 717 3508 mention
738 3470 782 3507 de
801 3472 894 3507 cette
913 3469 1105 3506 anecdote.
