2228 3938
289 358 359 395 280
901 357 1131 394 JOHANNIS
1165 357 1460 402 BURCHARDI,
1781 361 1947 399 [octobre
1973 361 2066 415 1503]

290 461 419 507 mani
441 460 535 506 hoc
557 460 716 507 facere
740 460 799 507 ad
821 460 983 522 plures
1005 460 1125 517 dies,
1155 467 1201 507 et
1228 460 1363 506 multi
1382 460 1429 506 in
1458 465 1663 518 secreto,
1688 467 1880 508 centum
1900 462 2060 521 simul,

289 546 337 590 et
374 543 534 605 plures
569 543 904 604 equitaverunt
941 545 1050 605 post
1082 558 1311 605 campum
1349 542 1597 590 Gallorum
1638 547 1687 591 ut
1724 543 1956 591 inferrent
1993 544 2062 592 eis

294 626 490 672 damna.
513 679 521 688 ·

353 708 438 755 Die
458 708 599 771 jovis,
629 711 687 754 28
714 708 1020 771 septembris,
1039 694 1166 772 ,post
1199 711 1472 773 prandium,
1509 710 1764 758 cardinalis
1794 726 1831 757 s.
1866 711 2059 773 Georgii

286 791 404 838 dixit
447 791 698 847 Saonensi,
747 791 1016 854 Spoletino,
1061 793 1432 855 prothonotario
1473 793 1531 840 de
1573 793 1828 857 Spiritibus
1866 793 2065 841 etmihi

287 890 451 921 coram
492 889 549 921 eo
593 875 899 937 congregatis
940 875 1068 937 quod
1105 878 1233 940 Papa
1280 882 1474 940 propter
1520 876 1697 924 malam
1735 875 2059 923 valetudinem

286 957 434 1004 nollet
477 957 525 1003 in
570 956 647 1004 die
688 958 1015 1004 coronationis
1057 974 1139 1006 sue
1173 959 1390 1022 equitare
1422 960 1481 1006 ad
1513 975 1550 1005 S.
1587 959 1877 1017 Johannem,
1905 957 1990 1005 sed
2010 958 2069 1004 ad

288 1057 325 1086 s.
352 1042 546 1086 Petrum
572 1039 712 1087 vellet
733 1039 973 1102 proficisci
995 1057 1004 1098 ;
1027 1041 1201 1089 deinde
1223 1042 1347 1090 bene
1371 1048 1568 1090 sanatus
1583 1041 1742 1089 vellet
1767 1040 1987 1103 equitare
2010 1041 2069 1087 ad

286 1125 594 1170 Lateranum.

352 1205 530 1253 Eadem
553 1205 645 1264 die,
676 1208 804 1268 Papa
836 1206 1071 1253 conclusit
1102 1222 1293 1254 mecum
1324 1206 1442 1253 velle
1477 1222 1652 1269 capere
1684 1205 1904 1253 ordinem
1926 1221 2062 1268 pres—

290 1287 534 1351 byteratus
556 1288 634 1336 die
657 1289 842 1335 sabbati
865 1294 911 1335 et
932 1289 1175 1336 dominica
1196 1288 1470 1335 consecrari
1493 1304 1520 1335 a
1543 1305 1580 1335 s.
1611 1289 1738 1336 Petri
1757 1288 1817 1335 ad
1839 1287 2061 1344 Vincula,

287 1374 334 1418 et
355 1371 537 1418 habere
561 1387 830 1418 assessores
853 1371 1105 1434 episcopos
1130 1373 1427 1419 Saonensem
1455 1375 1501 1417 et
1531 1371 1862 1433 Spoletanum,
1889 1370 1948 1418 de
1972 1385 2096 1432 quo,

285 1453 458 1501 avisavi
478 1454 774 1501 cardinalem
798 1471 836 1501 s.
862 1454 991 1501 Petri
1014 1454 1074 1501 ad
1094 1454 1314 1503 Vincula.

352 1536 438 1583 Die
470 1536 676 1594 veneris,
717 1539 776 1583 29
807 1536 1114 1599 septembris,
1147 1537 1366 1584 ordinavi
1399 1537 1563 1584 sedem
1592 1553 1680 1599 pro
1715 1540 1861 1599 Papa,
1894 1536 1943 1583 in
1970 1550 2066 1598 qua

287 1620 462 1666 sedens
508 1618 728 1666 cruribus
763 1619 973 1666 extensis
1019 1619 1323 1666 ordinaretur
1357 1634 1413 1665 ac
1451 1619 1735 1677 celebraret,
1773 1623 1820 1665 et
1851 1633 2070 1665 mensam

285 1702 481 1764 longam
504 1718 590 1765 pro
624 1702 790 1760 altare,
820 1707 866 1750 ut
890 1704 1039 1766 pedes
1065 1703 1232 1750 subtus
1256 1701 1449 1750 extendi
1468 1707 1682 1764 possent.

352 1785 438 1832 Die
481 1785 685 1842 sabbati,
730 1788 789 1832 30
834 1786 1234 1848 septembris„in
1279 1785 1400 1833 festo
1439 1800 1477 1831 s.
1527 1783 1834 1848 Hieronymi,
1885 1784 2066 1846 paratis

287 1868 509 1914 omnibus
543 1872 690 1930 prout
723 1869 772 1914 in
798 1869 960 1915 libello
991 1885 1077 1931 per
1106 1884 1183 1915 me
1219 1868 1438 1915 ordinato
1466 1867 1515 1914 in
1543 1866 1688 1915 tertia
1708 1881 1929 1934 camera,
1963 1870 2072 1928 post

288 1950 447 1997 aulam
469 1951 770 2012 pontificum,
786 1954 949 2007 Rmus.
964 1955 1020 1999 D.
1050 1951 1306 1999 cardinalis
1328 1967 1365 1998 s.
1390 1950 1517 1998 Petri
1543 1950 1602 1997 ad
1620 1949 1824 1999 Vincula
1836 1948 2073 2004 ordinavit

287 2035 466 2095 Papam
490 2019 537 2079 in
563 2033 918 2097 presbyterum,
945 2034 1157 2097 acceptis
1180 2050 1269 2097 per
1296 2040 1550 2095 utrumque
1572 2031 1868 2095 paramentis
1892 2030 2060 2078 solitis.

288 2116 556 2163 Cardinalis
588 2132 625 2163 s.
665 2118 792 2164 Petri
829 2117 888 2164 ad
920 2117 1125 2166 Vincula
1158 2117 1364 2165 accessit
1394 2117 1441 2162 in
1474 2116 1670 2178 planeta
1708 2114 1767 2161 ad
1804 2116 1982 2176 Papam
2014 2113 2061 2159 in

288 2198 367 2245 illa
389 2199 500 2246 sede
532 2200 769 2259 ordinata,
805 2201 862 2247 ad
891 2202 1052 2247 omnia
1081 2200 1347 2258 sedentem,
1375 2203 1420 2246 et
1445 2199 1514 2245 sic
1537 2197 1672 2260 petiit
1700 2196 1789 2244 sibi
1814 2195 1935 2244 tradi
1965 2195 2063 2258 pal-

286 2281 402 2327 lium
426 2282 613 2330 ratione
645 2283 849 2330 ecclesie
883 2283 1114 2330 Ostiensis
1135 2283 1263 2345 quod
1286 2296 1532 2343 nunquam
1562 2278 1747 2326 habuit.
1777 2281 1906 2341 Pape
1930 2276 2062 2324 dedit

288 2364 376 2411 sibi
412 2364 577 2412 dicens
606 2384 614 2412 ι
659 2386 679 2409 «
711 2366 887 2429 Accipe
917 2366 1117 2429 pallium
1154 2365 1430 2412 universalis
1465 2363 1675 2410 Ecclesie
1709 2381 1751 2420 »,
1793 2360 1967 2408 deinde
2000 2377 2064 2408 ex

285 2446 410 2494 libro
442 2452 582 2509 prout
620 2448 667 2494 in
699 2448 881 2506 forma3
916 2454 962 2495 et
998 2464 1087 2511 ego
1123 2448 1281 2511 aptavi
1306 2446 1517 2510 spinulas
1553 2447 1679 2507 Pape
1705 2444 1753 2490 in
1783 2442 2059 2507 hujusmodi

286 2528 431 2591 pallio
475 2530 523 2576 in
561 2545 655 2592 quo
694 2547 731 2577 s.
775 2532 902 2578 Petri
942 2531 1003 2578 ad
1035 2530 1240 2580 Vincula
1273 2528 1536 2577 celebravit
1570 2530 1616 2574 et
1656 2525 1893 2573 ordinavit
1933 2539 2062 2571 eum.

287 2613 335 2658 S.
373 2612 563 2675 Georgii
600 2619 646 2659 et
671 2613 922 2672 Columna,
950 2613 1157 2669 diaconi,
1184 2612 1470 2659 assisterunt
1500 2613 1626 2672 Pape
1649 2609 1696 2655 in
1727 2606 1993 2658 dalmaticis
2022 2611 2065 2653 et

289 2694 502 2756 episcopi
536 2696 763 2742 Senensis
786 2701 832 2742 et
861 2696 1148 2758 Spoletanus
1180 2694 1444 2742 servierunt
1474 2695 1601 2755 Pape
1634 2691 1693 2739 de
1716 2690 1837 2738 libro
1870 2694 1914 2735 et
1951 2703 2068 2735 can-

288 2776 397 2823 dela
432 2777 476 2822 in
512 2777 798 2840 pluvialibus
831 2779 933 2826 sine
961 2779 1121 2825 mitra.
1155 2777 1479 2824 Interfuerunt
1506 2773 1777 2822 cardinales
1811 2775 1860 2820 et
1887 2770 2059 2818 medici

286 2859 333 2905 in
363 2860 526 2922 cappis
556 2861 781 2908 sedentes
816 2862 876 2908 ad
903 2866 1110 2925 portam,
1141 2861 1279 2924 juxta
1307 2874 1517 2906 murum.
1551 2858 1699 2904 Missa
1734 2855 1821 2902 fuit
1854 2854 1983 2900 dicta
2003 2852 2062 2898 de

286 2958 323 2988 s.
357 2942 650 3006 Hieronymo
686 2959 795 2991 cum
831 2944 1048 2991 oratione
1094 2959 1182 3006 pro
1227 2942 1493 2990 ordinando
1532 2939 1712 3002 absque
1743 2937 1903 2998 aliqua
1935 2949 2066 2982 com-

286 3025 654 3072 memoratione.
685 3027 1014 3074 Interfuerunt
1036 3029 1135 3074 DD.
1162 3026 1424 3073 Lucentius
1451 3022 1791 3077 subdiaconus,
1821 3016 2064 3066 Arnoldus

287 3107 478 3154 auditor
504 3110 551 3154 et
572 3109 826 3155 Marcellus
852 3109 1081 3173 acolytus

353 3188 437 3236 Die
460 3189 718 3247 dominica,
752 3195 769 3237 1
807 3191 1034 3249 octobris,
1064 3190 1320 3238 cardinalis
1343 3205 1381 3235 s.
1409 3188 1537 3235 Petri
1570 3186 1631 3234 ad
1657 3185 1860 3236 Vincula
1887 3199 2060 3232 conse-

286 3271 431 3318 cravit
457 3273 637 3334 Papam
662 3272 710 3319 in
734 3273 1014 3335 episcopum
1039 3273 1086 3319 in
1108 3287 1305 3319 camera
1330 3269 1621 3333 supradicta,
1648 3282 1841 3330 semper
1867 3267 1916 3313 in
1946 3265 2060 3313 sede

286 3353 553 3401 sedentem.
581 3355 851 3402 Astiterunt
873 3354 1087 3417 episcopi
1108 3353 1367 3402 Saonensis
1390 3359 1437 3400 et
1459 3351 1765 3415 Spoletanus,
1791 3349 2061 3397 servierunt

286 3436 344 3482 de
366 3436 490 3484 libro
517 3437 728 3500 episcopi
755 3437 1037 3485 Nolanensis
1069 3441 1116 3484 et
1147 3435 1450 3484 Zamorensis
1489 3435 1536 3481 in
1568 3431 1870 3497 pluvialibus,
1908 3430 2061 3479 cardi-
