2210 3944
280 410 326 445 52
890 410 1123 448 JOHANNIS
1160 409 1457 452 BURCHARDI,
1862 409 1944 449 [Mai
1967 411 2061 451 150⁰]

280 495 438 570 nibus,
492 512 678 560 militiis
727 517 770 560 et
815 513 1105 562 officialibus
1152 514 1200 560 et
1250 511 1472 575 personis
1528 512 1610 557 aut
1660 509 1901 572 quibusvis
1955 511 2060 559 aliis

273 593 574 656 ‘conjunctim
626 595 702 642 vel
753 595 939 643 divisim
983 595 1043 643 ab
1085 595 1254 642 eadem
1302 594 1362 641 sit
1407 593 1520 640 sede
1559 591 1798 654 indultum
1835 593 1965 654 quod
1999 593 2059 640 ad

279 676 569 724 solutionem
597 676 800 741 alicujus
825 677 1012 725 decime
1037 680 1311 735 teneantur,
1341 680 1387 724 et
1412 677 1471 724 ad
1497 676 1544 723 id
1568 675 1813 738 compelli,
1833 680 1913 722 aut
1928 676 2058 738 quod

277 759 522 818 interdici,
553 760 783 823 suspendi
809 761 880 808 vel
915 759 1347 816 excommunicari,
1375 762 1457 806 aut
1481 761 1738 822 propterea
1760 758 1934 820 privari
1961 750 2058 806 non

276 842 460 904 possint
485 858 572 906 per
600 843 787 891 litteras
819 843 1129 907 apostolicas,
1164 859 1262 892 non
1292 842 1524 890 facientes
1550 832 1745 905 plenam
1777 845 1823 889 et
1855 856 2057 904 expres-

275 940 395 985 sam,
424 941 480 974 ac
504 927 563 973 de
584 927 733 974 verbo
760 927 821 974 ad
850 915 1059 975 verbum>
1080 928 1139 974 de
1162 915 1360 974 'indulto
1385 925 1663 990 hujusmodi
1686 925 1984 972 mentionem
2009 927 2057 972 et

273 1008 444 1070 quibus
487 996 670 1057 scilicet
716 1010 822 1058 aliis
865 1010 1146 1074 privilegiis,
1197 1009 1396 1056 indultis
1448 1013 1495 1056 et
1535 1009 1711 1057 litteris
1755 1007 2050 1072 apostolicis,

266 1092 578 1155 generalibus
596 1093 671 1141 vel
694 1093 1001 1156 specialibus,
1031 1107 1450 1156 quorumcumque
1472 1096 1695 1140 tenorum
1715 1091 1935 1150 existant,
1966 1106 2055 1155 per

272 1190 364 1237 que
402 1175 710 1239 presentibus
740 1191 838 1224 non
873 1192 1102 1239 expressa
1137 1175 1212 1223 vel
1251 1176 1463 1223 totaliter
1499 1190 1597 1223 non
1632 1175 1817 1222 inserta
1853 1174 2054 1222 effectus

267 1264 442 1306 ‘earum
465 1259 685 1323 impediri
707 1275 804 1308 non
828 1261 985 1308 valeat
1010 1259 1376 1323 quomodolibet
1402 1250 1477 1307 'vel
1498 1258 1695 1317 differri,
1719 1261 1768 1307 et
1794 1259 1853 1305 de
1882 1257 2053 1320 quibus

271 1358 687 1406 quorumcumque
710 1344 824 1391 totis
852 1343 1101 1391 tenoribus
1132 1343 1191 1390 de
1221 1343 1369 1390 verbo
1405 1343 1466 1390 ad
1497 1342 1694 1390 verbum
1718 1342 1962 1400 habenda,
1992 1340 2054 1389 sit

269 1425 318 1473 in
343 1417 522 1474 nostris
556 1418 732 1475 litteris
771 1427 953 1474 mentio
993 1426 1232 1490 specialiS,
1269 1418 1371 1490 que*
1399 1417 1560 1489 quoad
1597 1422 1837 1489 premissa
1877 1424 2049 1487 cuique

267 1500 489 1556 volumus
534 1510 811 1557 nullatenus
860 1501 1135 1573 suffragariss
1188 1511 1324 1565 Quod
1370 1509 1408 1556 si
1451 1503 1725 1572 quisquam,
1774 1502 1904 1571 quod
1951 1522 2050 1555 non

269 1591 531 1650 credimus,
559 1592 816 1654 quominus
855 1592 1044 1640 decima
1078 1592 1356 1656 hujusmodi
1393 1584 1699 1656 persolvatur
1737 1595 1785 1638 et
1821 1584 2045 1655 exigatur

266 1675 564 1737 persuadere
590 1674 753 1722 faeere
780 1677 860 1722 aut
884 1674 1077 1738 operari
1105 1675 1437 1738 quovismodo,
1475 1675 1661 1722 directe
1684 1671 1760 1721 vel
1784 1673 2038 1731 indirecte,

268 1757 578 1805 committere
611 1751 982 1822 presumpserit,
1017 1757 1161 1805 etiam
1195 1751 1546 1821 cujuscumque
1572 1755 1839 1822 dignitatis,
1868 1751 2038 1814 status,

267 1841 466 1903 gradus,
501 1841 685 1888 ordinis
716 1841 790 1889 vel
817 1841 1172 1905 preeminentio
1204 1841 1526 1889 nobilitatisve
1558 1835 1719 1899 fuerit,
1755 1833 1970 1889 etiamsi
1993 1839 2043 1887 in

266 1923 670 1988 archiepiscopali
694 1924 768 1971 vel
791 1924 886 1972 alia
910 1924 1072 1987 quavis
1098 1924 1432 1972 ecclesiastica
1446 1918 1519 1972 vel
1538 1925 1784 1972 mundana
1807 1922 2042 1987 dignitate

264 2005 556 2070 prefulgeat,
588 2007 1104 2055 excommunicationis
1131 2007 1420 2055 sententiam
1435 2022 1492 2055 eo
1511 2007 1616 2071 ipso
1632 2007 1761 2054 facto
1776 2005 2041 2054 incurrisse

264 2092 508 2149 noscatur,
535 2106 563 2138 a
587 2106 682 2154 qua
704 2106 801 2138 non
824 2091 862 2138 si
886 2106 914 2138 a
936 2090 1074 2137 nobis
1098 2091 1173 2138 vel
1199 2084 1564 2138 succesSoribus
1594 2089 1777 2138 nostris
1806 2084 2039 2136 Romanis

263 2172 569 2234 pontificibus
601 2174 831 2222 canonice
859 2173 1169 2234 intrantibus,
1204 2166 1519 2237 preterquam
1551 2173 1600 2221 in
1630 2173 1804 2221 mortis
1830 2171 2038 2219 articulo

263 2255 551 2304 constitutus
580 2261 627 2304 et
656 2257 819 2305 debita
853 2257 1182 2305 satisfactione
1220 2257 1455 2321 premissa
1485 2256 1665 2305 absolvi
1697 2256 1867 2320 possit.
1900 2258 2039 2304 Cete-

262 2354 368 2386 rum
392 2339 506 2402 quia
529 2339 725 2388 difficile
743 2340 870 2388 foret
894 2344 1143 2404 presentes
1180 2340 1370 2388 litteras
1403 2341 1463 2388 ad
1492 2335 1693 2405 singula⁴
1715 2354 1904 2402 queque
1928 2338 2037 2385 loca

259 2420 309 2468 in
333 2422 506 2484 quibus
532 2418 793 2487 expediens
817 2422 941 2471 foret
965 2423 1169 2482 deferre,
1198 2423 1418 2471 volumus
1433 2439 1489 2472 ac
1506 2420 1794 2471 auctoritate
1819 2421 2038 2486 predicta

261 2500 568 2553 decernimus
606 2507 734 2569 quod
778 2506 1059 2555 earumdem
1101 2507 1374 2555 litterarum
1417 2501 1732 2571 transumptis
1780 2509 1827 2553 et
1878 2499 2035 2570 sigillo

261 2587 465 2652 alicujus
490 2604 548 2636 ex
571 2581 910 2637 collectoribus
929 2590 1004 2638 vel
1029 2589 1375 2638 substituendis
1402 2594 1449 2638 et
1474 2589 1713 2654 deputatis
1740 2588 1828 2637 sub
1857 2587 2036 2637 collec⁴

261 2671 444 2719 toribus
470 2663 529 2720 ab
554 2673 727 2721 eodem
752 2676 834 2721 aut
865 2673 1068 2737 alicujus
1090 2673 1239 2732 curie,
1269 2673 1476 2722 ecclesie
1502 2689 1585 2722 seu
1609 2672 1785 2737 prelati
1810 2675 1893 2720 aut
1913 2671 2036 2720 alte—

260 2753 360 2801 rius
384 2770 590 2818 persone
613 2755 663 2803 in
686 2756 896 2804 ecclesia
932 2756 1164 2820 dignitate
1200 2757 1460 2804 constitute
1498 2757 1712 2814 munitis,
1754 2771 1811 2804 ea
1835 2750 2033 2817 prorSus'

260 2835 380 2884 fides
403 2836 604 2885 indubia
620 2838 669 2885 in
688 2830 874 2901 judicio
896 2843 943 2885 et
968 2841 1102 2886 extra
1123 2854 1234 2886 eum
1259 2842 1340 2886 aut
1366 2838 1708 2885 aliasubilibet
1733 2837 1783 2884 in
1806 2829 2030 2884 omnibus

260 2920 308 2965 et
330 2934 417 2982 per
452 2920 616 2968 omnia
654 2920 942 2969 adhibeatur
973 2936 1066 2984 que
1101 2921 1415 2984 presentibus
1454 2913 1770 2968 adhiberetur
1800 2920 1840 2967 si
1870 2921 2032 2968 essent

260 3000 473 3049 exhibite
498 3003 572 3050 vel
592 3007 803 3052 ostense.
1556 2997 1558 2999 ’
1935 2995 1938 2998 ’
2024 3012 2028 3014 ’

325 3103 348 3127 «
377 3084 503 3131 Nulli
521 3101 638 3150 ergo
665 3087 860 3135 omnino
885 3087 1138 3135 hominum
1162 3087 1309 3136 liceat
1330 3087 1457 3136 hanc
1487 3088 1715 3152 paginam
1745 3079 1912 3136 nostre
1939 3078 2030 3133 im-

258 3161 529 3231 positioniS,
564 3165 925 3229 declarationiS,
961 3171 1145 3229 statuti,
1180 3166 1528 3235 requisitionis,
1571 3167 1866 3227 monitioniS,
1896 3183 2029 3216 man-

257 3249 373 3308 dati,
403 3249 750 3313 derogationis,
777 3252 1038 3300 voluntatis
1063 3255 1110 3300 ct
1134 3253 1320 3300 decreti
1346 3253 1632 3316 infringere,
1652 3249 1725 3299 vel
1741 3267 1862 3299 ausu
1882 3255 2028 3298 teme-

255 3328 392 3380 rario
420 3332 464 3380 ei
496 3332 758 3380 contraire.
796 3334 844 3381 Si
869 3334 972 3396 quis
1004 3338 1167 3381 autem
1191 3335 1286 3382 hoc
1324 3338 1616 3398 attemptare
1647 3334 2019 3398 presumpserit,

254 3411 638 3479 indignationem
662 3415 1016 3479 Omnipotcntis
1043 3416 1126 3463 Dei
1155 3420 1202 3464 et
1226 3414 1485 3464 beatorum
1505 3416 1635 3465 Petri
1658 3420 1705 3464 et
1722 3417 1855 3465 Pauli
1881 3433 2024 3480 apos-

254 3497 468 3547 tolorum
485 3498 588 3563 ejus
610 3515 659 3546 se
678 3494 866 3547 noverit
884 3493 1212 3547 incursurum.
1234 3502 1411 3548 Datum
1427 3503 1577 3548 Rome
1599 3501 1728 3564 apud
1745 3498 1783 3548 s.
1805 3500 2021 3558 Petrum,
