2222 3918
196 397 303 437 [Mars
314 396 417 439 [1506]
636 394 806 433 RERUM
838 393 1140 432 URBANARUM
1169 392 1520 430 COMMENTARII.
1907 391 1976 428 419

261 500 533 559 Dominica,
557 499 704 548 tertia
726 496 1122 561 quadragesime,
1144 500 1200 545 15
1229 495 1410 555 martii,
1436 494 1693 558 episcopus
1715 493 1978 540 Balneore-

199 583 395 648 giensis,
426 599 516 648 pro
545 586 602 631 D.
640 581 893 647 Sipontino
925 581 986 628 de
1024 596 1192 628 mense
1230 580 1386 628 electo
1423 579 1675 638 assistens,
1714 576 1978 626 celebravit

196 666 394 715 missam
425 667 672 730 publicam
703 666 752 713 in
781 664 972 728 capella
1004 663 1210 727 majore,
1242 665 1374 726 Papa
1406 665 1663 726 presente;
1701 675 1978 710 sermonem

195 749 312 798 fecit
338 754 632 813 procurator
657 747 839 798 ordinis
863 764 902 795 s.
926 746 1205 811 Augustini;
1229 746 1323 794 alia
1348 760 1486 793 more
1509 745 1670 792 solito.

263 832 535 892 Dominica,
561 838 736 896 quarta
753 830 1141 895 quadragesime,
1167 832 1226 876 22
1251 827 1430 887 martii,
1451 827 1713 876 cardinalis
1735 825 1978 875 Adrianus

199 915 462 964 celebravit
494 916 691 964 missam
723 915 994 963 solemnem
1026 914 1076 962 in
1110 913 1299 977 capella
1332 912 1539 976 majore,
1570 914 1699 975 Papa
1727 912 1974 974 presente,

199 999 281 1062 qui
311 999 557 1048 benedixit
589 999 723 1063 prius
751 1014 919 1047 rosam
946 998 995 1046 in
1027 1013 1222 1046 camera
1245 995 1510 1060 Papagalli,
1541 1010 1687 1058 quam
1717 994 1891 1042 detulit
1917 994 1979 1041 ad

198 1082 453 1145 capellam,
473 1085 539 1141 et,
559 1081 695 1130 finita
715 1082 882 1141 missa,
905 1081 1171 1146 reportavit
1192 1095 1301 1128 eam
1325 1079 1386 1127 ad
1407 1078 1586 1126 dictam
1611 1093 1872 1136 cameram,
1897 1076 1979 1124 ubi

199 1164 333 1212 dedit
356 1181 465 1213 eam
484 1168 540 1213 D.
571 1165 727 1213 lllmo.
752 1165 923 1213 nuntio
945 1164 1078 1229 regis
1104 1162 1416 1226 Portugallie,
1446 1161 1508 1209 ad
1529 1161 1827 1209 cardinalem
1850 1160 1980 1208 Ulix-

199 1247 486 1308 bonensem,
504 1263 591 1311 per
608 1248 790 1297 dictum
811 1238 981 1312 regem
1002 1248 1224 1306 missum,
1250 1246 1332 1309 qui
1351 1244 1563 1308 portavit
1578 1259 1686 1292 eam
1707 1228 1855 1291 manu
1872 1259 1976 1301 sua,

200 1329 466 1392 equitando
499 1334 611 1379 ante
635 1330 936 1379 cardinalem
964 1329 1024 1378 ad
1053 1329 1255 1377 domum
1287 1326 1523 1392 ejusdem.
1553 1327 1840 1374 Sermonem
1865 1324 1981 1373 fecit

201 1415 498 1476 procurator
520 1413 888 1462 carmelitarum
907 1430 918 1474 ;
943 1413 1039 1462 alia
1058 1428 1198 1461 more
1222 1411 1382 1460 solito.

262 1495 396 1545 Infra
419 1496 639 1557 missam,
667 1496 727 1546 de
745 1497 976 1545 mandato
997 1499 1146 1561 Pape,
1173 1496 1266 1544 fuit
1281 1495 1422 1543 datus
1438 1494 1576 1543 locus
1598 1496 1655 1542 D.
1681 1492 1904 1541 Fabricio
1920 1491 1979 1539 de

195 1580 376 1639 Caieta,
402 1580 551 1645 priori
572 1597 612 1629 s.
638 1581 924 1645 Euphemie,
954 1581 1137 1629 oratori
1164 1580 1328 1643 magni
1356 1577 1582 1641 magistri
1606 1576 1845 1625 Rhodiani
1871 1581 1981 1639 post

199 1663 322 1712 alios
356 1669 580 1713 oratores
610 1664 762 1713 laicos
787 1668 836 1712 et
860 1667 916 1712 D.
952 1664 1266 1728 Sigismundo
1294 1663 1353 1711 de
1377 1661 1610 1726 Fulgineo
1637 1661 1700 1709 ad
1731 1659 1979 1708 sinistram

198 1746 436 1795 auditoris
459 1747 630 1796 decani
653 1747 902 1797 servientis
929 1747 992 1796 ad
1012 1746 1211 1795 missam
1236 1745 1317 1812 (1).

266 1833 418 1890 Lune‚
445 1833 504 1880 23
529 1831 708 1890 martii,
732 1830 914 1880 recessi
947 1846 1007 1878 ex
1036 1830 1163 1879 Urbe
1194 1829 1498 1894 equitaturus
1528 1828 1590 1878 ad
1619 1828 1794 1877 balnea
1821 1827 1982 1879 Viter-

200 1913 285 1975 bii,
313 1914 372 1962 de
399 1914 573 1978 quibus
594 1915 732 1974 redii,
758 1915 872 1963 lune
898 1918 926 1963 6
952 1914 1139 1979 aprilis,

266 1997 517 2058 Mercurii,
531 2001 590 2047 25
605 1998 783 2058 martii,
796 1997 973 2046 festum
989 1996 1379 2047 annunciationis
1394 1997 1442 2046 b.
1454 1996 1604 2047 Marie
1618 1996 1840 2062 virginiS,
1852 2000 1982 2061 Papa

198 2081 249 2128 in
272 2096 415 2129 mane
436 2086 638 2145 paratus
661 2081 895 2146 equitavit
914 2097 1050 2131 more
1070 2081 1212 2130 solito
1226 2098 1314 2146 per
1335 2081 1596 2131 Parionem
1612 2082 1674 2130 ad
1687 2081 1977 2140 Minervam,

198 2163 282 2211 ubi
307 2163 530 2213 interfuit
550 2164 698 2213 misse
720 2164 926 2213 solemni
950 2181 1096 2229 quam
1117 2164 1383 2213 celebravit
1406 2165 1664 2229 episcopus
1687 2164 1976 2224 Asculanus,

200 2262 312 2296 cum
339 2247 579 2307 oratione,
606 2263 746 2297 more
774 2248 915 2297 solito
940 2266 949 2296 :
978 2253 1086 2313 post
1109 2248 1311 2296 missam
1340 2249 1579 2297 conducte
1605 2247 1798 2295 fuerunt
1820 2247 1980 2311 puelle

197 2330 365 2396 viginti
387 2347 500 2392 una,
525 2331 700 2395 quibus
725 2335 856 2396 Papa
886 2332 1020 2380 dedit
1048 2332 1255 2380 totidem
1273 2331 1442 2380 bursas
1464 2331 1588 2380 dotis
1608 2348 1618 2391 ;
1644 2334 1761 2379 tunc
1785 2346 1874 2394 per
1890 2333 1982 2378 Ro-

198 2414 403 2462 tundam
431 2417 482 2463 et
506 2415 647 2465 Viam
676 2415 838 2463 Turris
869 2414 1144 2478 Sanguinee
1182 2430 1408 2464 reversus
1440 2417 1515 2481 est
1541 2415 1602 2462 ad
1631 2414 1890 2478 palatium3
1922 2413 1982 2461 li·

197 2495 424 2544 centiavit
445 2496 718 2545 cardinales
739 2498 878 2562 juxta
903 2500 1103 2561 pontem
1129 2514 1168 2546 s.
1191 2497 1381 2562 Angeli.

264 2578 537 2638 Dominica,
562 2579 731 2642 quinta
744 2580 1137 2644 quadragesime,
1160 2584 1220 2629 29
1236 2579 1418 2639 martii,
1434 2578 1693 2643 episcopus
1717 2578 1975 2642 Aquensis,

199 2660 448 2722 assistenS,
466 2661 728 2711 celebravit
746 2662 946 2710 missam
971 2663 1214 2727 publicam
1235 2663 1284 2710 in
1306 2662 1492 2726 capella
1508 2662 1712 2726 majore,
1731 2663 1862 2724 Papa
1874 2677 1981 2724 pre-

200 2748 359 2804 sente3
387 2760 665 2794 sermonem
695 2745 809 2794 fecit
838 2751 1125 2810 procurator
1151 2761 1402 2794 servorum
1422 2745 1472 2793 b.
1498 2744 1668 2793 Marie.
1708 2744 1836 2792 Infra
1859 2744 1980 2791 mis-

198 2843 302 2875 sam
322 2828 412 2876 fuit
435 2828 575 2877 datus
596 2828 735 2877 locus
757 2832 816 2877 D.
838 2829 1086 2878 Bonifacio
1101 2829 1444 2894 Elephantino,
1463 2827 1642 2877 oratori
1659 2826 1975 2884 Bononiensi,

197 2915 307 2974 post
330 2914 574 2962 oratorem
603 2912 931 2973 Rhodianum,
957 2913 1039 2978 qui
1071 2913 1242 2963 habuit
1266 2913 1431 2962 locum
1461 2912 1511 2960 in
1546 2910 1789 2960 dominica
1813 2914 1981 2974 prete—

250 3095 284 3132 1.
311 3095 412 3134 C’est
430 3098 452 3134 a
471 3108 605 3147 propos
623 3097 668 3135 de
688 3101 784 3136 cette
801 3097 1004 3135 ceremonie
1022 3110 1094 3147 que
1112 3099 1154 3137 P.
1177 3098 1223 3135 de
1243 3097 1391 3135 Grassis
1412 3096 1538 3134 s'ecrie
1560 3108 1569 3134 :
1596 3111 1615 3131 «
1636 3095 1788 3133 Domine
1808 3095 1921 3141 Deus,
1943 3095 1981 3131 in

202 3153 308 3201 cujus
326 3155 463 3193 honore
483 3157 687 3195 ceremonie
708 3161 948 3207 peraguntur,
973 3158 1090 3208 dirige
1118 3170 1181 3196 eas
1209 3157 1389 3194 inducens
1419 3156 1458 3192 in
1491 3156 1671 3193 saniorem
1691 3154 1878 3203 agentium
1897 3154 1981 3191 ani-

200 3224 312 3258 mum,
334 3218 376 3251 ut
400 3226 475 3252 non
498 3217 621 3264 potius
650 3228 790 3255 errores
813 3221 850 3255 et
880 3217 1152 3255 ridiculamenta
1182 3229 1225 3254 ac
1254 3216 1458 3254 vanitatum
1489 3215 1721 3252 diversitates
1754 3218 1983 3261 exequantur

202 3283 312 3320 quam
331 3275 568 3312 ceremonias.
602 3276 714 3314 Vides
743 3276 839 3314 enim
863 3282 1000 3325 quanta
1026 3276 1217 3314 diversitas
1241 3276 1352 3324 hujus
1380 3275 1469 3311 anni
1495 3274 1540 3311 ab
1564 3286 1659 3311 anno
1687 3277 1858 3322 preterito
1885 3273 1981 3310 circa

203 3331 386 3368 dationem
400 3344 483 3370 rose
501 3339 708 3383 perpetrata
733 3341 802 3382 est,
827 3337 872 3373 de
891 3337 1026 3385 quibus
1043 3348 1199 3373 excusso
1219 3347 1287 3377 me,
1310 3334 1483 3383 quoniam
1504 3337 1543 3369 ut
1561 3333 1719 3370 novitius
1743 3333 1812 3369 sub
1831 3344 1980 3382 precep-

202 3394 281 3427 tore
310 3391 488 3437 subsisto.
511 3394 737 3443 Interrogavi
762 3396 886 3444 itaque
908 3401 993 3444 post
1018 3396 1177 3433 officium
1205 3396 1275 3432 hoc
1299 3394 1442 3430 finitum
1468 3405 1530 3429 cur
1556 3392 1606 3429 sic
1626 3392 1672 3429 ab
1692 3404 1788 3430 anno
1807 3391 1980 3441 preterito

200 3449 410 3497 variaverit,
431 3455 468 3489 et
486 3451 579 3490 dixit
594 3453 679 3500 quia
698 3454 750 3490 sic
769 3466 864 3492 anno
883 3455 1054 3504 preterito
1070 3455 1186 3493 voluit
1205 3456 1319 3502 Papa,
1343 3453 1407 3489 sed
1428 3463 1525 3488 nunc
1543 3456 1579 3489 et
1603 3452 1776 3501 deinceps
1794 3451 1982 3489 mandavit

199 3513 240 3546 ut
259 3509 313 3547 sic
332 3509 466 3548 faciant
483 3522 549 3560 pro
574 3515 615 3549 ut
632 3511 712 3549 fieri
735 3513 882 3560 debent,
905 3514 942 3551 id
963 3519 1020 3552 est
1038 3519 1146 3564 prout
1169 3513 1276 3552 hodie
1297 3512 1333 3548 in
1353 3512 1423 3548 hoc
1442 3522 1539 3548 anno
1567 3511 1732 3549 fecimus.
1756 3526 1775 3546 n
1798 3512 1853 3559 (F.
1878 3512 1981 3559 305.)
