<?xml version="1.0" encoding="UTF-8"?>
<!DOCTYPE html PUBLIC "-//W3C//DTD XHTML 1.0 Transitional//EN"
    "http://www.w3.org/TR/xhtml1/DTD/xhtml1-transitional.dtd">
<html xmlns="http://www.w3.org/1999/xhtml" xml:lang="en" lang="en">
 <head>
  <title>
</title>
<meta http-equiv="Content-Type" content="text/html;charset=utf-8" />
  <meta name='ocr-system' content='tesseract 3.04.00' />
  <meta name='ocr-capabilities' content='ocr_page ocr_carea ocr_par ocr_line ocrx_word'/>
</head>
<body>
  <div class='ocr_page' id='page_1' title='image "./diariumsivererum03burcuoft_0280.png"; bbox 0 0 2228 3938; ppageno 0'>
   <div class='ocr_carea' id='block_1_1' title="bbox 327 402 2098 449">
    <p class='ocr_par' dir='ltr' id='par_1_1' title="bbox 327 402 2098 449">
     <span class='ocr_line' id='line_1_1' title="bbox 327 402 2098 449; baseline -0.001 -8"><span class='ocrx_word' id='word_1_1' title='bbox 327 406 395 441; x_wconf 83' lang='lat'><strong>198</strong></span> <span class='ocrx_word' id='word_1_2' title='bbox 928 402 1162 440; x_wconf 86' lang='lat' dir='ltr'><strong>JOHANNIS</strong></span> <span class='ocrx_word' id='word_1_3' title='bbox 1195 402 1491 448; x_wconf 84' lang='lat' dir='ltr'><strong>BURCHARDI,</strong></span> <span class='ocrx_word' id='word_1_4' title='bbox 1878 405 1984 445; x_wconf 79' lang='lat' dir='ltr'><strong>[Mars</strong></span> <span class='ocrx_word' id='word_1_5' title='bbox 2002 407 2098 449; x_wconf 80' lang='lat'><strong>1502]</strong></span> 
     </span>
    </p>
   </div>
   <div class='ocr_carea' id='block_1_2' title="bbox 320 505 2103 3576">
    <p class='ocr_par' dir='ltr' id='par_1_2' title="bbox 324 505 2101 1155">
     <span class='ocr_line' id='line_1_2' title="bbox 326 505 2098 570; baseline 0.002 -16"><span class='ocrx_word' id='word_1_6' title='bbox 326 522 470 570; x_wconf 90' lang='lat' dir='ltr'><strong>quam</strong></span> <span class='ocrx_word' id='word_1_7' title='bbox 516 505 773 554; x_wconf 85' lang='lat' dir='ltr'><strong>celebravit</strong></span> <span class='ocrx_word' id='word_1_8' title='bbox 809 509 862 553; x_wconf 90' lang='lat' dir='ltr'><strong>R.</strong></span> <span class='ocrx_word' id='word_1_9' title='bbox 901 507 957 554; x_wconf 92' lang='lat' dir='ltr'><strong>D.</strong></span> <span class='ocrx_word' id='word_1_10' title='bbox 999 506 1251 565; x_wconf 86' lang='lat' dir='ltr'><strong>Orlandus,</strong></span> <span class='ocrx_word' id='word_1_11' title='bbox 1303 507 1560 570; x_wconf 88' lang='lat' dir='ltr'><strong>episcopus</strong></span> <span class='ocrx_word' id='word_1_12' title='bbox 1602 506 1830 566; x_wconf 88' lang='lat' dir='ltr'><strong>Nolanus,</strong></span> <span class='ocrx_word' id='word_1_13' title='bbox 1870 509 2098 558; x_wconf 83' lang='lat' dir='ltr'><strong>assistens</strong></span> 
     </span>
     <span class='ocr_line' id='line_1_3' title="bbox 327 588 2094 657; baseline 0.002 -21"><span class='ocrx_word' id='word_1_14' title='bbox 327 593 473 654; x_wconf 87' lang='lat' dir='ltr'><strong>Pape.</strong></span> <span class='ocrx_word' id='word_1_15' title='bbox 516 590 800 637; x_wconf 77' lang='lat' dir='ltr'><strong>Sermonem</strong></span> <span class='ocrx_word' id='word_1_16' title='bbox 841 588 956 637; x_wconf 87' lang='lat' dir='ltr'><strong>fecit</strong></span> <span class='ocrx_word' id='word_1_17' title='bbox 991 595 1277 653; x_wconf 89' lang='lat' dir='ltr'><strong>procurator</strong></span> <span class='ocrx_word' id='word_1_18' title='bbox 1307 589 1485 638; x_wconf 81' lang='lat' dir='ltr'>ordinis</span> <span class='ocrx_word' id='word_1_19' title='bbox 1520 605 1766 638; x_wconf 89' lang='lat' dir='ltr'><strong>servorum</strong></span> <span class='ocrx_word' id='word_1_20' title='bbox 1804 591 1868 655; x_wconf 86' lang='lat' dir='ltr'><strong>[h.</strong></span> <span class='ocrx_word' id='word_1_21' title='bbox 1910 592 2094 657; x_wconf 83' lang='lat' dir='ltr'><strong>Marie].</strong></span> 
     </span>
     <span class='ocr_line' id='line_1_4' title="bbox 326 672 2098 738; baseline 0.002 -17"><span class='ocrx_word' id='word_1_22' title='bbox 326 676 575 722; x_wconf 78' lang='lat' dir='ltr'><strong>Venerunt</strong></span> <span class='ocrx_word' id='word_1_23' title='bbox 602 672 662 720; x_wconf 88' lang='lat' dir='ltr'><strong>ad</strong></span> <span class='ocrx_word' id='word_1_24' title='bbox 697 672 930 736; x_wconf 84' lang='lat' dir='ltr'><strong>capellam</strong></span> <span class='ocrx_word' id='word_1_25' title='bbox 962 672 1237 737; x_wconf 87' lang='lat' dir='ltr'><strong>hujusmodi</strong></span> <span class='ocrx_word' id='word_1_26' title='bbox 1272 672 1534 737; x_wconf 79' lang='lat' dir='ltr'>supradicti</span> <span class='ocrx_word' id='word_1_27' title='bbox 1561 674 1812 732; x_wconf 85' lang='lat' dir='ltr'><strong>nominati,</strong></span> <span class='ocrx_word' id='word_1_28' title='bbox 1841 679 2098 738; x_wconf 83' lang='lat' dir='ltr'><strong>antequam</strong></span> 
     </span>
     <span class='ocr_line' id='line_1_5' title="bbox 327 755 2101 822; baseline 0.002 -19"><span class='ocrx_word' id='word_1_29' title='bbox 327 756 604 805; x_wconf 75' lang='lat' dir='ltr'><strong>dicerentur</strong></span> <span class='ocrx_word' id='word_1_30' title='bbox 625 756 868 804; x_wconf 89' lang='lat' dir='ltr'><strong>orationes</strong></span> <span class='ocrx_word' id='word_1_31' title='bbox 894 755 1057 815; x_wconf 86' lang='lat' dir='ltr'><strong>misse,</strong></span> <span class='ocrx_word' id='word_1_32' title='bbox 1082 757 1255 820; x_wconf 91' lang='lat' dir='ltr'><strong>quibus</strong></span> <span class='ocrx_word' id='word_1_33' title='bbox 1277 756 1388 805; x_wconf 91' lang='lat' dir='ltr'><strong>dedi</strong></span> <span class='ocrx_word' id='word_1_34' title='bbox 1406 756 1567 804; x_wconf 92' lang='lat' dir='ltr'><strong>locum</strong></span> <span class='ocrx_word' id='word_1_35' title='bbox 1591 764 1735 820; x_wconf 86' lang='lat' dir='ltr'><strong>prout</strong></span> <span class='ocrx_word' id='word_1_36' title='bbox 1750 759 1879 822; x_wconf 87' lang='lat' dir='ltr'><strong>Papa</strong></span> <span class='ocrx_word' id='word_1_37' title='bbox 1902 758 2101 807; x_wconf 89' lang='lat' dir='ltr'><strong>manda-</strong></span> 
     </span>
     <span class='ocr_line' id='line_1_6' title="bbox 325 839 2094 906; baseline 0.002 -20"><span class='ocrx_word' id='word_1_38' title='bbox 325 840 404 888; x_wconf 92' lang='lat' dir='ltr'><strong>vit.</strong></span> <span class='ocrx_word' id='word_1_39' title='bbox 444 842 561 888; x_wconf 89' lang='lat' dir='ltr'><strong>Cum</strong></span> <span class='ocrx_word' id='word_1_40' title='bbox 596 839 839 888; x_wconf 79' lang='lat' dir='ltr'><strong>diceretur</strong></span> <span class='ocrx_word' id='word_1_41' title='bbox 871 839 1090 903; x_wconf 89' lang='lat' dir='ltr'><strong>epistola,</strong></span> <span class='ocrx_word' id='word_1_42' title='bbox 1133 840 1245 888; x_wconf 92' lang='lat' dir='ltr'><strong>dedi</strong></span> <span class='ocrx_word' id='word_1_43' title='bbox 1272 840 1435 888; x_wconf 90' lang='lat' dir='ltr'><strong>locum</strong></span> <span class='ocrx_word' id='word_1_44' title='bbox 1459 839 1585 887; x_wconf 91' lang='lat' dir='ltr'><strong>inter</strong></span> <span class='ocrx_word' id='word_1_45' title='bbox 1625 841 1905 890; x_wconf 80' lang='lat' dir='ltr'><strong>assistentes</strong></span> <span class='ocrx_word' id='word_1_46' title='bbox 1945 844 2094 906; x_wconf 87' lang='lat' dir='ltr'><strong>Pape,</strong></span> 
     </span>
     <span class='ocr_line' id='line_1_7' title="bbox 326 922 2094 986; baseline 0.002 -16"><span class='ocrx_word' id='word_1_47' title='bbox 326 924 385 970; x_wconf 89' lang='lat' dir='ltr'><strong>de</strong></span> <span class='ocrx_word' id='word_1_48' title='bbox 407 922 634 971; x_wconf 89' lang='lat' dir='ltr'><strong>mandato</strong></span> <span class='ocrx_word' id='word_1_49' title='bbox 656 923 934 971; x_wconf 87' lang='lat' dir='ltr'><strong>Sanctitatis</strong></span> <span class='ocrx_word' id='word_1_50' title='bbox 957 939 1059 982; x_wconf 87' lang='lat' dir='ltr'><strong>sue,</strong></span> <span class='ocrx_word' id='word_1_51' title='bbox 1087 926 1141 971; x_wconf 89' lang='lat' dir='ltr'><strong>R.</strong></span> <span class='ocrx_word' id='word_1_52' title='bbox 1168 926 1224 971; x_wconf 93' lang='lat' dir='ltr'><strong>D.</strong></span> <span class='ocrx_word' id='word_1_53' title='bbox 1251 924 1460 972; x_wconf 79' lang='lat' dir='ltr'><strong>Adriano</strong></span> <span class='ocrx_word' id='word_1_54' title='bbox 1484 924 1765 972; x_wconf 87' lang='lat' dir='ltr'><strong>Castellensi</strong></span> <span class='ocrx_word' id='word_1_55' title='bbox 1787 925 1844 972; x_wconf 92' lang='lat' dir='ltr'><strong>de</strong></span> <span class='ocrx_word' id='word_1_56' title='bbox 1868 926 2094 986; x_wconf 79' lang='lat' dir='ltr'><strong>Corneto,</strong></span> 
     </span>
     <span class='ocr_line' id='line_1_8' title="bbox 326 1006 2098 1071; baseline 0.001 -17"><span class='ocrx_word' id='word_1_57' title='bbox 326 1006 554 1071; x_wconf 87' lang='lat' dir='ltr'><strong>episcopo</strong></span> <span class='ocrx_word' id='word_1_58' title='bbox 591 1006 953 1065; x_wconf 84' lang='lat' dir='ltr'><strong>Herefordensi‚</strong></span> <span class='ocrx_word' id='word_1_59' title='bbox 992 1007 1266 1056; x_wconf 89' lang='lat' dir='ltr'><strong>Sanctitatis</strong></span> <span class='ocrx_word' id='word_1_60' title='bbox 1303 1023 1387 1055; x_wconf 91' lang='lat' dir='ltr'><strong>sue</strong></span> <span class='ocrx_word' id='word_1_61' title='bbox 1421 1007 1683 1056; x_wconf 88' lang='lat' dir='ltr'><strong>secretario</strong></span> <span class='ocrx_word' id='word_1_62' title='bbox 1713 1014 1762 1056; x_wconf 90' lang='lat' dir='ltr'><strong>et</strong></span> <span class='ocrx_word' id='word_1_63' title='bbox 1800 1007 2098 1057; x_wconf 84' lang='lat' dir='ltr'><strong>thesaurario</strong></span> 
     </span>
     <span class='ocr_line' id='line_1_9' title="bbox 324 1090 1994 1155; baseline 0.001 -17"><span class='ocrx_word' id='word_1_64' title='bbox 324 1091 537 1153; x_wconf 82' lang='lat' dir='ltr'><strong>generali</strong></span> <span class='ocrx_word' id='word_1_65' title='bbox 561 1095 608 1138; x_wconf 90' lang='lat' dir='ltr'><strong>et</strong></span> <span class='ocrx_word' id='word_1_66' title='bbox 631 1106 822 1139; x_wconf 88' lang='lat' dir='ltr'><strong>camere</strong></span> <span class='ocrx_word' id='word_1_67' title='bbox 844 1090 1106 1155; x_wconf 84' lang='lat' dir='ltr'><strong>apostolice</strong></span> <span class='ocrx_word' id='word_1_68' title='bbox 1134 1091 1331 1139; x_wconf 88' lang='lat' dir='ltr'><strong>clerico.</strong></span> <span class='ocrx_word' id='word_1_69' title='bbox 1360 1091 1469 1140; x_wconf 93' lang='lat' dir='ltr'><strong>Alia</strong></span> <span class='ocrx_word' id='word_1_70' title='bbox 1491 1092 1656 1140; x_wconf 90' lang='lat' dir='ltr'><strong>omnia</strong></span> <span class='ocrx_word' id='word_1_71' title='bbox 1678 1106 1812 1140; x_wconf 91' lang='lat' dir='ltr'><strong>more</strong></span> <span class='ocrx_word' id='word_1_72' title='bbox 1835 1091 1994 1140; x_wconf 82' lang='lat' dir='ltr'><strong>solito.</strong></span> 
     </span>
    </p>

    <p class='ocr_par' dir='ltr' id='par_1_3' title="bbox 321 1174 2103 1986">
     <span class='ocr_line' id='line_1_10' title="bbox 390 1174 2099 1238; baseline 0 -16"><span class='ocrx_word' id='word_1_73' title='bbox 390 1174 571 1222; x_wconf 89' lang='lat' dir='ltr'><strong>Eadem</strong></span> <span class='ocrx_word' id='word_1_74' title='bbox 606 1174 700 1233; x_wconf 84' lang='lat' dir='ltr'><strong>die,</strong></span> <span class='ocrx_word' id='word_1_75' title='bbox 734 1174 862 1222; x_wconf 90' lang='lat' dir='ltr'><strong>circa</strong></span> <span class='ocrx_word' id='word_1_76' title='bbox 894 1174 1066 1222; x_wconf 91' lang='lat' dir='ltr'><strong>horam</strong></span> <span class='ocrx_word' id='word_1_77' title='bbox 1106 1174 1401 1238; x_wconf 82' lang='lat' dir='ltr'><strong>vigesimam·</strong></span> <span class='ocrx_word' id='word_1_78' title='bbox 1424 1179 1664 1238; x_wconf 82' lang='lat' dir='ltr'><strong>quartam,</strong></span> <span class='ocrx_word' id='word_1_79' title='bbox 1700 1190 1788 1238; x_wconf 91' lang='lat' dir='ltr'><strong>per</strong></span> <span class='ocrx_word' id='word_1_80' title='bbox 1817 1179 2006 1238; x_wconf 91' lang='lat' dir='ltr'><strong>portam</strong></span> <span class='ocrx_word' id='word_1_81' title='bbox 2039 1175 2099 1223; x_wconf 91' lang='lat' dir='ltr'><strong>de</strong></span> 
     </span>
     <span class='ocr_line' id='line_1_11' title="bbox 325 1257 2102 1322; baseline 0.002 -17"><span class='ocrx_word' id='word_1_82' title='bbox 325 1258 524 1322; x_wconf 85' lang='lat' dir='ltr'><strong>Populo,</strong></span> <span class='ocrx_word' id='word_1_83' title='bbox 545 1257 735 1305; x_wconf 87' lang='lat' dir='ltr'><strong>intravit</strong></span> <span class='ocrx_word' id='word_1_84' title='bbox 755 1258 933 1319; x_wconf 86' lang='lat' dir='ltr'><strong>Urbem</strong></span> <span class='ocrx_word' id='word_1_85' title='bbox 956 1261 1121 1305; x_wconf 91' lang='lat' dir='ltr'><strong>Rmus.</strong></span> <span class='ocrx_word' id='word_1_86' title='bbox 1148 1259 1203 1305; x_wconf 90' lang='lat' dir='ltr'><strong>D.</strong></span> <span class='ocrx_word' id='word_1_87' title='bbox 1227 1258 1485 1306; x_wconf 89' lang='lat' dir='ltr'><strong>cardinalis</strong></span> <span class='ocrx_word' id='word_1_88' title='bbox 1508 1258 1566 1307; x_wconf 91' lang='lat' dir='ltr'><strong>de</strong></span> <span class='ocrx_word' id='word_1_89' title='bbox 1587 1259 1840 1319; x_wconf 88' lang='lat' dir='ltr'><strong>Alibretto,</strong></span> <span class='ocrx_word' id='word_1_90' title='bbox 1864 1260 1939 1308; x_wconf 92' lang='lat' dir='ltr'><strong>cui</strong></span> <span class='ocrx_word' id='word_1_91' title='bbox 1960 1275 2102 1308; x_wconf 89' lang='lat' dir='ltr'><strong>vene-</strong></span> 
     </span>
     <span class='ocr_line' id='line_1_12' title="bbox 325 1341 2101 1405; baseline 0.001 -16"><span class='ocrx_word' id='word_1_92' title='bbox 325 1346 434 1390; x_wconf 89' lang='lat' dir='ltr'><strong>runt</strong></span> <span class='ocrx_word' id='word_1_93' title='bbox 457 1341 645 1389; x_wconf 87' lang='lat' dir='ltr'><strong>obviam</strong></span> <span class='ocrx_word' id='word_1_94' title='bbox 667 1357 818 1404; x_wconf 90' lang='lat' dir='ltr'><strong>usque</strong></span> <span class='ocrx_word' id='word_1_95' title='bbox 844 1342 902 1389; x_wconf 88' lang='lat' dir='ltr'><strong>ad</strong></span> <span class='ocrx_word' id='word_1_96' title='bbox 924 1346 1119 1405; x_wconf 90' lang='lat' dir='ltr'><strong>pontem</strong></span> <span class='ocrx_word' id='word_1_97' title='bbox 1143 1342 1355 1389; x_wconf 89' lang='lat' dir='ltr'><strong>Milvium</strong></span> <span class='ocrx_word' id='word_1_98' title='bbox 1386 1345 1441 1389; x_wconf 89' lang='lat' dir='ltr'><strong>R.</strong></span> <span class='ocrx_word' id='word_1_99' title='bbox 1474 1344 1530 1389; x_wconf 93' lang='lat' dir='ltr'><strong>D.</strong></span> <span class='ocrx_word' id='word_1_100' title='bbox 1557 1342 1810 1405; x_wconf 86' lang='lat' dir='ltr'><strong>episcopus</strong></span> <span class='ocrx_word' id='word_1_101' title='bbox 1831 1344 2101 1390; x_wconf 90' lang='lat' dir='ltr'><strong>Trecoren-</strong></span> 
     </span>
     <span class='ocr_line' id='line_1_13' title="bbox 325 1424 2101 1489; baseline -0.001 -16"><span class='ocrx_word' id='word_1_102' title='bbox 325 1426 406 1485; x_wconf 77' lang='lat' dir='ltr'><strong>sis,</strong></span> <span class='ocrx_word' id='word_1_103' title='bbox 443 1431 490 1474; x_wconf 89' lang='lat' dir='ltr'><strong>et</strong></span> <span class='ocrx_word' id='word_1_104' title='bbox 518 1426 676 1473; x_wconf 90' lang='lat' dir='ltr'><strong>socius</strong></span> <span class='ocrx_word' id='word_1_105' title='bbox 705 1442 817 1473; x_wconf 91' lang='lat' dir='ltr'><strong>suus</strong></span> <span class='ocrx_word' id='word_1_106' title='bbox 847 1425 1015 1484; x_wconf 88' lang='lat' dir='ltr'><strong>laicus,</strong></span> <span class='ocrx_word' id='word_1_107' title='bbox 1050 1428 1264 1472; x_wconf 89' lang='lat' dir='ltr'><strong>oratores</strong></span> <span class='ocrx_word' id='word_1_108' title='bbox 1294 1424 1422 1488; x_wconf 86' lang='lat' dir='ltr'><strong>regis</strong></span> <span class='ocrx_word' id='word_1_109' title='bbox 1453 1424 1673 1484; x_wconf 82' lang='lat' dir='ltr'><strong>Francie,</strong></span> <span class='ocrx_word' id='word_1_110' title='bbox 1712 1425 1791 1488; x_wconf 92' lang='lat' dir='ltr'><strong>qui</strong></span> <span class='ocrx_word' id='word_1_111' title='bbox 1824 1425 2101 1489; x_wconf 76' lang='lat' dir='ltr'><strong>equitarunt</strong></span> 
     </span>
     <span class='ocr_line' id='line_1_14' title="bbox 321 1508 2097 1572; baseline 0 -16"><span class='ocrx_word' id='word_1_112' title='bbox 321 1510 457 1572; x_wconf 88' lang='lat' dir='ltr'><strong>juxta</strong></span> <span class='ocrx_word' id='word_1_113' title='bbox 478 1524 607 1568; x_wconf 83' lang='lat' dir='ltr'><strong>eum,</strong></span> <span class='ocrx_word' id='word_1_114' title='bbox 631 1508 746 1555; x_wconf 91' lang='lat' dir='ltr'><strong>hinc</strong></span> <span class='ocrx_word' id='word_1_115' title='bbox 774 1513 821 1556; x_wconf 90' lang='lat' dir='ltr'><strong>et</strong></span> <span class='ocrx_word' id='word_1_116' title='bbox 849 1508 960 1556; x_wconf 89' lang='lat' dir='ltr'><strong>inde</strong></span> <span class='ocrx_word' id='word_1_117' title='bbox 985 1523 1135 1571; x_wconf 89' lang='lat' dir='ltr'><strong>usque</strong></span> <span class='ocrx_word' id='word_1_118' title='bbox 1159 1508 1220 1556; x_wconf 90' lang='lat' dir='ltr'><strong>ad</strong></span> <span class='ocrx_word' id='word_1_119' title='bbox 1240 1508 1442 1571; x_wconf 86' lang='lat' dir='ltr'><strong>gradum</strong></span> <span class='ocrx_word' id='word_1_120' title='bbox 1470 1508 1674 1557; x_wconf 82' lang='lat' dir='ltr'><strong>ecclesie</strong></span> <span class='ocrx_word' id='word_1_121' title='bbox 1705 1508 1846 1557; x_wconf 90' lang='lat' dir='ltr'><strong>beate</strong></span> <span class='ocrx_word' id='word_1_122' title='bbox 1869 1508 2017 1557; x_wconf 88' lang='lat' dir='ltr'><strong>Marie</strong></span> <span class='ocrx_word' id='word_1_123' title='bbox 2038 1508 2097 1556; x_wconf 90' lang='lat' dir='ltr'><strong>de</strong></span> 
     </span>
     <span class='ocr_line' id='line_1_15' title="bbox 325 1591 2100 1655; baseline -0.001 -16"><span class='ocrx_word' id='word_1_124' title='bbox 325 1591 507 1655; x_wconf 90' lang='lat' dir='ltr'><strong>Populo</strong></span> <span class='ocrx_word' id='word_1_125' title='bbox 541 1591 640 1651; x_wconf 78' lang='lat' dir='ltr'><strong>ubi,</strong></span> <span class='ocrx_word' id='word_1_126' title='bbox 683 1606 741 1639; x_wconf 92' lang='lat' dir='ltr'><strong>eo</strong></span> <span class='ocrx_word' id='word_1_127' title='bbox 784 1591 999 1650; x_wconf 90' lang='lat' dir='ltr'><strong>dimisso,</strong></span> <span class='ocrx_word' id='word_1_128' title='bbox 1042 1594 1346 1639; x_wconf 90' lang='lat' dir='ltr'><strong>recesserunt</strong></span> <span class='ocrx_word' id='word_1_129' title='bbox 1385 1591 1514 1638; x_wconf 88' lang='lat' dir='ltr'><strong>circa</strong></span> <span class='ocrx_word' id='word_1_130' title='bbox 1551 1591 1764 1639; x_wconf 89' lang='lat' dir='ltr'><strong>mediam</strong></span> <span class='ocrx_word' id='word_1_131' title='bbox 1795 1591 1939 1650; x_wconf 89' lang='lat' dir='ltr'><strong>viam,</strong></span> <span class='ocrx_word' id='word_1_132' title='bbox 1975 1591 2100 1640; x_wconf 89' lang='lat' dir='ltr'><strong>inter</strong></span> 
     </span>
     <span class='ocr_line' id='line_1_16' title="bbox 323 1673 2102 1739; baseline -0.001 -16"><span class='ocrx_word' id='word_1_133' title='bbox 323 1680 521 1739; x_wconf 89' lang='lat' dir='ltr'><strong>pontem</strong></span> <span class='ocrx_word' id='word_1_134' title='bbox 554 1675 769 1723; x_wconf 91' lang='lat' dir='ltr'><strong>Milvium</strong></span> <span class='ocrx_word' id='word_1_135' title='bbox 803 1679 849 1723; x_wconf 89' lang='lat' dir='ltr'><strong>et</strong></span> <span class='ocrx_word' id='word_1_136' title='bbox 885 1679 1073 1738; x_wconf 90' lang='lat' dir='ltr'><strong>portam</strong></span> <span class='ocrx_word' id='word_1_137' title='bbox 1105 1673 1388 1738; x_wconf 85' lang='lat' dir='ltr'><strong>predictam.</strong></span> <span class='ocrx_word' id='word_1_138' title='bbox 1418 1674 1646 1721; x_wconf 83' lang='lat' dir='ltr'><strong>Exuimus</strong></span> <span class='ocrx_word' id='word_1_139' title='bbox 1671 1674 1965 1723; x_wconf 87' lang='lat' dir='ltr'><strong>cardinalem</strong></span> <span class='ocrx_word' id='word_1_140' title='bbox 1992 1689 2102 1738; x_wconf 89' lang='lat' dir='ltr'><strong>pre—</strong></span> 
     </span>
     <span class='ocr_line' id='line_1_17' title="bbox 325 1745 2100 1822; baseline -0.001 -16"><span class='ocrx_word' id='word_1_141' title='bbox 325 1759 506 1807; x_wconf 88' lang='lat' dir='ltr'><strong>dictum</strong></span> <span class='ocrx_word' id='word_1_142' title='bbox 526 1759 800 1807; x_wconf 88' lang='lat' dir='ltr'><strong>venientem</strong></span> <span class='ocrx_word' id='word_1_143' title='bbox 822 1758 1052 1807; x_wconf 89' lang='lat' dir='ltr'><strong>mantello</strong></span> <span class='ocrx_word' id='word_1_144' title='bbox 1074 1758 1131 1806; x_wconf 89' lang='lat' dir='ltr'><strong>de</strong></span> <span class='ocrx_word' id='word_1_145' title='bbox 1155 1757 1482 1806; x_wconf 87' lang='lat' dir='ltr'><strong>ciambellotto</strong></span> <span class='ocrx_word' id='word_1_146' title='bbox 1502 1745 1773 1806; x_wconf 87' lang='lat' dir='ltr'><strong>cremesino</strong></span> <span class='ocrx_word' id='word_1_147' title='bbox 1796 1762 1844 1807; x_wconf 88' lang='lat' dir='ltr'><strong>et</strong></span> <span class='ocrx_word' id='word_1_148' title='bbox 1864 1757 2100 1822; x_wconf 85' lang='lat' dir='ltr'><strong>capucino</strong></span> 
     </span>
     <span class='ocr_line' id='line_1_18' title="bbox 323 1841 2103 1905; baseline 0 -14"><span class='ocrx_word' id='word_1_149' title='bbox 323 1843 555 1902; x_wconf 82' lang='lat' dir='ltr'><strong>violaceo,</strong></span> <span class='ocrx_word' id='word_1_150' title='bbox 587 1848 634 1892; x_wconf 86' lang='lat' dir='ltr'><strong>et</strong></span> <span class='ocrx_word' id='word_1_151' title='bbox 655 1843 897 1891; x_wconf 87' lang='lat' dir='ltr'><strong>induimus</strong></span> <span class='ocrx_word' id='word_1_152' title='bbox 919 1858 1029 1891; x_wconf 89' lang='lat' dir='ltr'><strong>eum</strong></span> <span class='ocrx_word' id='word_1_153' title='bbox 1057 1857 1212 1905; x_wconf 88' lang='lat' dir='ltr'><strong>cappa</strong></span> <span class='ocrx_word' id='word_1_154' title='bbox 1241 1841 1498 1890; x_wconf 88' lang='lat' dir='ltr'><strong>cardinali:</strong></span> <span class='ocrx_word' id='word_1_155' title='bbox 1533 1841 1818 1891; x_wconf 88' lang='lat' dir='ltr'><strong>mantellum</strong></span> <span class='ocrx_word' id='word_1_156' title='bbox 1847 1845 1896 1891; x_wconf 89' lang='lat' dir='ltr'><strong>et</strong></span> <span class='ocrx_word' id='word_1_157' title='bbox 1929 1857 2103 1905; x_wconf 83' lang='lat' dir='ltr'><strong>capuc-</strong></span> 
     </span>
     <span class='ocr_line' id='line_1_19' title="bbox 325 1927 1211 1986; baseline 0.001 -12"><span class='ocrx_word' id='word_1_158' title='bbox 325 1927 487 1975; x_wconf 88' lang='lat' dir='ltr'><strong>cinum</strong></span> <span class='ocrx_word' id='word_1_159' title='bbox 509 1927 871 1986; x_wconf 72' lang='lat' dir='ltr'><strong>custodivimus,</strong></span> <span class='ocrx_word' id='word_1_160' title='bbox 896 1942 1030 1974; x_wconf 90' lang='lat' dir='ltr'><strong>more</strong></span> <span class='ocrx_word' id='word_1_161' title='bbox 1053 1927 1211 1975; x_wconf 81' lang='lat' dir='ltr'><strong>solito,</strong></span> 
     </span>
    </p>

    <p class='ocr_par' dir='ltr' id='par_1_4' title="bbox 320 2009 2102 3576">
     <span class='ocr_line' id='line_1_20' title="bbox 391 2009 2101 2074; baseline 0 -15"><span class='ocrx_word' id='word_1_162' title='bbox 391 2012 530 2059; x_wconf 88' lang='lat' dir='ltr'><strong>Feria</strong></span> <span class='ocrx_word' id='word_1_163' title='bbox 558 2011 783 2070; x_wconf 85' lang='lat' dir='ltr'><strong>secunda,</strong></span> <span class='ocrx_word' id='word_1_164' title='bbox 813 2014 869 2057; x_wconf 76' lang='lat'><strong>14</strong></span> <span class='ocrx_word' id='word_1_165' title='bbox 898 2010 1079 2058; x_wconf 89' lang='lat' dir='ltr'><strong>mensis</strong></span> <span class='ocrx_word' id='word_1_166' title='bbox 1106 2009 1280 2068; x_wconf 88' lang='lat' dir='ltr'><strong>martii,</strong></span> <span class='ocrx_word' id='word_1_167' title='bbox 1307 2013 1478 2073; x_wconf 85' lang='lat' dir='ltr'><strong>parato</strong></span> <span class='ocrx_word' id='word_1_168' title='bbox 1506 2009 1635 2058; x_wconf 87' lang='lat' dir='ltr'><strong>bono</strong></span> <span class='ocrx_word' id='word_1_169' title='bbox 1663 2025 1806 2058; x_wconf 88' lang='lat' dir='ltr'><strong>mane</strong></span> <span class='ocrx_word' id='word_1_170' title='bbox 1833 2010 1941 2059; x_wconf 94' lang='lat' dir='ltr'><strong>loco</strong></span> <span class='ocrx_word' id='word_1_171' title='bbox 1970 2010 2101 2074; x_wconf 86' lang='lat' dir='ltr'><strong>capi-</strong></span> 
     </span>
     <span class='ocr_line' id='line_1_21' title="bbox 322 2092 2102 2159; baseline -0.001 -15"><span class='ocrx_word' id='word_1_172' title='bbox 322 2096 467 2144; x_wconf 87' lang='lat' dir='ltr'><strong>tulari</strong></span> <span class='ocrx_word' id='word_1_173' title='bbox 492 2095 550 2143; x_wconf 90' lang='lat' dir='ltr'><strong>de</strong></span> <span class='ocrx_word' id='word_1_174' title='bbox 576 2094 759 2159; x_wconf 89' lang='lat' dir='ltr'><strong>Populo</strong></span> <span class='ocrx_word' id='word_1_175' title='bbox 787 2093 858 2140; x_wconf 83' lang='lat' dir='ltr'><strong>vix</strong></span> <span class='ocrx_word' id='word_1_176' title='bbox 890 2093 939 2140; x_wconf 92' lang='lat' dir='ltr'><strong>in</strong></span> <span class='ocrx_word' id='word_1_177' title='bbox 965 2097 1200 2157; x_wconf 87' lang='lat' dir='ltr'><strong>tempore,</strong></span> <span class='ocrx_word' id='word_1_178' title='bbox 1226 2093 1337 2156; x_wconf 92' lang='lat' dir='ltr'><strong>quia</strong></span> <span class='ocrx_word' id='word_1_179' title='bbox 1361 2092 1548 2141; x_wconf 85' lang='lat' dir='ltr'><strong>forrerii</strong></span> <span class='ocrx_word' id='word_1_180' title='bbox 1579 2095 1705 2157; x_wconf 88' lang='lat' dir='ltr'><strong>Pape</strong></span> <span class='ocrx_word' id='word_1_181' title='bbox 1740 2109 1837 2141; x_wconf 91' lang='lat' dir='ltr'><strong>non</strong></span> <span class='ocrx_word' id='word_1_182' title='bbox 1867 2094 2102 2144; x_wconf 86' lang='lat' dir='ltr'><strong>miserunt</strong></span> 
     </span>
     <span class='ocr_line' id='line_1_22' title="bbox 324 2175 2101 2243; baseline -0.001 -16"><span class='ocrx_word' id='word_1_183' title='bbox 324 2194 510 2243; x_wconf 89' lang='lat' dir='ltr'><strong>pannos</strong></span> <span class='ocrx_word' id='word_1_184' title='bbox 534 2182 580 2226; x_wconf 90' lang='lat' dir='ltr'><strong>et</strong></span> <span class='ocrx_word' id='word_1_185' title='bbox 600 2180 788 2241; x_wconf 87' lang='lat' dir='ltr'><strong>tapetes</strong></span> <span class='ocrx_word' id='word_1_186' title='bbox 810 2192 903 2239; x_wconf 92' lang='lat' dir='ltr'><strong>que</strong></span> <span class='ocrx_word' id='word_1_187' title='bbox 932 2176 1146 2235; x_wconf 83' lang='lat' dir='ltr'><strong>tandem,</strong></span> <span class='ocrx_word' id='word_1_188' title='bbox 1169 2176 1334 2225; x_wconf 91' lang='lat' dir='ltr'><strong>nescio</strong></span> <span class='ocrx_word' id='word_1_189' title='bbox 1358 2175 1503 2234; x_wconf 92' lang='lat' dir='ltr'><strong>unde,</strong></span> <span class='ocrx_word' id='word_1_190' title='bbox 1530 2178 1782 2239; x_wconf 84' lang='lat' dir='ltr'><strong>apportata</strong></span> <span class='ocrx_word' id='word_1_191' title='bbox 1803 2180 1929 2237; x_wconf 89' lang='lat' dir='ltr'><strong>sunt,</strong></span> <span class='ocrx_word' id='word_1_192' title='bbox 1953 2193 2101 2226; x_wconf 87' lang='lat' dir='ltr'><strong>vene-</strong></span> 
     </span>
     <span class='ocr_line' id='line_1_23' title="bbox 325 2259 2100 2323; baseline 0 -14"><span class='ocrx_word' id='word_1_193' title='bbox 325 2267 436 2310; x_wconf 89' lang='lat' dir='ltr'><strong>runt</strong></span> <span class='ocrx_word' id='word_1_194' title='bbox 456 2263 505 2309; x_wconf 92' lang='lat' dir='ltr'><strong>in</strong></span> <span class='ocrx_word' id='word_1_195' title='bbox 527 2261 753 2310; x_wconf 91' lang='lat' dir='ltr'><strong>eumdem</strong></span> <span class='ocrx_word' id='word_1_196' title='bbox 779 2261 937 2309; x_wconf 93' lang='lat' dir='ltr'><strong>locum</strong></span> <span class='ocrx_word' id='word_1_197' title='bbox 963 2260 1155 2307; x_wconf 89' lang='lat' dir='ltr'><strong>solitum</strong></span> <span class='ocrx_word' id='word_1_198' title='bbox 1183 2259 1450 2308; x_wconf 88' lang='lat' dir='ltr'><strong>cardinales</strong></span> <span class='ocrx_word' id='word_1_199' title='bbox 1482 2259 1842 2323; x_wconf 86' lang='lat' dir='ltr'><strong>Neapolitanus,</strong></span> <span class='ocrx_word' id='word_1_200' title='bbox 1871 2276 1908 2309; x_wconf 93' lang='lat' dir='ltr'><strong>s.</strong></span> <span class='ocrx_word' id='word_1_201' title='bbox 1939 2261 2100 2310; x_wconf 90' lang='lat' dir='ltr'><strong>Crucis</strong></span> 
     </span>
     <span class='ocr_line' id='line_1_24' title="bbox 324 2342 2099 2406; baseline 0 -13"><span class='ocrx_word' id='word_1_202' title='bbox 324 2350 371 2394; x_wconf 89' lang='lat' dir='ltr'><strong>et</strong></span> <span class='ocrx_word' id='word_1_203' title='bbox 396 2345 639 2403; x_wconf 81' lang='lat' dir='ltr'><strong>SenensiS‚</strong></span> <span class='ocrx_word' id='word_1_204' title='bbox 666 2343 782 2392; x_wconf 89' lang='lat' dir='ltr'><strong>item</strong></span> <span class='ocrx_word' id='word_1_205' title='bbox 805 2342 1001 2392; x_wconf 91' lang='lat' dir='ltr'><strong>Ursinus</strong></span> <span class='ocrx_word' id='word_1_206' title='bbox 1021 2347 1068 2390; x_wconf 92' lang='lat' dir='ltr'><strong>et</strong></span> <span class='ocrx_word' id='word_1_207' title='bbox 1088 2342 1318 2401; x_wconf 80' lang='lat' dir='ltr'><strong>MediceS,</strong></span> <span class='ocrx_word' id='word_1_208' title='bbox 1342 2342 1457 2391; x_wconf 89' lang='lat' dir='ltr'><strong>item</strong></span> <span class='ocrx_word' id='word_1_209' title='bbox 1480 2342 1853 2406; x_wconf 90' lang='lat' dir='ltr'><strong>Ulissiponensis</strong></span> <span class='ocrx_word' id='word_1_210' title='bbox 1875 2348 1922 2393; x_wconf 88' lang='lat' dir='ltr'><strong>et</strong></span> <span class='ocrx_word' id='word_1_211' title='bbox 1944 2347 2099 2393; x_wconf 89' lang='lat' dir='ltr'><strong>Reca-</strong></span> 
     </span>
     <span class='ocr_line' id='line_1_25' title="bbox 324 2426 2101 2490; baseline -0.001 -13"><span class='ocrx_word' id='word_1_212' title='bbox 324 2428 540 2477; x_wconf 88' lang='lat' dir='ltr'><strong>natensis</strong></span> <span class='ocrx_word' id='word_1_213' title='bbox 563 2447 572 2486; x_wconf 88' lang='lat'>;</span> <span class='ocrx_word' id='word_1_214' title='bbox 597 2432 709 2476; x_wconf 90' lang='lat' dir='ltr'><strong>tunc</strong></span> <span class='ocrx_word' id='word_1_215' title='bbox 735 2443 773 2474; x_wconf 90' lang='lat' dir='ltr'><strong>s.</strong></span> <span class='ocrx_word' id='word_1_216' title='bbox 802 2426 1048 2486; x_wconf 83' lang='lat' dir='ltr'><strong>PraxediS‚</strong></span> <span class='ocrx_word' id='word_1_217' title='bbox 1078 2426 1449 2486; x_wconf 84' lang='lat' dir='ltr'><strong>Alexandrinus,</strong></span> <span class='ocrx_word' id='word_1_218' title='bbox 1474 2426 1831 2490; x_wconf 83' lang='lat' dir='ltr'><strong>Agrigentinus,</strong></span> <span class='ocrx_word' id='word_1_219' title='bbox 1862 2428 2101 2476; x_wconf 84' lang='lat' dir='ltr'><strong>Arboreu-</strong></span> 
     </span>
     <span class='ocr_line' id='line_1_26' title="bbox 325 2506 2099 2574; baseline 0 -14"><span class='ocrx_word' id='word_1_220' title='bbox 325 2512 407 2571; x_wconf 84' lang='lat' dir='ltr'><strong>sis,</strong></span> <span class='ocrx_word' id='word_1_221' title='bbox 429 2512 736 2570; x_wconf 85' lang='lat' dir='ltr'><strong>Cusentinus‚</strong></span> <span class='ocrx_word' id='word_1_222' title='bbox 762 2510 1107 2569; x_wconf 84' lang='lat' dir='ltr'><strong>Salernitanus,</strong></span> <span class='ocrx_word' id='word_1_223' title='bbox 1133 2510 1532 2574; x_wconf 81' lang='lat' dir='ltr'><strong>Caputaquensis,</strong></span> <span class='ocrx_word' id='word_1_224' title='bbox 1560 2510 1865 2570; x_wconf 89' lang='lat' dir='ltr'><strong>Mutinensis,</strong></span> <span class='ocrx_word' id='word_1_225' title='bbox 1886 2506 2099 2560; x_wconf 85' lang='lat' dir='ltr'><strong>Estensis</strong></span> 
     </span>
     <span class='ocr_line' id='line_1_27' title="bbox 325 2594 2100 2659; baseline 0 -15"><span class='ocrx_word' id='word_1_226' title='bbox 325 2600 371 2644; x_wconf 93' lang='lat' dir='ltr'><strong>et</strong></span> <span class='ocrx_word' id='word_1_227' title='bbox 392 2595 597 2659; x_wconf 83' lang='lat' dir='ltr'><strong>Borgia3</strong></span> <span class='ocrx_word' id='word_1_228' title='bbox 626 2595 822 2643; x_wconf 89' lang='lat' dir='ltr'><strong>tandem</strong></span> <span class='ocrx_word' id='word_1_229' title='bbox 850 2594 1123 2654; x_wconf 83' lang='lat' dir='ltr'><strong>Grimanus,</strong></span> <span class='ocrx_word' id='word_1_230' title='bbox 1157 2610 1194 2642; x_wconf 90' lang='lat' dir='ltr'><strong>s.</strong></span> <span class='ocrx_word' id='word_1_231' title='bbox 1229 2594 1442 2643; x_wconf 88' lang='lat' dir='ltr'><strong>Severini</strong></span> <span class='ocrx_word' id='word_1_232' title='bbox 1474 2597 1522 2642; x_wconf 88' lang='lat' dir='ltr'><strong>et</strong></span> <span class='ocrx_word' id='word_1_233' title='bbox 1549 2595 1818 2643; x_wconf 87' lang='lat' dir='ltr'><strong>Cesarinus.</strong></span> <span class='ocrx_word' id='word_1_234' title='bbox 1852 2595 2100 2644; x_wconf 56' lang='lat' dir='ltr'><strong>Ascende⁴</strong></span> 
     </span>
     <span class='ocr_line' id='line_1_28' title="bbox 324 2676 2099 2741; baseline 0 -15"><span class='ocrx_word' id='word_1_235' title='bbox 324 2683 436 2727; x_wconf 88' lang='lat' dir='ltr'><strong>runt</strong></span> <span class='ocrx_word' id='word_1_236' title='bbox 456 2678 611 2726; x_wconf 87' lang='lat' dir='ltr'><strong>mulas</strong></span> <span class='ocrx_word' id='word_1_237' title='bbox 630 2693 817 2738; x_wconf 80' lang='lat' dir='ltr'><strong>omneS‚</strong></span> <span class='ocrx_word' id='word_1_238' title='bbox 846 2683 893 2726; x_wconf 88' lang='lat' dir='ltr'><strong>et</strong></span> <span class='ocrx_word' id='word_1_239' title='bbox 918 2693 1005 2741; x_wconf 89' lang='lat' dir='ltr'><strong>per</strong></span> <span class='ocrx_word' id='word_1_240' title='bbox 1022 2676 1147 2725; x_wconf 90' lang='lat' dir='ltr'><strong>viam</strong></span> <span class='ocrx_word' id='word_1_241' title='bbox 1170 2677 1378 2737; x_wconf 82' lang='lat' dir='ltr'><strong>solitam,</strong></span> <span class='ocrx_word' id='word_1_242' title='bbox 1399 2678 1538 2741; x_wconf 88' lang='lat' dir='ltr'><strong>juxta</strong></span> <span class='ocrx_word' id='word_1_243' title='bbox 1560 2678 1758 2738; x_wconf 87' lang='lat' dir='ltr'><strong>flumen,</strong></span> <span class='ocrx_word' id='word_1_244' title='bbox 1781 2678 2099 2741; x_wconf 87' lang='lat' dir='ltr'><strong>equitavimus</strong></span> 
     </span>
     <span class='ocr_line' id='line_1_29' title="bbox 325 2761 2097 2826; baseline -0.001 -16"><span class='ocrx_word' id='word_1_245' title='bbox 325 2763 385 2810; x_wconf 89' lang='lat' dir='ltr'><strong>ad</strong></span> <span class='ocrx_word' id='word_1_246' title='bbox 415 2762 664 2826; x_wconf 89' lang='lat' dir='ltr'><strong>palatium.</strong></span> <span class='ocrx_word' id='word_1_247' title='bbox 703 2761 865 2812; x_wconf 88' lang='lat' dir='ltr'><strong>Ultimi</strong></span> <span class='ocrx_word' id='word_1_248' title='bbox 902 2765 998 2809; x_wconf 91' lang='lat' dir='ltr'><strong>tres</strong></span> <span class='ocrx_word' id='word_1_249' title='bbox 1037 2761 1312 2825; x_wconf 85' lang='lat' dir='ltr'><strong>presbyteri</strong></span> <span class='ocrx_word' id='word_1_250' title='bbox 1347 2761 1621 2824; x_wconf 89' lang='lat' dir='ltr'><strong>equitarunt</strong></span> <span class='ocrx_word' id='word_1_251' title='bbox 1660 2761 1825 2821; x_wconf 86' lang='lat' dir='ltr'><strong>simul,</strong></span> <span class='ocrx_word' id='word_1_252' title='bbox 1862 2765 1910 2810; x_wconf 91' lang='lat' dir='ltr'><strong>et</strong></span> <span class='ocrx_word' id='word_1_253' title='bbox 1947 2776 2097 2809; x_wconf 88' lang='lat' dir='ltr'><strong>novus</strong></span> 
     </span>
     <span class='ocr_line' id='line_1_30' title="bbox 324 2844 2101 2905; baseline -0.001 -12"><span class='ocrx_word' id='word_1_254' title='bbox 324 2846 448 2894; x_wconf 91' lang='lat' dir='ltr'><strong>inter</strong></span> <span class='ocrx_word' id='word_1_255' title='bbox 469 2847 735 2894; x_wconf 90' lang='lat' dir='ltr'><strong>Senensem</strong></span> <span class='ocrx_word' id='word_1_256' title='bbox 755 2849 801 2894; x_wconf 90' lang='lat' dir='ltr'><strong>et</strong></span> <span class='ocrx_word' id='word_1_257' title='bbox 823 2846 882 2893; x_wconf 91' lang='lat' dir='ltr'><strong>de</strong></span> <span class='ocrx_word' id='word_1_258' title='bbox 904 2844 1104 2893; x_wconf 89' lang='lat' dir='ltr'><strong>Medicis</strong></span> <span class='ocrx_word' id='word_1_259' title='bbox 1128 2845 1177 2892; x_wconf 91' lang='lat' dir='ltr'><strong>in</strong></span> <span class='ocrx_word' id='word_1_260' title='bbox 1197 2845 1365 2893; x_wconf 88' lang='lat' dir='ltr'><strong>ultimo</strong></span> <span class='ocrx_word' id='word_1_261' title='bbox 1388 2844 1512 2903; x_wconf 89' lang='lat' dir='ltr'><strong>loco,</strong></span> <span class='ocrx_word' id='word_1_262' title='bbox 1548 2859 1682 2892; x_wconf 88' lang='lat' dir='ltr'><strong>more</strong></span> <span class='ocrx_word' id='word_1_263' title='bbox 1705 2849 1955 2893; x_wconf 88' lang='lat' dir='ltr'><strong>consueto.</strong></span> <span class='ocrx_word' id='word_1_264' title='bbox 1990 2846 2101 2905; x_wconf 23' lang='lat' dir='ltr'><strong>Non-</strong></span> 
     </span>
     <span class='ocr_line' id='line_1_31' title="bbox 323 2928 2098 2993; baseline 0.001 -17"><span class='ocrx_word' id='word_1_265' title='bbox 323 2928 521 2993; x_wconf 88' lang='lat' dir='ltr'><strong>premisi</strong></span> <span class='ocrx_word' id='word_1_266' title='bbox 545 2929 663 2977; x_wconf 88' lang='lat' dir='ltr'><strong>duos</strong></span> <span class='ocrx_word' id='word_1_267' title='bbox 692 2928 920 2976; x_wconf 85' lang='lat' dir='ltr'><strong>diaconos</strong></span> <span class='ocrx_word' id='word_1_268' title='bbox 943 2928 1225 2977; x_wconf 85' lang='lat' dir='ltr'><strong>assistentes</strong></span> <span class='ocrx_word' id='word_1_269' title='bbox 1254 2928 1315 2976; x_wconf 90' lang='lat' dir='ltr'><strong>ad</strong></span> <span class='ocrx_word' id='word_1_270' title='bbox 1339 2930 1539 2992; x_wconf 89' lang='lat' dir='ltr'><strong>Papam,</strong></span> <span class='ocrx_word' id='word_1_271' title='bbox 1563 2929 1675 2992; x_wconf 91' lang='lat' dir='ltr'><strong>quia</strong></span> <span class='ocrx_word' id='word_1_272' title='bbox 1695 2928 1961 2978; x_wconf 86' lang='lat' dir='ltr'><strong>existimavi</strong></span> <span class='ocrx_word' id='word_1_273' title='bbox 1985 2943 2098 2978; x_wconf 87' lang='lat' dir='ltr'><strong>eum</strong></span> 
     </span>
     <span class='ocr_line' id='line_1_32' title="bbox 324 3011 2098 3076; baseline -0.001 -16"><span class='ocrx_word' id='word_1_274' title='bbox 324 3013 508 3061; x_wconf 88' lang='lat' dir='ltr'><strong>tardius</strong></span> <span class='ocrx_word' id='word_1_275' title='bbox 545 3012 783 3061; x_wconf 88' lang='lat' dir='ltr'><strong>exiturum</strong></span> <span class='ocrx_word' id='word_1_276' title='bbox 822 3011 883 3060; x_wconf 88' lang='lat' dir='ltr'><strong>ad</strong></span> <span class='ocrx_word' id='word_1_277' title='bbox 915 3012 1272 3061; x_wconf 87' lang='lat' dir='ltr'><strong>consistorium.</strong></span> <span class='ocrx_word' id='word_1_278' title='bbox 1312 3015 1364 3061; x_wconf 89' lang='lat' dir='ltr'><strong>In</strong></span> <span class='ocrx_word' id='word_1_279' title='bbox 1403 3028 1557 3076; x_wconf 89' lang='lat' dir='ltr'><strong>parva</strong></span> <span class='ocrx_word' id='word_1_280' title='bbox 1588 3012 1772 3076; x_wconf 87' lang='lat' dir='ltr'><strong>capella</strong></span> <span class='ocrx_word' id='word_1_281' title='bbox 1812 3015 2098 3061; x_wconf 87' lang='lat' dir='ltr'><strong>manserunt</strong></span> 
     </span>
     <span class='ocr_line' id='line_1_33' title="bbox 327 3094 2096 3161; baseline -0.001 -17"><span class='ocrx_word' id='word_1_282' title='bbox 327 3095 571 3154; x_wconf 87' lang='lat' dir='ltr'><strong>Senensis,</strong></span> <span class='ocrx_word' id='word_1_283' title='bbox 601 3096 682 3158; x_wconf 91' lang='lat' dir='ltr'><strong>qui</strong></span> <span class='ocrx_word' id='word_1_284' title='bbox 713 3096 781 3143; x_wconf 93' lang='lat' dir='ltr'><strong>sic</strong></span> <span class='ocrx_word' id='word_1_285' title='bbox 805 3096 968 3155; x_wconf 84' lang='lat' dir='ltr'><strong>voluit,</strong></span> <span class='ocrx_word' id='word_1_286' title='bbox 1004 3100 1051 3144; x_wconf 90' lang='lat' dir='ltr'><strong>et</strong></span> <span class='ocrx_word' id='word_1_287' title='bbox 1081 3096 1286 3161; x_wconf 83' lang='lat' dir='ltr'><strong>Borgia:</strong></span> <span class='ocrx_word' id='word_1_288' title='bbox 1324 3096 1678 3160; x_wconf 88' lang='lat' dir='ltr'><strong>quamprimum</strong></span> <span class='ocrx_word' id='word_1_289' title='bbox 1713 3095 1791 3144; x_wconf 88' lang='lat' dir='ltr'><strong>alii</strong></span> <span class='ocrx_word' id='word_1_290' title='bbox 1827 3094 2096 3144; x_wconf 83' lang='lat' dir='ltr'><strong>cardinales</strong></span> 
     </span>
     <span class='ocr_line' id='line_1_34' title="bbox 323 3177 2097 3243; baseline 0.001 -17"><span class='ocrx_word' id='word_1_291' title='bbox 323 3180 557 3226; x_wconf 88' lang='lat' dir='ltr'><strong>venerunt</strong></span> <span class='ocrx_word' id='word_1_292' title='bbox 578 3178 638 3226; x_wconf 88' lang='lat' dir='ltr'><strong>ad</strong></span> <span class='ocrx_word' id='word_1_293' title='bbox 660 3193 904 3226; x_wconf 88' lang='lat' dir='ltr'><strong>cameram</strong></span> <span class='ocrx_word' id='word_1_294' title='bbox 926 3179 1195 3243; x_wconf 82' lang='lat' dir='ltr'><strong>Papagalli3</strong></span> <span class='ocrx_word' id='word_1_295' title='bbox 1218 3181 1347 3242; x_wconf 87' lang='lat' dir='ltr'><strong>Papa</strong></span> <span class='ocrx_word' id='word_1_296' title='bbox 1372 3179 1518 3227; x_wconf 86' lang='lat' dir='ltr'><strong>exivit</strong></span> <span class='ocrx_word' id='word_1_297' title='bbox 1543 3178 1709 3226; x_wconf 89' lang='lat' dir='ltr'><strong>dicens</strong></span> <span class='ocrx_word' id='word_1_298' title='bbox 1737 3193 1787 3225; x_wconf 91' lang='lat' dir='ltr'><strong>se</strong></span> <span class='ocrx_word' id='word_1_299' title='bbox 1813 3177 1893 3225; x_wconf 91' lang='lat' dir='ltr'><strong>diu</strong></span> <span class='ocrx_word' id='word_1_300' title='bbox 1921 3193 2097 3242; x_wconf 86' lang='lat' dir='ltr'><strong>expec-</strong></span> 
     </span>
     <span class='ocr_line' id='line_1_35' title="bbox 323 3260 2092 3325; baseline 0.001 -16"><span class='ocrx_word' id='word_1_301' title='bbox 323 3265 452 3309; x_wconf 87' lang='lat' dir='ltr'><strong>tasse</strong></span> <span class='ocrx_word' id='word_1_302' title='bbox 475 3264 522 3309; x_wconf 91' lang='lat' dir='ltr'><strong>et</strong></span> <span class='ocrx_word' id='word_1_303' title='bbox 542 3260 763 3309; x_wconf 87' lang='lat' dir='ltr'><strong>debuisse</strong></span> <span class='ocrx_word' id='word_1_304' title='bbox 784 3261 1037 3324; x_wconf 90' lang='lat' dir='ltr'><strong>pervenire</strong></span> <span class='ocrx_word' id='word_1_305' title='bbox 1059 3261 1178 3309; x_wconf 90' lang='lat' dir='ltr'><strong>duos</strong></span> <span class='ocrx_word' id='word_1_306' title='bbox 1197 3261 1489 3319; x_wconf 88' lang='lat' dir='ltr'><strong>cardinales,</strong></span> <span class='ocrx_word' id='word_1_307' title='bbox 1508 3262 1646 3325; x_wconf 88' lang='lat' dir='ltr'><strong>juxta</strong></span> <span class='ocrx_word' id='word_1_308' title='bbox 1666 3261 2092 3311; x_wconf 88' lang='lat' dir='ltr'><strong>consuetudinem:</strong></span> 
     </span>
     <span class='ocr_line' id='line_1_36' title="bbox 320 3343 2097 3409; baseline 0.001 -18"><span class='ocrx_word' id='word_1_309' title='bbox 320 3343 544 3392; x_wconf 87' lang='lat' dir='ltr'><strong>excusavi</strong></span> <span class='ocrx_word' id='word_1_310' title='bbox 567 3343 696 3407; x_wconf 91' lang='lat' dir='ltr'><strong>quod</strong></span> <span class='ocrx_word' id='word_1_311' title='bbox 716 3343 919 3407; x_wconf 85' lang='lat' dir='ltr'><strong>cogitavi</strong></span> <span class='ocrx_word' id='word_1_312' title='bbox 940 3359 1050 3391; x_wconf 89' lang='lat' dir='ltr'><strong>eum</strong></span> <span class='ocrx_word' id='word_1_313' title='bbox 1073 3343 1251 3391; x_wconf 87' lang='lat' dir='ltr'><strong>tardius</strong></span> <span class='ocrx_word' id='word_1_314' title='bbox 1274 3344 1530 3392; x_wconf 90' lang='lat' dir='ltr'><strong>exiturum.</strong></span> <span class='ocrx_word' id='word_1_315' title='bbox 1569 3345 1697 3408; x_wconf 86' lang='lat' dir='ltr'><strong>Papa</strong></span> <span class='ocrx_word' id='word_1_316' title='bbox 1716 3343 1845 3392; x_wconf 88' lang='lat' dir='ltr'><strong>venit</strong></span> <span class='ocrx_word' id='word_1_317' title='bbox 1866 3344 1926 3392; x_wconf 86' lang='lat' dir='ltr'><strong>ad</strong></span> <span class='ocrx_word' id='word_1_318' title='bbox 1945 3344 2097 3409; x_wconf 92' lang='lat' dir='ltr'><strong>publi·</strong></span> 
     </span>
     <span class='ocr_line' id='line_1_37' title="bbox 326 3426 2097 3491; baseline -0.001 -15"><span class='ocrx_word' id='word_1_319' title='bbox 326 3443 436 3476; x_wconf 89' lang='lat' dir='ltr'><strong>cum</strong></span> <span class='ocrx_word' id='word_1_320' title='bbox 463 3427 803 3476; x_wconf 86' lang='lat' dir='ltr'><strong>consistorium</strong></span> <span class='ocrx_word' id='word_1_321' title='bbox 825 3427 874 3475; x_wconf 92' lang='lat' dir='ltr'><strong>in</strong></span> <span class='ocrx_word' id='word_1_322' title='bbox 894 3426 1039 3476; x_wconf 86' lang='lat' dir='ltr'><strong>tertia</strong></span> <span class='ocrx_word' id='word_1_323' title='bbox 1059 3427 1168 3475; x_wconf 89' lang='lat' dir='ltr'><strong>aula</strong></span> <span class='ocrx_word' id='word_1_324' title='bbox 1186 3430 1423 3491; x_wconf 86' lang='lat' dir='ltr'><strong>paratum,</strong></span> <span class='ocrx_word' id='word_1_325' title='bbox 1451 3427 1499 3475; x_wconf 93' lang='lat' dir='ltr'><strong>in</strong></span> <span class='ocrx_word' id='word_1_326' title='bbox 1523 3443 1618 3491; x_wconf 93' lang='lat' dir='ltr'><strong>quo</strong></span> <span class='ocrx_word' id='word_1_327' title='bbox 1638 3427 1882 3491; x_wconf 85' lang='lat' dir='ltr'><strong>preposite</strong></span> <span class='ocrx_word' id='word_1_328' title='bbox 1903 3427 2097 3476; x_wconf 85' lang='lat' dir='ltr'><strong>fuerunt</strong></span> 
     </span>
     <span class='ocr_line' id='line_1_38' title="bbox 326 3509 2091 3576; baseline 0.001 -18"><span class='ocrx_word' id='word_1_329' title='bbox 326 3514 533 3574; x_wconf 87' lang='lat' dir='ltr'><strong>quatuor</strong></span> <span class='ocrx_word' id='word_1_330' title='bbox 562 3510 945 3559; x_wconf 79' lang='lat' dir='ltr'><strong>commissiones,</strong></span> <span class='ocrx_word' id='word_1_331' title='bbox 985 3509 1196 3559; x_wconf 88' lang='lat' dir='ltr'><strong>Primam</strong></span> <span class='ocrx_word' id='word_1_332' title='bbox 1223 3511 1476 3576; x_wconf 82' lang='lat' dir='ltr'><strong>proposuit</strong></span> <span class='ocrx_word' id='word_1_333' title='bbox 1511 3513 1566 3559; x_wconf 93' lang='lat' dir='ltr'><strong>D.</strong></span> <span class='ocrx_word' id='word_1_334' title='bbox 1603 3510 1778 3559; x_wconf 84' lang='lat' dir='ltr'><strong>Paulus</strong></span> <span class='ocrx_word' id='word_1_335' title='bbox 1805 3511 1865 3559; x_wconf 89' lang='lat' dir='ltr'><strong>de</strong></span> <span class='ocrx_word' id='word_1_336' title='bbox 1898 3510 2091 3569; x_wconf 73' lang='lat' dir='ltr'><strong>Plance,</strong></span> 
     </span>
    </p>
   </div>
  </div>
 </body>
</html>
