2202 3918
131 366 213 407 [Mai
233 366 330 407 1505]
571 365 742 403 RERUM
775 363 1079 402 URBANARUM
1112 363 1462 405 COMMENTARII.
1840 369 1908 404 387

132 470 280 519 circa.
308 470 502 518 Primus
536 468 765 533 equitavit
787 468 918 516 inter
952 466 1227 531 prefectum
1258 484 1288 517 a
1322 469 1506 517 dextris
1533 472 1581 517 et
1612 470 1910 535 gubernato-

134 569 236 601 rem
258 570 287 602 a
308 553 542 613 sinistris;
572 548 814 601 secundus
834 551 962 599 inter
988 550 1235 615 prelatum
1258 552 1427 616 palatii
1450 568 1478 600 a
1500 553 1684 601 dextris
1708 557 1757 602 et
1781 552 1911 617 epis·

133 652 312 700 copum
335 638 614 701 Aquensem
638 651 668 684 a
686 634 914 694 sinistris,
942 638 990 682 et
1020 634 1090 683 sic
1113 635 1174 683 de
1198 636 1305 683 aliis
1328 652 1480 700 usque
1507 637 1568 685 ad
1596 640 1653 685 D.
1681 637 1913 686 Justinia-

131 738 250 769 num
274 722 355 785 qui
381 720 608 784 equitavit
637 736 666 768 a
695 718 880 768 dextris
907 718 1119 767 oratoris
1150 719 1278 784 regis
1304 720 1527 780 Polonie3
1556 720 1647 769 soli
1666 720 1758 785 ipsi
1795 721 1908 780 duo,

132 805 214 853 alii
248 804 424 869 prelati
456 807 505 853 et
542 806 784 862 oratores,
821 818 961 851 more
996 802 1156 851 solito.
1200 803 1532 867 Equitavimus
1563 820 1653 867 per
1686 819 1914 869 campum

132 888 292 948 Flore,
317 889 517 937 domum
541 887 736 939 Domini
753 887 813 935 de
833 885 1073 946 Maximis,
1100 901 1190 950 per
1212 886 1476 936 Parionem
1493 887 1554 935 ad
1573 890 1790 936 Montem
1813 891 1917 936 Jor-

130 972 329 1032 danum,
354 971 404 1020 in
430 987 524 1036 quo
550 971 746 1020 fuerunt
778 970 1028 1034 hospitati,
1057 974 1105 1018 et
1130 970 1313 1019 ibidem
1344 970 1394 1019 in
1418 971 1558 1020 curia
1586 975 1697 1020 ante
1720 974 1915 1036 portam

130 1056 436 1105 intraverunt
458 1056 520 1104 ad
542 1055 819 1120 predictum
842 1054 1016 1104 cortile
1034 1057 1084 1103 et
1108 1058 1315 1119 egerunt
1328 1055 1511 1120 gratias
1535 1055 1912 1115 associantibus,

131 1156 270 1189 more
296 1139 457 1189 solito,

194 1224 444 1284 Mercurii,
483 1224 655 1274 ultima
688 1223 884 1288 apriliS,
915 1224 1123 1289 ‘fuerunt
1159 1240 1363 1289 vespere
1400 1223 1602 1289 papales
1635 1223 1686 1273 in
1726 1223 1916 1289 capella

129 1309 336 1372 maj0re,
363 1311 591 1372 presente
621 1311 769 1372 Papa.

193 1392 339 1450 Jovis,
384 1394 402 1439 1
441 1391 580 1451 maii,
618 1391 797 1439 festum
834 1391 1137 1441 ascensionis
1175 1390 1395 1451 Domini,
1435 1390 1587 1439 missa
1622 1390 1672 1439 in
1713 1392 1917 1441 basilica

130 1490 169 1522 s,
199 1475 350 1534 Petri,
374 1490 521 1538 quam
542 1474 809 1524 celebravit
830 1478 887 1525 D.
908 1476 1166 1525 cardinalis
1182 1475 1487 1534 Cusentinus,
1507 1477 1638 1539 Papa
1657 1478 1911 1539 presente;

130 1558 406 1607 orationem
437 1558 554 1608 fecit
588 1562 646 1608 D.
677 1559 963 1608 Franciscus
999 1560 1060 1608 de
1087 1559 1287 1618 Toledo,
1326 1558 1627 1622 cappucinus
1656 1558 1914 1606 cardinalis

132 1658 170 1690 s.
210 1642 400 1701 Grucis;
439 1645 572 1706 Papa
605 1642 735 1690 venit
758 1643 820 1691 ad
855 1643 1036 1692 dictam
1074 1642 1329 1691 basilicam
1366 1643 1455 1690 sub
1485 1657 1654 1706 regno,
1696 1645 1744 1691 et
1778 1642 1916 1690 finita

134 1725 300 1785 missa,
329 1730 526 1774 ostensa
549 1726 637 1774 suit
659 1726 831 1775 lancea
854 1730 903 1775 et
934 1727 1091 1776 vultus
1115 1726 1327 1784 Domini,
1355 1728 1403 1775 et
1426 1741 1556 1790 papa
1592 1725 1694 1773 sine
1716 1726 1915 1775 baldac-

133 1808 279 1858 chino
301 1810 433 1858 venit
462 1810 525 1858 ad
544 1810 822 1871 ecclesiam,
856 1811 1077 1860 ascendit
1101 1811 1163 1859 ad
1191 1810 1355 1858 locum
1389 1810 1582 1874 publice
1612 1809 1915 1859 benedictio-

133 1893 225 1953 niS,
271 1893 597 1943 cardinalibus
636 1897 685 1942 et
725 1894 927 1959 prelatis
967 1894 1323 1943 associantibus
1360 1893 1410 1941 in
1444 1893 1628 1957 cappis.
1668 1894 1739 1942 Ibi
1780 1894 1915 1942 dedit

132 1977 310 2042 populo
339 1977 733 2026 benedictionem
766 1982 816 2027 et
851 1979 1123 2043 plenariam
1151 1977 1530 2042 indulgentiam,
1558 1979 1659 2026 DD.
1677 1977 1915 2026 Ascanius

130 2060 281 2109 latine
305 2064 354 2109 et
376 2078 415 2109 s.
445 2061 662 2110 Severini
686 2062 735 2110 in
763 2062 949 2126 vulgari
975 2062 1365 2127 publicaverunt.

199 2147 350 2205 Lune‚
380 2149 407 2194 5
429 2145 563 2205 maii,
588 2145 679 2194 fuit
699 2146 948 2210 publicum
965 2146 1306 2195 consistorium
1330 2145 1379 2193 in
1403 2145 1532 2205 aula,
1557 2144 1607 2192 in
1622 2159 1717 2209 quo
1738 2142 1914 2194 Veneti

131 2229 453 2295 prestiterunt
472 2230 824 2288 obedientiam;
862 2229 1138 2279 orationem
1160 2230 1278 2278 fecit
1300 2232 1358 2278 D.
1388 2230 1717 2294 Hieronymus
1753 2231 1915 2277 Dona-

135 2318 208 2363 tus
224 2314 308 2380 (1).
330 2314 586 2379 Proposito
608 2314 806 2363 fuerunt
826 2317 929 2363 tres
944 2314 1315 2362 commissiones
1343 2330 1353 2362 :
1378 2313 1587 2378 primam
1602 2315 1660 2361 D.
1678 2312 1912 2371 Justinus,

134 2399 401 2447 secundam
436 2398 683 2446 Johannes
716 2398 1110 2458 Bartholomeus,
1146 2398 1340 2446 tertiam
1374 2400 1431 2446 D.
1471 2398 1719 2445 Johannes
1757 2396 1918 2444 Simo-

133 2484 314 2542 nettus,
342 2497 495 2530 novus
514 2481 799 2530 advocatus,
822 2482 978 2530 Interf
980 2484 1156 2530 uerunt
1174 2481 1343 2546 viginti
1359 2481 1455 2529 duo
1472 2479 1764 2539 cardinales,
1789 2479 1918 2527 vide-

132 2565 251 2613 licet
272 2564 632 2624 Ulixbonensis,
660 2551 1023 2631 Recanatensis,
1049 2582 1089 2614 s.
1114 2565 1362 2623 Praxedis,
1387 2581 1433 2612 s.
1465 2563 1681 2628 Georgii,
1708 2563 1917 2611 Alexan-

134 2648 324 2708 drinus,
366 2664 406 2696 s.
448 2647 634 2706 Crucis,
672 2648 950 2708 Gurcensis,
986 2648 1263 2706 Grimanus,
1298 2647 1606 2705 Arborensis,
1643 2646 1913 2709 RegiensiS,

134 2732 445 2792 Cusentinus,
473 2730 823 2791 Salernitanus,
860 2735 1123 2791 Cumanus,
1164 2731 1505 2790 Bononiensis,
1545 2729 1913 2789 Volaterranus,

132 2815 392 2876 Adrianus,
422 2831 461 2863 s,
501 2814 634 2863 Petri
660 2815 721 2863 ad
759 2815 981 2875 Vincula,
1008 2814 1264 2875 Ascanius,
1293 2831 1331 2863 s,
1373 2814 1606 2873 Severini,
1637 2813 1914 2871 Cesarinus,

133 2898 394 2948 Farnesius
417 2902 464 2948 et
499 2897 738 2948 Elnensis.
767 2900 943 2948 Postea
975 2902 1104 2964 Pape
1144 2903 1385 2948 venerunt
1420 2899 1481 2947 ad
1520 2898 1744 2948 osculum
1779 2896 1917 2961 pedis

134 2985 331 3031 centum
366 2982 690 3047 quadraginta
718 2998 893 3031 novem
923 2983 1186 3033 familiares
1215 2983 1448 3032 omnium.
1483 2981 1740 3031 Licentiati
1765 2980 1813 3028 in
1837 2995 1919 3028 ca-

134 3081 274 3116 mera
293 3066 557 3133 Papagalli,
587 3067 924 3132 equitaverunt
955 3067 1018 3117 ad
1046 3068 1247 3118 domum
1273 3067 1505 3128 Grimani,
1534 3082 1646 3116 cum
1677 3081 1772 3130 quo
1794 3063 1919 3113 fece-

133 3154 248 3199 runt
270 3152 528 3216 prandium
548 3152 629 3220 (2).

183 3320 219 3358 1.
250 3335 269 3358 α
288 3321 498 3361 Orationem
517 3323 648 3362 habuit
673 3325 718 3362 D.
747 3324 991 3374 Hieronymus
1016 3324 1183 3362 Donatus
1211 3323 1361 3371 dignam
1387 3321 1507 3372 patria
1531 3332 1598 3359 sua
1614 3325 1708 3359 etse
1725 3332 1767 3358 ac
1783 3318 1862 3358 loco
1883 3323 1919 3358 et

134 3381 324 3430 maJestate
355 3381 393 3418 in
430 3395 502 3431 qua
526 3383 593 3421 fuit
623 3384 764 3422 habita.
795 3399 814 3419 >›
847 3385 897 3424 P.
933 3385 978 3421 de
1009 3384 1170 3431 Grassis,
1206 3384 1233 3421 f.
1275 3382 1356 3430 176,
1387 3395 1429 3420 v.
1475 3381 1569 3431 Voy.
1602 3381 1758 3428 Sanum,
1784 3384 1817 3419 t.
1851 3380 1915 3427 VI,

134 3441 207 3478 col.
232 3442 353 3486 165-6,
375 3443 496 3481 171-2.

179 3502 214 3537 2.
242 3501 335 3549 Voy.
356 3501 449 3538 dans
464 3502 608 3540 Sanuto
630 3502 666 3540 la
677 3503 896 3552 description
913 3503 955 3541 de
977 3516 1015 3541 ce
1034 3503 1131 3553 gala,
1155 3508 1180 3541 t.
1201 3502 1262 3549 VI,
1288 3501 1356 3539 col.
1382 3502 1501 3538 171-5.
