2202 3918
177 378 262 420 [Mai
284 378 373 420 1505]
631 378 800 416 RERUM
832 378 1136 415 URBANARUM
1169 379 1519 420 COMMENTARH.
1742 428 1745 430 ,
1893 356 1964 421 385}

180 481 353 529 dinalis
377 480 669 545 [camerarii]
696 480 926 545 sigillatas
949 482 1198 544 processio
1222 499 1311 547 per
1338 484 1488 532 horas
1513 485 1573 531 de
1598 484 1746 532 verbo
1773 486 1834 532 ad
1854 502 1962 533 ver-

180 565 312 623 bum,
342 567 485 628 prout
520 579 647 612 anno
677 563 910 627 preterito
931 563 1012 628 (1),
1043 569 1091 613 et
1122 565 1229 613 heri
1257 566 1453 615 fuerunt
1474 567 1730 616 distribute
1761 568 1833 616 vie
1874 585 1962 633 per

181 663 361 696 cannas
384 647 706 695 cardinalibus
726 662 816 710 per
831 646 1061 695 forrerios
1088 650 1215 712 Pape
1234 648 1314 713 (02).

244 730 489 787 Mercurii,
518 733 572 778 21
614 729 747 789 maii,
778 729 976 778 fuerunt
1009 747 1214 795 vespere
1244 733 1441 796 papales
1474 733 1524 781 in
1549 735 1739 798 capella
1768 735 1958 800 majori,

180 816 314 877 Papa
337 813 563 871 absente;
591 815 758 860 Rmus.
780 813 1042 862 cardinalis
1063 831 1102 863 s.
1130 816 1262 864 Petri
1284 816 1345 863 ad
1367 816 1577 865 Vincula
1594 817 1704 865 fecit
1722 817 1957 878 officium,

180 897 292 960 quia
316 899 419 944 erat
452 895 806 944 celebraturus.

244 980 395 1038 Jovis,
440 982 499 1027 22
534 979 676 1036 maii,
718 978 897 1027 festum
933 980 1249 1028 sacratissimi
1285 981 1517 1044 Corporis
1539 982 1741 1042 Christi,
1777 985 1862 1032 SS.
1897 987 1955 1032 D.

179 1065 346 1111 noster
373 1062 501 1110 venit
528 1062 588 1110 ad
620 1062 984 1126 processionem
1020 1063 1153 1111 circa
1179 1064 1355 1111 horam
1385 1065 1693 1114 undecimam
1722 1067 1797 1115 vel
1830 1071 1958 1131 post,

179 1147 282 1210 ipse
304 1145 566 1194 soluscum
588 1145 774 1193 duobus
789 1145 1029 1209 episcopis
1051 1146 1393 1206 cardinalibus,
1421 1147 1640 1197 videlicet
1662 1165 1701 1197 s.
1730 1150 1960 1198 Praxedis

181 1234 229 1278 et
250 1245 288 1277 s,
319 1228 531 1292 Georgii,
557 1230 606 1276 et
629 1227 817 1276 duobus
838 1229 1056 1277 diaconis
1082 1229 1420 1289 cardinalibus,
1446 1231 1654 1279 Ascanio
1677 1234 1725 1279 et
1748 1249 1786 1279 s.
1815 1234 1962 1281 Seve-

182 1312 296 1372 rini;
321 1312 516 1360 intravit
535 1327 730 1375 parvam
753 1312 990 1375 capellam
1012 1313 1241 1376 pedester
1265 1329 1354 1376 per
1377 1314 1557 1362 ostium
1578 1314 1807 1374 laterale;
1834 1315 1962 1364 facta

181 1395 421 1450 oratione,
462 1399 593 1442 stans
625 1398 738 1444 ante
772 1395 942 1454 altare,
974 1395 1205 1459 imposuit
1238 1396 1491 1445 incensum
1528 1397 1578 1445 in
1614 1398 1884 1446 turibulum
1914 1402 1962 1447 et

180 1478 459 1542 genuflexit,
510 1481 558 1526 et
600 1478 662 1526 ad
701 1479 952 1527 dexteram
996 1479 1258 1528 cardinalis
1303 1496 1342 1528 s.
1399 1481 1629 1528 Praxedis
1673 1482 1959 1545 genuflexus

180 1562 445 1610 incensavit
495 1567 887 1632 sacramentum,
929 1563 1043 1625 quia
1083 1565 1215 1626 Papa
1253 1568 1455 1626 propter
1495 1564 1767 1627 chiragram
1812 1581 1958 1628 quam

180 1645 389 1692 habebat
419 1645 463 1692 in
485 1645 643 1693 indice
659 1661 832 1693 manus
853 1645 1054 1693 dextere
1077 1649 1124 1694 et
1150 1646 1392 1694 catarrum
1408 1646 1469 1711 (3)
1492 1647 1541 1694 in
1561 1647 1760 1695 brachio
1785 1647 1959 1698 dextro

182 1744 279 1776 non
304 1728 460 1791 potuit
475 1728 686 1776 retinere
707 1729 974 1776 turibulum
989 1732 1037 1777 et
1054 1729 1329 1778 incensare.
1357 1732 1610 1778 Incensato
1632 1737 1958 1791 sacramento,

183 1810 410 1874 imposita
449 1810 639 1859 tobalea
672 1811 733 1858 ad
771 1812 966 1872 collum,
998 1813 1235 1860 Ascanius
1256 1806 1401 1861 'dedit
1425 1818 1807 1873 sacramentum,
1847 1830 1960 1863 cum

182 1909 275 1957 quo
297 1894 421 1942 sedit
445 1894 494 1942 in
527 1894 641 1942 sede
664 1911 767 1952 sua,
792 1899 841 1944 et
859 1895 961 1943 sine
982 1896 1125 1944 mitra
1139 1896 1284 1944 exivit
1298 1896 1558 1960 capellam;
1588 1901 1804 1960 portans,
1823 1902 1963 1946 extra

182 1977 415 2040 capellam
440 1978 850 2042 accepitmitram,
880 1979 1132 2027 descendit
1154 1984 1201 2028 et
1216 1980 1434 2043 perfecta
1454 1985 1527 2028 est
1549 1981 1800 2043 processio
1825 1997 1960 2028 more

181 2059 339 2108 solito.
368 2061 632 2109 Cardinalis
654 2078 692 2109 s.
721 2062 950 2110 Praxedis
973 2062 1057 2111 ivit
1082 2064 1142 2111 ad
1165 2063 1422 2132 ecclesiam
1446 2080 1486 2112 s.
1516 2063 1647 2112 Petri
1673 2063 1754 2112 ubi
1775 2064 1962 2128 accepit

180 2147 467 2207 paramenta
483 2160 619 2193 more
642 2146 800 2204 solito,
827 2149 876 2194 et
898 2162 996 2194 non
1020 2147 1106 2195 fuit
1129 2148 1176 2195 in
1199 2147 1529 2212 processione.
1558 2150 1613 2195 D.
1637 2147 1960 2212 Hieronymus

179 2227 432 2286 Arrianus,
474 2231 724 2277 corrector
755 2230 952 2294 majoris
981 2230 1185 2295 justitie,
1218 2230 1388 2278 habuit
1420 2231 1583 2278 locum
1619 2231 1679 2278 ad
1714 2231 1960 2279 sinistram

180 2310 555 2360 locumtenentis
587 2313 1016 2373 contradictarum,
1057 2314 1116 2361 de
1147 2313 1375 2362 mandato
1409 2316 1556 2377 Pape.
1592 2316 1849 2362 Presentes
1880 2314 1963 2362 ali-

181 2394 465 2456 quantulum
494 2410 545 2443 se
568 2402 926 2459 opposuerunt;
954 2413 1128 2461 magna
1152 2397 1242 2444 fuit
1270 2397 1520 2445 altercatio
1548 2397 1675 2446 inter
1700 2397 1960 2461 scriptores

181 2476 519 2539 penitentiarie
554 2483 602 2527 et
638 2479 994 2528 abbreviatores
1031 2481 1091 2528 de
1124 2480 1322 2538 minori;
1364 2483 1412 2528 et
1445 2480 1608 2543 prima
1635 2481 1737 2528 vice
1769 2481 1959 2541 volebat

183 2558 415 2622 magister
439 2560 613 2608 domus
649 2563 776 2624 Pape
805 2561 886 2624 qui
919 2561 1008 2610 fuit
1037 2578 1124 2626 pro
1158 2563 1485 2625 gubernatore
1519 2563 1714 2612 infirmo
1738 2563 1955 2622 absente,

183 2641 313 2704 quod
348 2642 606 2706 scriptores
642 2643 767 2692 irent
806 2659 834 2691 a
870 2645 1067 2703 dextris,
1098 2645 1462 2694 abbreviatores
1497 2661 1526 2693 a
1562 2646 1789 2705 sinistris,
1830 2647 1960 2709 quod

184 2724 442 2788 scriptores
494 2726 757 2775 noluerunt
807 2733 1082 2792 acceptare.
1133 2730 1348 2777 Tandem
1400 2731 1711 2777 recesserunt
1757 2732 1959 2793 propter

231 2839 264 2874 1.
293 2837 387 2887 Voy.
409 2839 700 2887 precedemment
718 2851 813 2888 page
833 2842 915 2879 357.

229 2898 265 2933 2.
294 2898 338 2934 Ρ.
360 2898 405 2935 de
432 2898 578 2936 Grassis
599 2900 660 2948 qui
678 2900 798 2937 donne
818 2900 850 2938 le
867 2904 966 2938 texte
985 2901 1030 2938 de
1056 2912 1116 2938 ces
1136 2901 1248 2946 brefs,
1275 2900 1328 2938 les
1348 2900 1412 2938 fait
1433 2900 1553 2938 suivre
1574 2900 1619 2937 de
1638 2904 1728 2938 cette
1745 2912 1958 2949 remarque:

186 2971 204 2990 «
223 2957 265 2992 In
297 2969 369 3005 quo
390 2959 561 2996 mandato
581 2959 653 3001 duo
671 2964 769 3005 noto,
791 2960 958 2997 videlicet
984 2961 1082 3009 quod
1106 2960 1174 2997 sibi
1205 2960 1271 2998 soli
1298 2961 1493 3010 episcopus
1521 2962 1679 2999 Ortanus
1701 2966 1737 2998 et
1759 2973 1833 2998 non
1863 2961 1961 2998 socio

183 3015 246 3063 qui
269 3027 338 3063 ego
359 3028 454 3063 sum,
478 3017 555 3055 vult
581 3019 822 3067 representari
847 3019 931 3056 lista
956 3020 1117 3056 omnium
1143 3020 1350 3057 officialium
1376 3020 1657 3058 contumacium.
1688 3020 1858 3057 Secundo
1887 3032 1960 3057 non

184 3076 275 3113 bene
293 3082 482 3115 enumerat
500 3078 673 3116 officiales
695 3083 732 3116 et
751 3091 823 3127 quo
843 3079 968 3116 ordine
985 3079 1144 3128 pessimo
1165 3084 1199 3116 et
1216 3079 1384 3128 indignO.

235 3136 344 3172 «Ista
362 3138 578 3176 mandata...
601 3151 673 3176 non
693 3139 838 3176 suerunt
857 3137 1009 3187 alicujus
1024 3150 1132 3174 manu
1155 3138 1374 3186 subscripta,
1394 3150 1467 3175 non
1487 3138 1605 3175 solum
1624 3150 1705 3174 cum
1719 3148 1830 3185 parvo
1843 3137 1962 3184 sigillo

185 3196 380 3235 cardinalis
397 3198 583 3234 camerarii
604 3198 780 3247 sigillata:
803 3210 873 3246 que
891 3198 968 3246 ipse
990 3198 1183 3246 episcopus
1199 3197 1358 3234 Ortanus
1374 3198 1496 3234 socius
1512 3209 1615 3234 meus
1632 3197 1734 3234 dedit
1754 3197 1963 3234 cursoribus

188 3258 402 3305 exequenda
426 3258 486 3295 die
515 3259 641 3295 martis
668 3271 741 3307 qua
773 3258 838 3296 fuit
864 3258 1091 3302 cancellaria,
1114 3262 1153 3295 ut
1180 3270 1223 3294 ea
1251 3262 1506 3306 presentarent
1533 3256 1750 3294 officialibus
1778 3256 1963 3304 deputatis

188 3316 226 3352 in
242 3328 460 3366 unoquoque
480 3317 612 3356 officio.
632 3333 651 3352 »
674 3319 717 3357 P.
738 3319 783 3355 (le
804 3318 963 3363 Grassis,
991 3317 1059 3354 cite
1088 3329 1152 3365 par
1179 3318 1222 3353 de
1242 3317 1468 3365 Brequigny,
1491 3318 1575 3355 Not.
1598 3322 1630 3353 et
1650 3320 1722 3354 ext.
1745 3317 1808 3353 des
1826 3327 1961 3358 mss...,

193 3381 220 3412 t.
243 3376 290 3419 ΙΙ,
313 3388 348 3424 p.
371 3377 454 3421 614,
469 3377 612 3426 d'apres
632 3378 665 3415 le
684 3389 775 3414 mss.
802 3378 852 3413 du
870 3377 1044 3422 Vatican3
1067 3377 1098 3413 le
1117 3389 1278 3426 passage
1299 3376 1585 3424 correspondant
1604 3379 1804 3424 manquant
1819 3375 1910 3413 dans
1931 3376 1963 3412 le

189 3446 279 3471 mss.
303 3435 348 3471 de
368 3435 481 3473 Paris.

236 3495 272 3531 3.
300 3496 513 3546 Synonyme
534 3499 578 3535 de
594 3498 866 3535 rhumacismus.
