2228 3938
313 365 381 401 180
919 365 1152 403 ιΙΟΗΑΝΝΙΞ
1185 364 1482 411 BURCHARDI,
1762 366 1969 407 [Decembre
1990 371 2088 410 1502]

312 483 470 514 suum.
512 470 844 516 Recurrerunt
879 470 1038 528 Judei,
1072 470 1149 517 die
1179 470 1346 518 martis
1389 472 1448 516 28
1484 467 1775 527 decembris,
1815 469 1875 516 de
1912 466 2082 518 eodem

309 550 416 598 loco
443 551 502 598 ad
526 551 770 610 eumdem,
800 551 913 615 quia
935 553 1188 601 dicebatur
1213 554 1342 616 quod
1369 568 1532 600 mossa
1556 567 1653 599 non
1670 551 1838 599 fuisset
1858 552 2008 613 bona3
2038 557 2086 602 et

306 634 487 681 Judeus
514 634 591 682 cui
619 634 888 684 debebatur
919 636 1121 700 pallium
1151 637 1278 695 heri,
1309 636 1487 684 iterum
1512 634 1625 683 vicit
1648 634 1793 683 hodie
1820 638 1867 684 et
1891 635 2080 685 habuit.

368 718 510 764 Feria
540 722 726 781 quarta,
758 722 817 766 29
842 719 1023 774 mensis
1047 719 1339 777 decembris,
1375 718 1578 782 prandio
1603 722 1819 781 peracto,
1851 734 2084 767 cucurre-

305 803 421 847 runt
442 801 606 848 bubali
629 802 688 848 de
712 803 892 865 Campo
918 802 1058 850 Flore
1082 802 1141 850 ad
1165 803 1375 866 plateam
1402 818 1437 850 S.
1464 802 1593 849 Petri
1623 820 1632 849 ε
1659 801 1932 849 insidentes
1944 805 2081 866 apta-

303 886 419 931 runt
455 884 656 932 baculos
686 884 800 933 hinc
832 888 879 932 et
910 885 1019 933 inde
1057 887 1115 933 ab
1146 901 1241 933 uno
1276 884 1433 948 capite
1467 882 1625 930 anulis
1654 883 1850 930 narium
1874 884 2079 932 bubalo-

302 982 430 1026 rum,
472 967 604 1015 aliud
642 971 788 1032 caput
818 969 1050 1017 tenebant
1088 969 1311 1017 manibus
1350 968 1524 1031 quibus
1563 965 1841 1030 dirigebant
1874 967 2078 1016 bubalos

299 1064 394 1113 quo
419 1050 646 1099 volebant
669 1068 730 1099 ne
762 1053 821 1099 ad
852 1053 983 1100 vicos
1013 1043 1243 1101 laterales
1270 1052 1541 1100 currerent.
1575 1051 1903 1098 Cucurrerunt
1930 1051 2077 1099 etiam

297 1135 613 1198 quamplures
650 1135 934 1184 meretrices
967 1151 994 1183 a
1024 1135 1276 1200 pyramide
1312 1134 1458 1199 Burgi
1497 1149 1648 1197 usque
1685 1132 1746 1181 ad
1783 1133 1996 1196 plateam
2034 1151 2073 1182 s.

297 1217 425 1264 Petri
452 1233 538 1281 pro
563 1218 723 1282 palliis
749 1218 918 1277 solitis,
945 1234 1037 1282 que
1050 1219 1345 1266 habuerunt.

359 1301 497 1349 Feria
522 1302 705 1364 quinta,
735 1305 794 1350 30
819 1302 1026 1365 predicti
1053 1301 1251 1360 mensiS,
1282 1304 1608 1349 cucurrerunt
1628 1301 1847 1360 barbari,
1862 1301 2074 1365 jannetti

294 1388 340 1432 et
364 1400 485 1448 eque
511 1384 778 1432 successive
795 1385 855 1432 de
882 1387 1064 1448 Campo
1090 1385 1230 1433 Flore
1258 1385 1319 1432 ad
1346 1385 1558 1448 plateam
1580 1401 1618 1432 s.
1651 1385 1779 1432 Petri
1803 1400 1894 1448 pro
1918 1385 2074 1448 palliis

292 1468 465 1515 solitis.
509 1468 617 1515 Fuit
654 1467 783 1515 facta
818 1483 994 1531 magna
1019 1468 1248 1516 violentia
1277 1471 1325 1515 et
1354 1468 1583 1531 iniquitas
1625 1484 1634 1516 :
1663 1468 2072 1516 barbarus'mar—

291 1551 479 1598 chionis
513 1551 761 1598 Mantuani
796 1550 885 1598 fuit
918 1551 1105 1614 primus
1144 1554 1191 1598 et
1230 1566 1327 1598 non
1363 1550 1534 1599 habuit
1569 1551 1771 1614 pallium
1815 1552 1929 1615 quia
1969 1567 2068 1599 non

287 1634 454 1682 habuit
492 1649 732 1682 sessorem
769 1634 850 1697 qui
882 1633 971 1681 fuit
1004 1633 1052 1680 in
1083 1649 1245 1682 mossa
1278 1634 1338 1682 ab
1375 1649 1432 1682 eo
1466 1634 1691 1697 nequiter
1722 1635 1973 1698 projectus
2019 1638 2072 1682 ut

287 1718 494 1765 haberet
518 1717 758 1765 barbarus
783 1716 920 1765 ducis
940 1716 1319 1775 Valentinensis,
1348 1717 1428 1780 qui
1452 1719 1498 1765 et
1521 1716 1709 1765 habuit.
1729 1717 2063 1766 Jannettinum

285 1801 456 1849 habuit
489 1801 687 1864 quidam
711 1800 769 1848 de
796 1799 981 1848 familia
1005 1800 1223 1864 ejusdem
1251 1799 1385 1848 ducis
1417 1800 1553 1864 cujus
1579 1815 1730 1863 equus
1753 1815 1851 1848 non
1881 1800 2064 1864 incepit

286 1901 484 1933 currere
514 1885 562 1932 in
587 1886 767 1946 Campo
794 1882 933 1932 Flore
959 1898 1068 1932 cum
1095 1884 1218 1943 aliis,
1249 1884 1333 1931 sed
1359 1900 1510 1948 prope
1535 1884 1734 1932 domum
1759 1884 2062 1933 vicecancel-

283 1968 410 2027 larii,
441 1968 583 2015 exivit
613 1966 873 2030 quamdam
904 1967 1120 2026 domum,
1159 1967 1264 2015 aliis
1289 1967 1609 2025 venientibus,
1645 1982 1765 2030 quos
1790 1967 2055 2031 precurrit,

283 2055 331 2099 et
368 2051 540 2099 habuit
574 2050 793 2114 pallium.
826 2051 1052 2113 Equabus
1089 2050 1411 2108 currentibus,
1453 2051 1652 2113 quidam
1691 2050 2059 2114 parafrenarius

282 2134 398 2182 dicti
437 2133 573 2182 ducis
608 2133 953 2182 transversavit
985 2137 1190 2182 stratam
1226 2149 1375 2198 prope
1420 2136 1622 2197 pontem
1659 2149 1695 2180 s.
1738 2132 1910 2197 Angeli
1947 2149 2057 2181 cum

281 2233 403 2280 equo
430 2233 533 2275 suo,
564 2216 811 2280 impedivit
839 2217 1048 2280 primam
1075 2220 1122 2264 et
1145 2232 1386 2264 sessorem
1411 2217 1516 2280 ejus
1541 2216 1749 2280 projecit
1772 2216 1821 2263 in
1842 2219 2052 2276 terram;

281 2319 404 2365 equa
427 2301 742 2348 nihilominus
767 2304 1066 2365 prosequuta
1100 2304 1173 2349 est
1197 2315 1395 2348 cursum
1420 2316 1561 2347 suum
1587 2300 1643 2347 ad
1676 2299 1877 2363 pallium
1903 2299 2049 2362 quod,

278 2389 417 2433 vento
454 2385 667 2448 juvante,
707 2382 868 2446 tetigit
902 2399 1012 2432 cum
1049 2384 1225 2447 capite,
1274 2387 1322 2431 et
1365 2384 1453 2430 suit
1495 2382 1582 2430 sibi
1623 2382 1956 2446 adjudicatum
2005 2385 2053 2430 et

278 2469 461 2515 datum.

344 2551 425 2599 His
453 2550 678 2615 peractiS‚
720 2550 943 2599 tibicines
974 2554 1022 2599 et
1057 2550 1221 2598 omnia
1257 2565 1437 2614 genera
1466 2549 1766 2599 musicorum
1797 2553 1970 2614 parata
2001 2549 2049 2597 in

277 2634 420 2698 plano
445 2650 591 2698 super
617 2633 772 2682 scalas
799 2651 837 2681 s.
874 2634 1004 2682 Petri
1035 2633 1325 2698 inceperunt
1348 2649 1525 2698 magna
1545 2634 1852 2682 vehementia
1875 2649 2050 2682 sonare

276 2717 447 2782 singuli
472 2717 796 2765 instrumenta
815 2732 918 2775 sua,
940 2720 987 2765 et
1012 2718 1071 2765 de
1099 2718 1246 2765 domo
1269 2717 1464 2765 domine
1490 2717 1715 2765 Lucretie
1731 2717 1868 2780 juxta
1890 2715 2050 2764 basili-

274 2817 381 2850 cam
417 2817 454 2848 s.
494 2800 625 2848 Petri
661 2800 805 2848 exivit
841 2800 947 2863 ipsa
984 2801 1183 2849 domina
1214 2800 1442 2849 Lucretia
1470 2800 1520 2847 in
1545 2804 1674 2847 veste
1698 2799 1915 2846 broccati
1942 2798 2044 2846 auri

274 2884 527 2943 circulata,
554 2899 691 2931 more
714 2883 985 2946 hispanico,
1011 2898 1121 2932 cum
1147 2883 1293 2946 longa
1316 2883 1471 2931 cauda
1493 2897 1638 2945 quam
1655 2873 1862 2944 quedam
1884 2880 2045 2944 puella

273 2967 526 3014 deferebat
551 2969 660 3028 post
685 2981 815 3023 ca1n;
844 2965 948 3028 ipsa
974 2966 1171 3013 domina
1199 2966 1425 3014 Lucretia
1448 2965 1610 3013 media
1639 2964 1766 3012 inter
1792 2966 1897 3012 Don
1924 2966 2041 3010 Fer-

271 3049 536 3097 dinandum
561 3062 588 3095 a
613 3046 795 3095 dextris
821 3051 868 3095 et
898 3050 1003 3096 Don
1035 3048 1394 3111 Sigismundum
1423 3064 1451 3096 a
1481 3047 1704 3105 sinistris,
1734 3046 1913 3094 fratres
1938 3062 2042 3094 ma-

269 3132 351 3178 riti
395 3131 485 3178 sui.
532 3130 867 3193 Sequebantur
910 3130 1108 3178 circiter
1151 3130 1501 3193 quinquaginta
1551 3133 1766 3178 Romane
1814 3129 2039 3178 mulieres

269 3213 562 3278 perpulchre
587 3213 775 3271 vestite,
806 3216 851 3261 et
876 3216 983 3276 post
1010 3229 1107 3272 eas,
1135 3213 1423 3277 pedisseque
1449 3213 1642 3261 domine
1666 3211 1906 3271 Lucretio,
1925 3212 2036 3260 bine

266 3302 314 3345 et
342 3297 471 3344 bine.
498 3295 831 3344 Ascenderunt
864 3296 924 3343 ad
955 3295 1163 3358 primam
1190 3296 1351 3343 aulam
1383 3296 1635 3343 Paulinam
1663 3312 1809 3359 super
1840 3298 2033 3358 portam

265 3379 435 3427 Palatii
477 3379 554 3426 ubi
604 3382 706 3427 erat
753 3381 883 3442 Papa
922 3394 1032 3426 cum
1076 3378 1311 3427 tredecim
1347 3379 1690 3438 cardinalibus,
1729 3378 1954 3427 videlicet
1989 3394 2027 3425 s.

263 3462 513 3521 Praxedis,
541 3461 882 3521 Alexandrino,
911 3479 948 3509 S.
978 3461 1162 3522 Crucis,
1191 3462 1481 3522 ArborenSI‚
1510 3462 1788 3520 Cusenssno,
1818 3460 2031 3510 Salerni—
