2222 3932
171 387 329 428 [sanvier
349 386 439 428 150⁴]
619 383 787 421 RERUM
819 375 1123 420 URBANARUM
1155 379 1507 422 COMMENTARH.
1882 384 1954 420 329

170 489 332 537 branti
367 489 571 537 daretur
607 503 697 552 pro
728 484 998 535 elemosina
1033 483 1261 532 carlenus
1299 499 1437 531 unus.
1474 484 1723 549 Pulpitum
1756 485 1948 533 oraturi

171 573 304 620 stetit
330 571 378 619 in
402 571 560 635 capite
591 571 861 618 bancorum
893 567 1239 631 episcoporum
1270 569 1318 614 et
1347 568 1752 632 presbyterorum
1784 568 1949 616 cardi-

169 654 352 702 nalium
373 671 383 714 3
401 657 449 703 et
464 653 623 702 oratio
646 652 734 700 fuit
750 651 893 699 nimis
909 650 1058 714 longa
1075 652 1123 697 et
1142 649 1333 697 tediosa
1353 650 1598 711 omnibus,
1622 652 1736 714 quia
1751 652 1948 699 miscuit

169 737 338 786 laudes
360 737 479 786 Sixti
501 739 549 784 et
571 735 682 783 Julii
705 750 828 799 pape
851 737 898 782 et
920 733 1244 781 cardinalium
1270 737 1627 796 exequutorum
1651 735 1795 782 nimis
1815 751 1824 783 ε
1854 734 1947 783 alia

170 835 305 868 more
332 819 494 868 solito.

234 902 503 961 Dominica,
534 900 842 966 14januarii,
874 899 923 947 in
950 914 1080 959 sero,
1110 902 1166 947 D.
1196 899 1506 948 Michelettus
1528 901 1764 964 applicuit
1783 901 1948 949 Suria-

167 1001 285 1033 num
316 1001 375 1034 ex
404 985 667 1044 Florentia,
696 984 965 1032 associatus
994 999 1023 1031 a
1047 983 1354 1031 Bernardino
1382 983 1699 1043 cancellario,
1738 986 1941 1033 custode

167 1084 280 1117 cum
315 1069 485 1133 viginti
526 1068 736 1132 quinque
773 1067 1035 1131 equitibus,
1075 1066 1309 1131 deceptus
1345 1067 1473 1130 quod
1508 1067 1558 1114 in
1599 1068 1861 1116 securitate
1900 1069 1947 1118 id

167 1151 348 1201 factum
373 1168 479 1200 esse
503 1152 754 1200 credebat.

232 1237 319 1284 Die
343 1236 474 1294 lune,
508 1239 564 1284 15
584 1235 818 1299 J‘anuarii,
842 1234 930 1282 fuit
953 1223 1303 1282 consistorium
1327 1234 1376 1282 in
1401 1235 1547 1283 tertia
1568 1235 1682 1283 aula
1703 1236 1777 1283 cui
1799 1234 1950 1282 inter-

165 1320 361 1367 fuerunt
378 1318 543 1383 viginti
563 1319 660 1366 duo
684 1317 979 1377 cardinales,
1002 1317 1227 1366 videlicet
1246 1318 1612 1382 Neapolitanus,
1633 1334 1672 1365 s.
1692 1318 1945 1376 Praxedis,

165 1402 444 1462 Cesarinus,
481 1401 843 1466 Agrigentinus,
884 1401 1157 1460 GrimanUS,
1200 1401 1512 1460 Arborensis‚
1550 1386 1822 1466 Regiensis,
1855 1403 1948 1449 Cu-

166 1485 402 1543 sentinuS‚
449 1485 804 1543 Salernitanus,
844 1485 1248 1549 Caputaquensis,
1296 1488 1558 1545 Cumanus,
1606 1485 1944 1542 Bononiensis,

165 1568 539 1626 Volaterranus,
577 1569 637 1616 de
669 1568 845 1626 Flisco,
878 1568 1140 1626 Adrianus,
1171 1569 1492 1628 Mimatensis,
1522 1568 1773 1626 Columna,
1800 1570 1950 1615 Asca-

165 1650 294 1708 nius,
323 1666 361 1696 s.
388 1650 622 1708 Severini,
648 1650 928 1708 Cesarinus,
949 1651 1009 1697 de
1030 1650 1269 1698 Alibretto
1294 1654 1340 1698 et
1362 1650 1945 1713 Constantinopolitanus.

168 1732 425 1795 Proposite
467 1732 668 1780 fuerunt
715 1732 807 1780 due
853 1732 1251 1781 commissiones:
1290 1734 1453 1797 prima
1488 1750 1576 1797 per
1613 1737 1670 1781 D.
1707 1733 1948 1780 Justinum

168 1814 496 1873 Halberstadt‚
538 1815 958 1875 incarcerationis,
1000 1817 1230 1874 secunda,
1284 1817 1614 1864 Seccoviensis
1659 1816 1719 1863 ad
1770 1816 1951 1863 instan-

166 1896 283 1944 tiam
309 1897 549 1960 prepositi
581 1900 629 1945 et
661 1898 862 1961 capituli
894 1898 1242 1946 Seccoviensis.
1279 1900 1502 1947 Secunda
1528 1899 1741 1962 incepta,
1774 1898 1948 1945 ivimus

164 1995 253 2042 pro
276 1979 583 2039 oratoribus;
622 1980 797 2043 quibus
828 1981 1141 2040 intrantibus,
1175 1982 1314 2030 finita
1344 1986 1418 2030 est
1446 1982 1729 2030 commissio
1763 1986 1809 2029 et
1838 1984 1948 2044 post

163 2062 516 2111 osculationem
562 2067 818 2111 oratorum
849 2080 962 2112 cum
997 2069 1161 2113 essent
1198 2065 1246 2112 in
1278 2066 1435 2113 banco
1475 2066 1637 2125 solito,
1676 2066 1779 2113 sine
1811 2080 1949 2112 mora

161 2146 287 2195 lecte
314 2146 538 2210 [fuerunt]
566 2147 746 2194 littere.
778 2148 988 2196 Ultimus
1014 2149 1146 2197 stetit
1170 2150 1412 2208 Cosimus,
1440 2150 1698 2213 episcopus
1724 2149 1948 2196 Aretinus

161 2227 240 2291 qui
278 2228 392 2275 fecit
441 2229 742 2277 orationem:
791 2230 927 2278 finita
972 2232 1250 2279 reverentia
1302 2235 1449 2295 Pape,
1500 2235 1556 2280 D.
1604 2232 1844 2279 Antonius
1887 2232 1948 2278 de

161 2311 528 2375 Malegonnellis
548 2313 757 2376 portavit
782 2314 1000 2362 fimbrias
1027 2315 1251 2378 pluvialis
1279 2319 1427 2379 Pape.

229 2394 316 2441 Die
340 2395 527 2454 martiS,
560 2399 617 2443 16
637 2397 869 2460 Januarii,
898 2398 946 2445 in
978 2399 1232 2463 signatura
1263 2400 1422 2464 gratie
1456 2399 1699 2447 commisit
1731 2400 1948 2462 signatu-

163 2492 269 2524 ram
295 2479 452 2541 gratie
482 2479 717 2526 cardinali
748 2482 1040 2542 Mimatensi,
1077 2498 1175 2530 non
1207 2483 1478 2531 auferendo
1505 2499 1614 2531 eam
1648 2499 1676 2530 a
1702 2483 1948 2531 cardinale

164 2559 515 2609 Alexandrino.
1477 2549 1482 2552 .

231 2643 318 2690 Die
363 2645 616 2706 mercurii,
671 2650 726 2694 17
766 2648 995 2711 januarii,
1038 2649 1215 2697 festum
1248 2666 1286 2697 s.
1332 2650 1528 2697 Antonii
1567 2650 1775 2708 abbatis,
1818 2652 1949 2713 Papa

163 2725 360 2772 indutus
411 2727 619 2787 amictu,
661 2729 796 2789 alba,
849 2733 1084 2794 capuccio
1134 2733 1283 2780 rubeo
1326 2732 1385 2779 de
1424 2732 1602 2779 velluto
1645 2736 1692 2780 et
1736 2731 1948 2795 desuper

165 2808 290 2856 stola
313 2809 461 2856 rubea
489 2811 600 2873 quia
625 2814 1013 2877 composuissem
1042 2831 1150 2863 eam
1178 2817 1266 2863 sub
1297 2815 1548 2879 capuccio,
1587 2814 1810 2878 superior
1836 2831 1948 2878 pars

165 2891 286 2938 stole
332 2892 481 2956 dupla
529 2896 818 2945 ostendebat
860 2899 949 2945 sub
993 2899 1225 2963 capuccio
1263 2902 1444 2963 Papam
1488 2897 1776 2962 gibbosum;
1818 2898 1947 2961 quod

165 2973 368 3022 audiens
392 2991 421 3022 a
442 2976 861 3034 vicecancellario‚
886 2981 1040 3029 noluit
1066 2997 1174 3030 eam
1198 2982 1311 3046 poni
1337 2982 1565 3045 desuper,
1592 2982 1722 3045 quod
1748 2980 1948 3044 promisi

165 3056 367 3105 ridendo
413 3075 524 3107 cum
570 3063 715 3125 Papa.
758 3066 880 3112 Ante
921 3080 1119 3113 crucem
1158 3066 1446 3114 observatus
1481 3068 1555 3112 est
1596 3064 1718 3112 ordo
1759 3063 1948 3119 solitus,

167 3143 371 3202 excepto
403 3144 532 3205 quod
569 3149 681 3192 ante
713 3147 1023 3210 capitaneum
1053 3149 1218 3212 palatii
1259 3148 1535 3197 ambulabat
1569 3147 1876 3195 tamburinus
1901 3152 1950 3196 et

167 3220 404 3271 fistulator
432 3229 480 3273 et
502 3231 613 3274 ante
639 3228 747 3276 illos
769 3231 920 3278 multe
935 3234 1106 3295 gentes
1131 3248 1241 3280 cum
1264 3232 1464 3291 lanceis,
1485 3231 1747 3288 alabardis,
1775 3245 1950 3278 ronco-

168 3302 311 3350 nibus
354 3308 402 3353 et
444 3308 647 3371 gladiis:
682 3312 771 3360 fuit
802 3313 882 3361 ille
923 3330 1035 3362 cum
1069 3315 1242 3363 vexillo
1277 3315 1495 3379 gentium
1529 3330 1777 3361 armorum
1817 3313 1948 3376 capi-

169 3387 367 3446 taneus3
412 3390 472 3437 ad
511 3396 880 3454 persuasionem
925 3412 1085 3445 meam
1128 3398 1241 3446 fecit
1288 3399 1535 3461 deponere
1574 3397 1819 3454 vexillum,
1861 3397 1946 3444 sed

169 3468 421 3518 redeundo
446 3472 506 3520 de
532 3490 569 3523 s,
599 3479 826 3537 Antonio,
855 3479 1032 3527 iterum
1058 3481 1265 3543 portavit
1290 3484 1338 3528 et
1362 3480 1514 3527 noluit
1549 3480 1814 3542 deponere.
1841 3480 1944 3528 Dixi
