2254 3944
420 492 470 572 J
477 488 790 572 OHAN
797 488 980 569 NIS
1041 487 1712 569 BURGHARDI

587 709 1168 747 MAGISTR1‚1CEREMON1ARUM
1192 709 1551 742 APOSTOLICARUM

160 960 867 1063 GOMMENTARH
927 959 1281 1060 RERUM
1344 957 1977 1060 URBANARUM

373 1306 497 1353 SUB
545 1305 1003 1351 PONTIFICATU
1049 1304 1451 1351 ALEXANDRI
1496 1304 1666 1350 PAPE
1710 1306 1779 1351 VI

1014 1940 1121 1986 MD.

251 2099 390 2145 Anno
412 2112 440 2144 a
463 2095 707 2144 nativitate
733 2095 927 2143 Domini
955 2098 1044 2143 MD
1072 2094 1279 2143 feliciter
1301 2094 1580 2155 inchoante,
1611 2096 1688 2144 die
1721 2097 1968 2157 mercurii,

189 2185 248 2230 25
282 2180 464 2229 mensis
502 2179 794 2238 decembris,
837 2179 960 2227 festo
994 2178 1252 2226 nativitatis
1287 2178 1506 2242 ejusdem
1540 2180 1750 2239 Domini,
1789 2182 1872 2228 SS.
1911 2183 1966 2227 D.

186 2269 353 2314 noster
384 2268 579 2328 paratus
617 2264 665 2311 in
704 2278 899 2311 camera
937 2263 1196 2327 papagalli,
1233 2279 1332 2312 non
1372 2263 1617 2311 benedixit
1652 2279 1821 2312 ensem
1862 2264 1974 2326 quia

188 2349 336 2397 abbas
370 2348 570 2397 sacrista
595 2363 693 2395 non
725 2347 937 2396 habebat
971 2347 1147 2394 librum
1183 2352 1403 2411 paratum
1436 2363 1593 2411 neque
1625 2363 1798 2411 aquam
1828 2348 1974 2397 bene—

190 2433 397 2490 dictam,
438 2432 540 2491 sed,
584 2434 640 2479 D.
687 2434 909 2481 Ventura
955 2431 1186 2479 Benassai
1230 2431 1407 2480 clerico
1449 2447 1641 2480 camere
1681 2432 1817 2480 illum
1863 2437 1972 2480 ante

190 2531 384 2565 crucem
413 2531 548 2564 more
578 2515 719 2563 solito
744 2518 981 2578 portante,
1009 2505 1138 2578 Papa
1158 2515 1287 2564 venit
1313 2516 1738 2579 processionaliter
1763 2516 1823 2564 ad
1846 2517 1975 2564 basi-

190 2600 334 2647 licam
361 2615 400 2646 s.
434 2598 559 2646 Petri
588 2613 732 2661 quam
762 2613 850 2660 per
883 2597 1095 2645 mediam
1128 2603 1319 2661 portam
1359 2599 1549 2646 solitam
1582 2599 1788 2647 intravit.
1825 2601 1976 2647 Ante-

183 2698 336 2746 quam
389 2681 540 2730 exiret
586 2696 831 2729 cameram
872 2681 1156 2744 predictam,
1196 2682 1380 2729 vocavit
1420 2681 1480 2729 ad
1526 2698 1575 2729 se
1612 2686 1976 2731 conservatores

192 2782 384 2815 camere
419 2764 635 2829 predicte
676 2764 816 2812 Urbis
851 2769 899 2812 et
933 2764 1001 2812 eis
1036 2764 1151 2812 dixit
1186 2764 1334 2827 quod,
1375 2770 1574 2828 propter
1615 2766 1976 2814 contentionem

193 2866 336 2914 quam
365 2865 474 2897 cum
502 2848 726 2897 omnibus
754 2847 1026 2912 principum
1062 2848 1336 2896 oratoribus
1363 2849 1602 2898 haberent
1631 2867 1776 2914 super
1805 2866 1977 2914 prece-

193 2933 374 2990 dentia,
395 2937 504 2981 ante
523 2948 635 2981 eum
650 2931 934 2980 incederent
955 2936 1065 2995 post
1087 2931 1379 2992 cardinales3
1400 2933 1529 2995 quod
1550 2933 1690 2981 nimis
1713 2934 1976 2981 absurdum

198 3017 300 3064 fuit.
338 3019 468 3064 Bene
504 3019 666 3063 tamen
700 3015 977 3079 hujusmodi
1017 3020 1382 3063 conservatores
1415 3032 1512 3063 non
1551 3016 1827 3065 habuerunt
1866 3017 1978 3079 quia

197 3100 356 3148 socius
396 3115 534 3148 meus
576 3099 688 3147 fecit
729 3113 812 3146 eos
850 3102 1043 3162 portare
1087 3099 1429 3147 baldachinum
1467 3116 1610 3164 supra
1650 3104 1853 3164 Papam,
1898 3100 1977 3162 qui

196 3200 401 3247 regnum
435 3200 521 3231 seu
556 3184 725 3231 tiaram
764 3183 984 3246 portavit.
1027 3185 1260 3230 Pervento
1306 3183 1367 3231 ad
1398 3184 1548 3232 altare
1586 3185 1743 3247 majus
1779 3183 1976 3231 basilice

197 3268 428 3330 predicte,
468 3267 578 3316 dedi
615 3282 784 3316 ensem
815 3282 923 3315 cum
954 3267 1138 3330 capello
1169 3267 1247 3314 uni
1278 3283 1335 3314 ex
1363 3268 1673 3315 servitoribus
1710 3281 1971 3323 armorum,

199 3350 279 3411 qui
307 3351 442 3398 illum
464 3350 512 3398 in
540 3366 689 3398 cornu
718 3350 985 3414 posteriore
1014 3350 1217 3413 epistole
1239 3350 1379 3414 juxta
1411 3351 1686 3398 columnam
1714 3365 1800 3412 per
1830 3352 1976 3395 totam

137 3500 140 3503 ‚
200 3431 395 3480 missam
422 3449 567 3480 manu
590 3433 762 3499 tenuit,
794 3449 904 3480 cum
931 3448 1028 3481 non
1053 3438 1218 3496 posset
1242 3433 1358 3480 alias
1382 3433 1558 3481 ibidem
1585 3433 1788 3478 firmiter
1807 3430 1973 3478 locari.

1770 3531 1785 3565 1
