2202 3918
342 423 412 460 382
949 419 964 455 J
973 420 1134 456 OHANN
1139 421 1182 456 IS
1216 419 1497 457 BURCHARDI
1503 449 1513 466 ,
1903 422 2006 464 [Mars
2023 426 2119 465 1505]

338 537 426 586 per
446 519 719 568 sacristam.
761 522 861 582 Ego
897 519 1126 583 replicavi
1163 520 1291 583 quod
1326 521 1557 568 daremus
1597 522 1768 571 decem
1804 523 2024 584 ducatos,
2070 530 2115 572 et

340 608 471 667 Papa
494 602 679 651 annuit.
705 604 921 649 Fuerunt
943 602 992 649 in
1014 601 1423 650 summa'circiter
1452 605 1757 669 septuaginta
1783 606 1964 667 ducati,
1997 607 2116 655 item

338 691 448 736 octo
471 691 518 734 et
538 686 859 750 quadraginta
882 685 930 732 in
955 701 1093 733 auro.
1133 689 1263 734 Inter
1298 686 1566 735 cardinales
1601 691 1649 736 et
1687 688 1964 753 collegium,
1999 689 2116 738 item

341 775 448 818 octo
470 773 518 818 et
541 769 707 834 viginti
735 768 859 833 largi
893 771 942 817 et
966 769 1060 817 duo
1097 774 1144 817 et
1186 769 1351 834 viginti
1386 770 1549 818 ducati
1580 772 1639 819 de
1674 787 1890 830 camera3
1931 772 2116 821 carleni

333 854 442 902 novi
465 856 658 901 centum
683 855 732 901 et
760 851 927 915 viginti
953 855 1000 900 et
1021 852 1205 915 antiqui
1231 854 1478 916 octoginta
1502 858 1549 902 et
1570 854 1764 903 circiter
1784 855 1879 904 duo
1904 856 1951 903 in
1975 871 2113 921 gros-

251 946 262 957 ·
335 937 399 985 sis
424 936 716 985 florentinis.
744 935 920 983 Clerici
947 935 1130 999 capelle
1161 936 1437 984 habuerunt
1462 937 1659 986 circiter
1681 954 1831 986 unum
1857 939 2111 1000 ducatum;

334 1036 423 1085 ego
449 1020 598 1068 habui
616 1020 664 1067 in
687 1022 826 1083 parte
847 1034 958 1066 mea
979 1019 1179 1066 ducatos
1202 1019 1366 1083 largos
1392 1020 1580 1078 decem,
1609 1021 1833 1069 carlenos
1854 1036 2002 1069 novos
2027 1023 2115 1070 tri-

334 1105 484 1168 ginta,
533 1103 756 1166 antiquos
779 1108 887 1151 octo
915 1106 961 1149 et
986 1102 1157 1150 decem
1191 1103 1445 1165 quatrinos
1485 1103 1675 1163 decem,
1706 1119 1792 1167 pro
1812 1104 2116 1154 Balthassare

333 1188 534 1236 ducatos
560 1187 731 1234 decem
757 1186 816 1233 de
847 1201 1060 1246 camera,
1089 1200 1210 1249 quos
1247 1186 1350 1250 ipse
1389 1186 1554 1245 voluit,
1596 1189 1645 1234 et
1678 1187 1811 1234 Paris
1847 1187 2033 1250 pariter
2068 1191 2116 1236 et

331 1287 514 1330 meam;
536 1285 626 1335 pro
650 1286 744 1333 qua
770 1269 1003 1333 imposuit
1027 1269 1075 1316 in
1111 1285 1188 1317 me
1221 1285 1394 1317 manus
1429 1269 1684 1329 violentas,
1721 1271 1910 1334 rogavit
1942 1271 2116 1335 magis-

333 1360 462 1404 trum
489 1355 660 1402 domus
681 1353 730 1400 in
753 1353 959 1417 prandio
978 1357 1029 1401 ut
1053 1353 1437 1401 communicaret
1458 1370 1568 1402 cum
1595 1356 1741 1417 Papa,
1783 1354 1864 1417 qui
1900 1354 1949 1402 id
1972 1355 2110 1414 fecit3

330 1442 395 1498 et,
421 1442 473 1486 ut
494 1437 725 1502 magister
750 1437 921 1485 domus
945 1436 1066 1484 mihi
1092 1437 1274 1495 retulit,
1302 1439 1433 1501 Papa
1456 1437 1702 1485 mandavit
1723 1438 1853 1500 quod
1878 1438 2114 1486 darentur

331 1520 626 1570 Balthassari
647 1520 818 1567 decem
845 1519 1028 1567 ducati.
1063 1519 1183 1567 Dedi
1208 1519 1356 1588 igitur
1379 1519 1470 1583 ipsi
1497 1520 1733 1584 magistro
1753 1521 1923 1568 decem
1961 1521 2111 1569 duca—

329 1608 423 1665 tos,
448 1604 568 1652 duos
592 1603 757 1667 largos
779 1617 868 1666 pro
894 1604 1034 1666 parte
1059 1618 1185 1662 mea,
1210 1605 1263 1650 ut
1285 1602 1423 1650 daret
1457 1603 1768 1662 Balthassari,
1802 1604 2111 1666 presentibus

330 1687 493 1737 multis
517 1687 566 1734 in
588 1686 697 1734 aula
722 1702 868 1749 supra
901 1688 1100 1749 pontem
1130 1684 1317 1749 palatii.
1345 1688 1558 1749 Rogatus
1589 1685 1679 1733 fuit
1700 1685 1906 1734 Michael
1934 1690 2110 1737 sartor.

328 1774 378 1820 In
405 1786 512 1819 sero
536 1771 734 1818 fuerunt
754 1769 990 1817 matutine
1015 1769 1188 1832 quibus
1214 1771 1344 1832 Papa
1364 1784 1459 1816 non
1480 1768 1717 1828 interfuit,
1750 1759 1809 1817 ’et
1845 1770 2109 1819 cardinalis

331 1871 369 1903 s.
399 1853 594 1917 Georgii
614 1852 734 1900 dixit
752 1852 1027 1900 orationem
1051 1852 1271 1915 Respioe3
1298 1851 1392 1899 alia
1412 1867 1550 1899 more
1576 1851 1736 1900 solito.
1836 1844 1838 1846 ¹

393 1938 604 1986 Sabbato
615 1938 801 1995 sancto,
817 1938 876 1982 22
891 1934 1069 1994 martii,
1084 1935 1338 1983 cardinalis
1350 1935 1614 1998 Gurgensis
1630 1936 1897 1985 celebravit
1908 1936 2105 1986 missam

326 2020 588 2085 publicam,
623 2021 756 2081 Papa
781 2022 1005 2081 presente
1032 2020 1263 2066 Cantores
1287 2018 1511 2066 dixerunt
1541 2018 1823 2082 prophetias
1849 2025 1896 2067 et
1930 2036 2019 2083 per
2044 2023 2101 2068 D.

322 2104 564 2151 Julianum
588 2102 647 2150 de
684 2101 804 2150 Cibo
843 2101 1194 2149 subdiaconum
1228 2103 1357 2164 Pape
1396 2101 1738 2149 annunciatum
1776 2105 1849 2150 est
1880 2102 2104 2153 Alleluia.

322 2189 454 2250 Papa
475 2202 588 2234 vero
632 2185 784 2232 noluit
818 2184 1060 2243 intonare,
1086 2183 1170 2231 sed
1215 2183 1464 2232 celebrans
1501 2184 1709 2235 cantavit
1742 2184 1904 2233 omnia
1937 2186 2034 2234 tria
2055 2189 2103 2235 et

319 2270 466 2329 bene;
495 2268 659 2318 omnia
684 2283 819 2316 more
842 2267 1003 2316 solito.

383 2352 638 2401 Dominica
676 2352 879 2411 Pasche,
928 2350 1333 2411 Resurrectionis,
1377 2354 1436 2399 23
1480 2351 1660 2411 martii,
1711 2353 1794 2400 SS.
1844 2354 1899 2399 D.
1937 2358 2102 2401 noster

318 2437 445 2486 venit
467 2435 900 2500 processionaliter
921 2435 1008 2482 sub
1030 2451 1180 2498 regno
1217 2435 1278 2482 ad
1314 2434 1566 2482 basilicam
1598 2451 1643 2482 s.
1686 2435 1837 2494 Petri,
1877 2434 1956 2483 ubi
1989 2436 2124 2484 mis-·

319 2537 420 2569 sam
446 2518 703 2568 celebravit
733 2520 781 2566 et
805 2518 1180 2566 communicavit
1215 2518 1467 2582 populum.
1506 2520 1693 2582 Aquam
1726 2518 1933 2582 primam
1967 2519 2101 2567 dedit

320 2607 482 2652 orator
502 2602 825 2662 Florentinus,
853 2603 1117 2650 secundam
1151 2605 1315 2650 orator
1351 2602 1899 2661 Venetorumstertiam
1933 2606 2098 2650 orator

316 2688 445 2752 regis
471 2686 688 2745 Polonie,
714 2688 938 2748 quartam
960 2686 1203 2750 prefectus
1233 2685 1398 2744 Urbis;
1428 2685 1727 2749 evangelium
1755 2686 1965 2734 cantavit
1989 2702 2098 2734 car—

317 2771 488 2819 dinalis
511 2769 762 2828 Ascanius,
798 2769 1053 2832 epistolam
1087 2772 1145 2817 D.
1181 2769 1397 2816 Julianus
1431 2769 1545 2817 Cibo
1582 2769 1923 2829 subdiaconus,
1957 2785 2098 2818 evan-

318 2855 498 2919 gelium
537 2850 740 2917 grecum
778 2854 834 2899 D.
872 2852 1109 2912 Cosimus,
1138 2853 1395 2916 episcopus
1434 2852 1705 2911 Arretinus,
1740 2852 1994 2915 epistolam
2032 2855 2090 2900 D.

314 2938 487 2986 Isatius
511 2935 842 2999 Argyropolis.
869 2935 1027 2984 Finita
1051 2935 1214 2995 missa,
1244 2939 1375 2999 Papa
1396 2950 1506 2983 cum
1532 2934 1675 2998 pallio
1699 2937 1745 2982 et
1760 2934 1880 2982 tiara
1899 2949 2093 2998 proces-

316 3020 563 3070 sionaliter
606 3018 857 3066 descendit
899 3018 960 3066 ad
995 3018 1157 3067 locum
1192 3018 1384 3082 publice
1420 3017 1790 3076 benedictionis,
1831 3017 2090 3066 ostendens

314 3104 402 3152 sibi
424 3101 792 3151 ferrumlancec
819 3106 866 3150 et
882 3102 1069 3150 vultum
1091 3102 1307 3161 Domini;
1331 3101 1496 3150 nescio
1518 3100 1624 3163 quis
1647 3099 1907 3163 publicavit
1922 3100 2091 3164 plena-

312 3188 433 3236 riam
448 3185 817 3249 indulgentiam.
850 3207 853 3210 ⁴

378 3270 515 3320 Feria
536 3268 746 3317 secunda
779 3268 974 3330 pasche,
1017 3272 1076 3315 24
1112 3266 1289 3326 martii,
1327 3269 1492 3314 RmuS.
1530 3266 1788 3315 cardinalis
1826 3267 2088 3332 Gurgensis

313 3352 571 3403 celebravit
594 3352 642 3399 in
661 3350 849 3413 capella
869 3350 1075 3413 majore,
1098 3352 1229 3413 Papa
1253 3354 1502 3414 presente;
1530 3349 1626 3412 qui,
1651 3354 1914 3414 antequam
1936 3350 2088 3397 exiret

312 3452 554 3485 cameram
590 3433 852 3498 Papagalli‚
891 3433 1102 3496 acceptis
1146 3433 1459 3497 paramentis,
1507 3433 1755 3482 benedixit
1795 3434 1844 3481 in
1891 3448 2088 3481 camera

310 3535 470 3568 rosam
514 3522 562 3568 et
603 3516 813 3582 portavit
858 3515 918 3565 ad
957 3516 1209 3580 capellam,
1253 3519 1400 3581 prout
1437 3515 1487 3564 in
1525 3516 1768 3567 dominica
1790 3516 1960 3566 Letare
1979 3514 2087 3564 fieri
