2222 3932
185 372 394 413 [Decembre
415 374 510 414 1503]
619 371 791 410 RERUM
821 369 1126 408 URBANARUM
1159 370 1509 407 COMMENTARII.
1891 372 1963 408 323

183 473 398 523 lemnes:
436 474 668 523 assistens
692 474 782 522 fuit
811 473 1075 522 cardinalis
1102 489 1140 520 s.
1176 473 1401 520 Praxedis
1428 473 1509 536 qui
1535 472 1766 522 intonavit
1790 489 1964 521 secun-

184 558 296 605 dam
329 558 663 622 antiphonam,
690 556 885 605 tertiam
912 556 1163 615 Columna,
1194 557 1426 605 assistens
1449 572 1477 604 a
1501 557 1711 616 dextris3
1740 560 1963 620 quartam

184 641 443 690 cardinalis
472 641 815 707 Agrigentinus
853 644 901 689 et
929 640 1149 703 quintam
1175 641 1437 688 cardinalis
1468 641 1696 700 Medicas,
1733 641 1964 690 assistens

183 740 211 771 a
229 724 452 774 sinistris.
472 725 708 789 Matutine
723 724 917 788 incepte
932 724 1129 772 fuerunt
1147 724 1426 773 immediate
1443 728 1552 788 post
1566 726 1738 773 horam
1754 741 1958 774 nonam:

180 809 488 869 Cusentinus,
526 809 692 858 dicens
718 808 926 872 primam
956 808 1174 867 missam,
1212 807 1327 856 fecit
1353 807 1600 856 officium:
1631 809 1962 857 interfuerunt

180 892 392 956 quinque
428 892 700 941 cardinales
738 908 776 939 s.
819 893 1067 950 Praxedis,
1108 891 1423 950 camerarius,
1463 892 1776 947 Arborensis,
1815 892 1962 942 Vola—

178 978 407 1023 terranus
429 979 477 1024 et
496 976 733 1024 Medicas:
757 992 793 1022 5.
817 975 1046 1023 Praxedis
1071 974 1317 1022 benedixit
1342 974 1677 1022 celebraturus
1699 976 1756 1022 ad
1781 991 1960 1023 nonam

176 1058 470 1118 lectionem3
500 1059 595 1108 alia
623 1075 759 1107 more
793 1059 952 1107 solito.
979 1059 1105 1107 Nihil
1135 1059 1224 1107 fuit
1247 1061 1474 1122 paratum
1499 1058 1590 1106 nisi
1622 1075 1772 1106 unum
1806 1075 1961 1108 scam-

175 1158 292 1190 num
317 1143 517 1207 longum
534 1143 676 1208 juxta
698 1160 896 1191 murum
919 1158 1010 1207 pro
1034 1143 1236 1207 prelatis
1260 1146 1307 1190 et
1332 1159 1427 1190 non
1461 1142 1681 1190 interfuit
1710 1143 1799 1190 nisi
1826 1144 1958 1192 solus

175 1227 435 1291 episcopus
458 1228 783 1277 Massanensis
813 1228 1036 1287 sacrista,
1070 1228 1232 1275 nullus
1262 1227 1386 1275 alius
1412 1227 1633 1275 officialis
1664 1228 1733 1275 vel
1765 1227 1959 1276 cubicu-

172 1310 325 1358 larius
349 1315 430 1360 aut
460 1312 583 1360 alius
606 1312 655 1359 in
680 1315 816 1360 terra
841 1312 1043 1361 sedens:
1076 1327 1175 1360 non
1204 1312 1404 1359 fuerunt
1440 1311 1567 1359 dicto
1599 1311 1766 1358 laudes
1802 1328 1957 1374 neque

171 1398 367 1443 cantata
388 1396 602 1443 secunda
625 1396 775 1444 missa
795 1395 908 1459 quia
931 1396 1158 1444 dicebant
1182 1399 1411 1444 cantores
1438 1412 1487 1442 se
1511 1411 1690 1443 raucos
1717 1410 1823 1442 esse
1848 1397 1896 1443 et
1919 1395 1957 1443 si

171 1479 434 1528 cantabant
460 1479 522 1545 (1)
549 1481 815 1528 secundam
847 1480 1065 1539 missam,
1095 1496 1193 1528 non
1223 1495 1366 1544 posse
1393 1483 1593 1527 cantare
1620 1479 1840 1536 tertiam;
1870 1479 1955 1526 scd

168 1560 325 1625 ipsam
349 1564 615 1611 secundam
637 1563 836 1611 missam
859 1563 976 1627 legit
997 1563 1178 1611 ibidem
1204 1563 1531 1611 subdiaconus
1556 1565 1723 1610 nostro
1746 1562 1951 1625 capello.

170 1644 331 1693 Altare
358 1646 445 1694 fuit
467 1650 717 1710 paratum3
742 1647 791 1694 in
813 1647 932 1694 solio
955 1650 1084 1710 Pape
1104 1651 1312 1709 quatuor
1332 1646 1627 1694 candelabra
1650 1645 1763 1699 alta,
1790 1645 1951 1702 firma,

171 1743 284 1775 cum
312 1733 519 1792 quatuor
552 1730 838 1778 intorticiis:
874 1730 1014 1794 posui
1041 1731 1189 1778 etiam
1214 1746 1401 1794 pannos
1432 1730 1610 1778 virides
1642 1730 1691 1776 in
1730 1729 1953 1792 opposito

170 1811 491 1860 cardinalium
518 1816 564 1860 ct
588 1817 734 1861 retro.
765 1815 897 1861 Inter
920 1813 1026 1877 ipsa
1049 1813 1341 1862 candelabra
1366 1829 1451 1861 sex
1478 1811 1796 1876 parafrcnarii
1824 1814 1953 1874 Pape

171 1897 437 1943 tenuerunt
473 1912 558 1944 sex
591 1896 835 1945 intorticia
873 1912 1081 1960 quorum
1107 1913 1230 1945 unus
1261 1896 1392 1944 venit
1425 1897 1563 1944 tarde
1600 1900 1648 1943 et
1670 1896 1771 1959 jam
1804 1894 1954 1942 missa

167 1976 376 2042 incepta.

233 2060 387 2109 Finita
410 2061 571 2125 prima
595 2062 759 2121 missa,
790 2077 881 2127 ego
905 2062 1000 2126 legi
1025 2067 1125 2111 tres
1150 2062 1322 2110 missas
1347 2063 1395 2109 in
1418 2079 1566 2126 parva
1590 2063 1794 2126 capella.
1824 2066 1952 2128 Papa

165 2147 362 2207 paratus
389 2144 439 2192 in
463 2146 579 2194 sede
604 2146 653 2193 in
682 2162 777 2210 qua
801 2151 1021 2210 portatus
1047 2150 1169 2205 erat,
1201 2147 1259 2194 de
1285 2146 1488 2194 consilio
1516 2147 1838 2194 cardinalium
1869 2148 1950 2211 qui

165 2226 609 2288 circumsteterunt,
637 2233 740 2278 tum
772 2230 985 2279 decrevit
1010 2231 1207 2279 mittere
1226 2246 1393 2278 ensem
1428 2230 1679 2278 archiduci
1706 2230 1944 2294 Philippo,

165 2309 264 2359 filio
300 2310 432 2375 regis
469 2315 816 2362 Romanorum.
847 2316 971 2362 Ante
1009 2314 1185 2362 horam
1225 2314 1465 2363 decimam
1504 2314 1778 2377 septimam,
1819 2317 1947 2378 Papa

163 2392 415 2442 descendit
450 2396 510 2443 ad
547 2413 586 2444 s.
634 2399 833 2444 Petrum
879 2397 977 2456 ubi,
1028 2414 1165 2446 more
1211 2398 1371 2456 solito,
1418 2397 1680 2445 celebravit
1725 2397 1941 2445 missam.

161 2476 406 2526 Assistens
435 2478 524 2526 fuit
544 2479 804 2528 cardinalis
838 2497 875 2528 s.
917 2482 1176 2529 Praxedis:
1217 2481 1789 2545 evangeliumbssatinum]
1825 2481 1945 2528 dixit

163 2558 414 2619 Columna,
441 2562 700 2626 epistolam
722 2566 777 2610 D.
806 2563 1052 2612 Johannes
1088 2564 1147 2612 de
1170 2567 1370 2628 Burgos,
1400 2557 1701 2627 evangelium
1738 2580 1940 2628 grecum

162 2643 221 2690 D.
256 2644 611 2708 Argyropolus,
654 2646 909 2709 epistolam
947 2650 1003 2695 D.
1042 2649 1338 2696 Demetrius.
1387 2648 1598 2695 Primam
1639 2647 1941 2695 ablutionem

160 2723 332 2797 habuit
353 2726 540 2790 primus
571 2732 734 2776 orator
754 2730 1017 2788 Lucensis;
1046 2730 1312 2778 secundam
1343 2734 1541 2792 quartus
1573 2734 1737 2777 orator
1763 2732 1942 2777 Ferra-

161 2806 364 2869 riensis;
394 2810 589 2859 tertiam
616 2815 783 2861 orator
815 2815 1054 2872 Venetus3
1090 2816 1314 2876 quartam
1349 2815 1404 2860 D.
1448 2812 1751 2872 Franciscus,
1778 2815 1944 2860 orator

159 2891 288 2956 regis
311 2895 665 2943 Romanorum.

224 2977 374 3040 Papa,
402 2977 498 3027 hoc
526 2994 688 3038 mane,
709 2979 962 3029 descendit
984 2980 1045 3029 ad
1064 2980 1313 3029 basilicam
1336 2997 1374 3027 s.
1409 2980 1541 3028 Petri
1569 2980 1618 3027 in
1648 2996 1803 3044 regno
1826 2979 1941 3027 Sixti

159 3061 206 3106 ct
233 3058 282 3106 in
305 3075 362 3108 eo
383 3061 530 3115 rediit
554 3063 615 3110 ad
642 3063 875 3126 palatium
894 3081 904 3112 ε
929 3064 1078 3113 voluit
1096 3065 1243 3113 etiam
1263 3064 1371 3112 heri
1394 3080 1504 3112 sero
1520 3064 1680 3128 ipsum
1700 3066 1936 3127 portasse,

159 3142 246 3189 sed
271 3143 386 3206 quia
405 3144 505 3193 dixi
531 3146 575 3194 ei
596 3162 694 3194 non
719 3163 826 3195 esse
848 3153 1153 3208 consuetum,
1177 3148 1306 3196 venit
1329 3148 1378 3196 in
1407 3148 1550 3196 mitra
1575 3150 1685 3212 post
1705 3147 1906 3194 missam
1927 3162 1935 3193 2

156 3224 423 3274 cardinalis
449 3244 487 3276 5.
525 3231 756 3278 Praxcdis
783 3231 1015 3280 assistens
1046 3232 1308 3297 publicavit
1336 3231 1661 3297 indulgentias
1694 3229 1939 3294 plenarias

156 3322 246 3369 per
266 3309 448 3372 Papam
474 3327 759 3363 concessas:
789 3315 948 3364 nullus
974 3316 1270 3366 clericorum
1294 3332 1486 3365 camere
1517 3314 1761 3373 interfuit3
1798 3329 1942 3377 prop·-

200 3492 238 3527 1.
278 3491 327 3530 Le
345 3504 439 3531 mss.
475 3495 587 3534 5163.
611 3497 642 3535 f.
667 3498 731 3537 71.
754 3499 874 3538 donne
897 3511 904 3536 :
929 3516 948 3534 «
969 3504 1004 3539 et
1024 3500 1055 3538 si
1075 3501 1338 3540 lamentabant.
1364 3517 1382 3535 n
