2248 3892
278 387 347 426 436
1026 385 1310 425 APPENDICE.·

277 489 442 532 covado
467 489 511 529 di
539 487 727 529 Valenza
753 488 795 528 al
824 487 974 539 nipote
1002 499 1099 538 suo,
1125 487 1298 530 fratello
1323 488 1393 529 del
1418 487 1648 529 Cardinale
1671 489 1851 541 Borges.
1875 488 1925 529 Et
1951 499 2050 540 per-

278 554 357 597 che
378 556 408 596 il
432 556 491 595 Re
517 554 561 594 di
590 554 814 607 Hispagna
844 565 934 594 non
957 554 1151 595 darehbe
1177 555 1220 594 13
1252 552 1537 605 possessione
1570 552 1615 593 di
1642 552 1769 594 decto
1807 553 2052 595 vescovado

278 633 326 662 se
362 621 502 672 prima
536 620 567 660 il
601 621 716 670 Papa
751 629 842 659 non
873 619 1114 670 publicassi
1151 618 1380 660 Cardinale
1408 618 1695 671 monsignore
1724 618 1981 669 Hispalense
2014 622 2057 659 et

279 687 411 727 etiam
433 697 479 726 se
500 685 641 737 prima
659 696 748 725 non
766 684 1020 725 concedessi
1043 685 1086 726 13
1104 684 1310 736 dispensa
1331 683 1372 723 al
1405 684 1465 724 Re
1499 682 1541 723 (11
1560 683 1807 735 Portogallo
1835 683 1879 724 di
1902 686 2055 735 potere

277 751 445 803 piglare
467 762 546 802 per
568 752 723 791 Donna
745 749 788 790 13
813 749 972 790 8013113
1003 748 1215 790 (1311’3111·3
1243 760 1324 790 8113
1345 748 1487 800 prima
1519 750 1688 799 Bonna,
1721 751 1766 789 et
1792 747 1991 802 figliuola
2014 748 2057 790 di

280 816 397 856 detto
432 817 491 856 Re
516 815 559 856 di
583 816 806 867 Hispagna
842 828 851 854 ;
882 814 1018 856 sendo
1047 817 1202 866 queste
1233 814 1321 855 due
1352 826 1455 855 cose
1483 812 1675 863 difficile,
1707 813 1811 866 pero
1834 825 1923 855 non
1951 814 2057 855 sorti

280 881 448 931 effecto,
471 884 514 922 et
538 881 661 922 (13010
676 880 921 922 vescovado
942 891 1032 920 non
1054 881 1090 920 si
1108 880 1271 922 conferi
1288 880 1525 921 altrimenti
1549 894 1557 920 :
1576 892 1645 921 ma
1664 880 1736 920 dal
1750 881 1881 931 Papa,
1899 877 2057 932 perche

277 948 319 987 lo
345 947 474 989 vuole
496 959 521 987 3
544 947 648 999 ogni
682 946 829 996 modo,
851 945 898 986 fu
926 946 1156 998 ragionato
1182 946 1252 987 del
1275 946 1497 997 publicare
1522 939 1751 986 Cardinale
1778 944 1905 985 decto
1927 955 2056 985 mon-

281 1012 457 1065 signore
492 1012 749 1064 Hispalense
785 1015 860 1052 :et
893 1012 1029 1052 anche
1059 1012 1102 1053 (11
1127 1012 1272 1064 quello
1309 1011 1353 1051 di
1387 1011 1577 1051 Libretto
1613 1014 1802 1064 cognato
1834 1011 1906 1051 del
1938 1012 2059 1051 Duca

280 1078 578 1119 Valentinese.
614 1077 820 1118 Similiter
847 1077 918 1118 del
946 1077 1095 1129 nipote
1120 1089 1201 1118 suo
1245 1091 1253 1118 :
1283 1079 1325 1117 et
1353 1087 1459 1128 pare
1486 1076 1564 1116 che
1591 1077 1623 1117 11
1652 1076 1871 1118 Cardinali
1900 1087 1987 1116 non
2015 1075 2057 1117 vi

280 1142 580 1183 attendessino
626 1142 777 1192 molto,
819 1143 1099 1194 assegnando
1128 1154 1216 1184 non
1249 1153 1402 1195 parere
1439 1142 1533 1183 loro
1575 1153 1724 1183 essere
1759 1142 1801 1183 al
1847 1143 2054 1192 presente

279 1212 425 1260 tempo
447 1208 502 1249 da
522 1207 614 1248 fare
638 1208 869 1249 Cardinali.
902 1209 954 1248 Et
975 1209 1064 1248 0081
1086 1208 1115 1248 11
1143 1210 1259 1260 Papa
1281 1220 1413 1249 sanza
1433 1207 1557 1248 farne
1583 1207 1821 1248 altrimenti
1844 1207 2055 1248 instantia

282 1286 329 1315 se
349 1275 389 1314 la
418 1273 560 1326 passo.
596 1275 759 1324 Questo
780 1273 920 1325 primo
944 1274 1277 1326 regionamento
1304 1271 1327 1313 3
1351 1276 1464 1314 81310
1489 1285 1612 1314 come
1635 1284 1813 1314 menare
1842 1273 1857 1312 i
1879 1272 2059 1313 Barberi

280 1341 364 1380 alle
392 1351 540 1380 mosse
567 1340 638 1391 pel
665 1350 790 1380 corso
823 1339 894 1379 del
923 1339 1055 1390 Palio,
1091 1342 1132 1380 et
1157 1342 1404 1380 monstrare
1427 1340 1520 1380 loro
1550 1340 1593 1380 la
1615 1338 1685 1379 via
1708 1339 1857 1379 hanno
1882 1338 2015 1378 affare
2043 1349 2052 1377 :

280 1408 323 1446 31
352 1405 541 1446 un'altra
568 1405 685 1446 volta
714 1405 745 1445 li
768 1403 963 1445 troverra
986 1405 1032 1445 in
1060 1405 1245 1458 miglore
1275 1405 1577 1456 dispositione,
1610 1406 1653 1445 et
1682 1403 1858 1445 01113113
1883 1403 1914 1443 11
1941 1403 2054 1444 desi-

282 1470 402 1511 derio
419 1481 499 1510 suo
524 1483 532 1510 :
556 1470 635 1510 che
655 1470 691 1510 si
706 1470 816 1517 dice,
841 1481 930 1510 non
952 1470 1031 1510 che
1054 1472 1136 1520 tre,
1159 1481 1232 1510 ma
1256 1470 1333 1510 che
1353 1481 1408 1510 ne
1426 1470 1556 1511 vuole
1574 1469 1668 1510 fare
1686 1472 1777 1510 otto
1796 1480 1820 1510 0
1844 1468 1954 1509 (11301
1978 1481 1987 1508 :
2017 1471 2061 1509 et

280 1535 459 1587 quando
486 1547 584 1576 sara
603 1535 778 1588 guarito
799 1535 830 1574 11
851 1533 951 1575 8313
971 1533 1047 1585 piu
1066 1534 1192 1575 facile
1215 1535 1294 1574 che
1319 1535 1443 1585 hora,
1470 1535 1549 1575 che
1575 1534 1775 1575 vedendo
1798 1545 1821 1575 e
1845 1533 2061 1575 Cardinali

280 1601 325 1641 13
343 1599 511 1641 8331113
529 1612 610 1642 sua
625 1601 670 1640 in
692 1600 878 1652 qualche
903 1600 1110 1651 pericolo‚
1136 1600 1323 1650 rispecto
1348 1600 1390 1640 31
1412 1600 1542 1649 13313,
1563 1603 1720 1640 813330
1740 1598 1818 1651 piu
1837 1600 2057 1640 renitenti.

278 1666 405 1718 Dipoi
422 1667 459 1707 si
481 1666 616 1707 tracto
640 1666 778 1706 molto
803 1664 858 1706 ad
876 1666 1015 1718 lungo
1039 1665 1152 1706 delle
1175 1665 1414 1717 provisioni
1435 1665 1491 1705 da
1517 1664 1622 1705 farsi
1646 1666 1796 1705 contro
1824 1664 1865 1705 el
1887 1665 2058 1705 Turcho

279 1736 321 1773 et
341 1732 388 1773 fu
422 1731 629 1773 concluso
661 1732 705 1772 di
737 1733 828 1772 fare
862 1731 905 1771 di
937 1731 1194 1783 quest'altra
1218 1730 1464 1782 septimana
1499 1730 1688 1770 un'altro
1721 1729 1982 1780 consistoro,
2017 1731 2060 1770 et

277 1797 401 1839 farne
418 1798 599 1839 omnino
624 1798 810 1850 qualche
835 1797 986 1838 buona
1006 1796 1291 1847 resolutione,
1316 1807 1403 1837 non
1425 1796 1623 1848 parendo
1644 1795 1707 1837 sia
1731 1806 1833 1836 cosa
1859 1794 1916 1836 da
1939 1794 2061 1836 diffe-

278 1864 381 1904 11113
407 1862 533 1915 piu...

337 2004 352 2023 ‹
378 1990 530 2039 Rome,
552 2000 592 2028 xi
612 1988 712 2029 Julii
729 1988 943 2030 MCCCCC.

1177 2056 1193 2076 ‹
1219 2040 1404 2081 Humilis
1426 2040 1622 2090 servitor,

859 2123 875 2142 ι
902 2108 1144 2148 Ρ3Α110180118
1169 2107 1410 2151 CAPPELLUS.
1437 2106 1699 2146 secretarius
1720 2106 2010 2148 Florentinus.
2037 2123 2053 2143 ι

332 2221 476 2273 (Areh.
499 2219 689 2261 Fiorem.
717 2218 829 2260 Clas.
847 2220 898 2269 Χ,
924 2219 1026 2260 (1181.
1053 2219 1092 2270 2,
1115 2218 1214 2260 filza
1235 2218 1303 2269 45,
1321 2230 1346 2260 a
1369 2231 1404 2260 c.
1428 2217 1513 2272 35.)

1157 2446 1182 2495 4

333 2586 368 2628 N
373 2584 567 2628 ouvelles
592 2597 670 2626 sur
690 2584 802 2626 Pise.
821 2606 873 2614 —
891 2582 1092 2625 Relation
1113 2583 1167 2625 de
1189 2584 1232 2625 la
1257 2583 1466 2626 tentative
1486 2582 1775 2626 d'assassinat
1793 2583 1898 2627 faite
1919 2569 1996 2626 sur
2014 2582 2057 2627 13

280 2665 500 2706 personne
527 2652 587 2694 du
608 2652 692 2693 duc
713 2652 767 2693 de
788 2651 1018 2704 Bisceglie‚
1043 2651 1154 2692 mari
1174 2651 1229 2692 de
1252 2650 1442 2692 Lucrece
1465 2651 1637 2704 Borgia,

983 2780 1003 2802 «
1021 2738 1264 2815 ‘Maqnifici
1282 2767 1360 2804 etc.

339 2876 355 2895 α
383 2890 461 2900 .....
490 2859 543 2900 Ε1
562 2858 606 2899 (11
632 2860 797 2910 quanto
824 2860 1101 2910 contengono
1125 2856 1243 2898 dette
1266 2858 1436 2908 lettere,
1464 2857 1610 2898 subito
1639 2857 1787 2899 subito
1819 2868 1928 2900 sono
1953 2870 2055 2913 rag-

278 2925 477 2978 guaglati
506 2924 651 2976 questi
683 2923 840 2964 Prelati
872 2923 915 2963 di
950 2923 1142 2972 Palazzo‚
1180 2926 1223 2963 et
1250 2934 1328 2974 per
1354 2934 1631 2974 consequens
1666 2923 1696 2963 il
1719 2925 1848 2975 Papa,
1879 2935 1905 2964 a
1937 2925 2003 2965 chi
2030 2925 2053 2966 3

282 2990 447 3031 11131110
479 2993 599 3030 111010
629 3002 637 3029 :
666 2992 708 3030 et
731 2989 927 3041 ritraggo
951 2988 1030 3029 che
1055 2989 1097 3029 S.
1125 2987 1292 3029 Santita
1315 2990 1372 3029 ha
1398 3000 1527 3040 preso
1549 2991 1829 3030 contentezza
1845 3000 1934 3030 non
1958 2991 2053 3042 pic-

283 3057 376 3096 cola
398 3056 476 3096 che
493 3056 591 3096 Pisa
604 3066 694 3096 non
715 3055 780 3095 sia
796 3055 957 3095 venuta
976 3054 1021 3094 in
1041 3065 1172 3095 mano
1193 3053 1237 3094 di
1258 3054 1475 3104 Franzesi,
1499 3064 1524 3094 o
1544 3053 1586 3093 di
1606 3054 1658 3093 V0
1675 3053 1794 3106 Sigiss.
1816 3054 1868 3094 Et
1895 3066 1942 3096 se
1965 3067 2054 3097 non

282 3122 394 3162 fussi
415 3122 493 3162 che
520 3122 561 3162 S.
588 3119 754 3162 83111113
776 3121 834 3161 113
860 3118 916 3160 ad
939 3119 1203 3161 contendere
1230 3120 1343 3160 conli
1367 3118 1520 3168 dolori,
1545 3120 1588 3158 et
1607 3118 1759 3171 fastidj
1784 3119 1855 3160 del
1876 3121 2006 3170 male,
2031 3121 2054 3162 3

284 3189 487 3240 opinione
506 3188 548 3228 di
565 3186 751 3239 qualche
765 3184 1016 3225 intendente
1032 3185 1108 3226 che
1129 3196 1209 3225 con
1230 3184 1415 3235 qualche
1431 3193 1511 3223 suo
1534 3182 1773 3235 ghiribizzo
1799 3188 1841 3225 et
1868 3185 2052 3240 disegno

283 3253 476 3294 darebhe
498 3253 576 3293 che
597 3261 783 3304 pensare
805 3249 859 3289 ad
882 3251 933 3289 V⁰
960 3250 1089 3302 Sig103
1116 3262 1202 3299 ma,
1222 3249 1364 3301 gratia
1390 3247 1433 3288 di
1457 3247 1551 3297 Dio,
1575 3245 1598 3287 3
1622 3248 1666 3289 in
1691 3250 1866 3290 termini
1890 3251 1969 3292 che
1995 3252 2052 3292 ha

284 3318 338 3358 (13
362 3330 548 3369 pensare
577 3320 620 3358 et
642 3319 833 3369 grattare
863 3315 906 3354 13
936 3326 1075 3367 rogna
1098 3326 1178 3356 sua
1207 3315 1285 3355 che
1314 3314 1354 3354 le
1383 3323 1529 3354 cresce
1559 3314 1663 3365 ogni
1692 3313 1734 3353 dl
1764 3312 1852 3365 piu.
1886 3315 2052 3365 Questo

286 3382 380 3423 dico
410 3382 571 3435 perche
605 3383 714 3423 oltre
743 3380 815 3422 alli
852 3379 1011 3420 affanni
1036 3382 1077 3420 et
1105 3380 1244 3421 dolori
1271 3379 1342 3420 del
1365 3379 1479 3419 male
1508 3389 1605 3427 SUO,
1638 3376 1661 3419 3
1693 3378 1748 3420 (13
1777 3380 1850 3431 poi
1879 3380 2051 3433 seguito

285 3446 470 3488 un’altro
490 3446 712 3488 disordine
735 3443 813 3486 che
835 3442 871 3485 si
898 3444 1026 3485 stima
1044 3455 1133 3486 non
1153 3445 1315 3486 hebbia
1334 3443 1436 3486 dato
1454 3443 1639 3484 mancho
1667 3443 1872 3501 (1181111110Ι
1891 3448 1934 3486 31
1955 3456 2050 3486 mo·

286 3509 414 3551 lestia
432 3515 516 3555 alla
545 3509 710 3554 Santita
738 3512 825 3552 Sua
849 3509 926 3551 che
952 3511 1097 3562 quello
1123 3511 1249 3564 segul
1269 3511 1315 3552 in
1337 3520 1527 3562 persona
1551 3520 1646 3550 sua.
1673 3510 1722 3550 Et
1745 3501 1900 3562 questo
1923 3509 1947 3551 3
1974 3510 2050 3551 0113
