2228 3938
332 354 402 392 284
942 355 1174 393 JOHANNis
1209 354 1504 402 BURCHARD1‚
1826 361 1988 400 [octobre
2011 362 2104 404 1503]

334 457 586 519 respondit
635 462 777 519 prout
823 458 870 504 in
914 458 1093 506 libello.
1136 459 1456 506 Interfuerunt
1499 459 1694 521 triginta
1744 466 1952 523 quatuor
1996 479 2106 511 car-

334 539 536 596 dinales,
566 538 786 587 videlicet
820 555 988 588 omnes
1022 541 1100 602 qui
1135 541 1329 588 fuerunt
1361 541 1408 587 in
1440 541 1669 600 conclavi,
1708 542 1915 606 demptis
1953 547 2106 593 Bene-

331 625 536 669 ventano
566 625 612 669 et
644 625 889 670 Casanova
910 622 1137 681 infirmis;
1164 629 1211 670 et
1236 639 1404 671 omnes
1440 623 1636 670 fuerunt
1661 624 1710 671 in
1741 625 1904 688 cappis
1925 627 2103 686 rubeis,

333 703 538 766 demptis
567 705 882 767 Neapolitano
912 708 959 752 et
982 706 1148 768 paucis
1184 706 1287 753 aliis
1312 722 1370 754 ex
1404 707 1824 769 consanguinitate
1865 710 1992 771 Pape
2025 709 2108 757 de-

331 786 500 833 functi.

393 869 477 916 Die
500 870 745 928 mercurii,
779 874 829 916 11
870 870 1096 928 octobris,
1136 871 1222 918 fuit
1244 871 1580 918 consistorium
1608 876 1853 920 secretum
1887 873 1947 920 ad
1962 874 2105 936 quod,

332 955 590 1014 antequam
612 953 816 1000 intraret
843 956 987 1017 Papa,
1014 954 1193 1001 vocavit
1212 953 1272 1000 ad
1297 970 1346 1001 se
1377 954 1424 1000 in
1450 970 1641 1002 camera
1666 971 1766 1014 sua,
1793 955 1839 1002 in
1868 972 1963 1018 qua
1988 955 2107 1004 solet

334 1035 500 1082 audire
536 1035 751 1094 missam,
803 1037 1069 1084 successive
1113 1052 1283 1084 omnes
1322 1037 1609 1096 cardinales,
1651 1038 1807 1100 primo
1853 1039 2107 1101 episcopos

334 1133 524 1175 omneS,
552 1118 727 1166 deinde
750 1119 962 1182 quinque
985 1119 1062 1167 vel
1090 1134 1174 1167 sex
1203 1119 1533 1183 presbyteros,
1572 1125 1619 1167 et
1649 1120 1872 1168 tractavit
1904 1136 2013 1168 cum
2038 1120 2106 1167 eis

333 1200 391 1247 de
421 1201 630 1248 creando
666 1202 959 1249 cardinalem
1000 1202 1423 1265 archiepiscopum
1459 1203 1844 1259 Narbonensem,
1878 1206 2108 1266 nepotem

334 1284 590 1331 cardinalis
613 1284 1044 1347 Rothomagensis3
1066 1289 1113 1331 et
1136 1284 1289 1332 noluit
1303 1285 1460 1347 major
1479 1302 1589 1348 pars
1605 1286 1897 1334 consentire.
1925 1285 2108 1333 Deinde

335 1365 382 1411 in
408 1367 694 1414 consistorio
721 1367 897 1415 creavit
920 1368 1201 1430 episcopum
1231 1368 1525 1430 Nepesinum
1552 1375 1598 1416 et
1623 1369 1874 1417 Sutrinum
1897 1372 1945 1416 et
1969 1368 2104 1426 alios,

337 1453 383 1495 et
404 1449 589 1497 duravit
614 1449 672 1497 ab
696 1450 820 1497 hora
838 1450 1004 1512 quinta
1026 1449 1215 1497 decima
1238 1466 1389 1512 usque
1412 1451 1473 1498 ad
1493 1451 1774 1514 vigesimam
1798 1452 2004 1499 tertiam.

402 1531 486 1578 Die
508 1531 650 1594 joviS,
698 1536 754 1579 12
788 1533 1016 1590 octobris,
1061 1532 1339 1579 nunciatum
1380 1533 1469 1580 fuit
1507 1550 1593 1596 per
1617 1535 1798 1581 Urbem
1831 1534 2112 1582 confedera-

334 1612 516 1659 tionem
543 1618 589 1660 et
616 1613 844 1660 unionem
879 1613 1158 1660 conclusam
1192 1613 1318 1660 inter
1344 1614 1691 1662 Columnenses
1722 1620 1768 1662 et
1808 1615 2003 1663 Ursinos
2033 1615 2113 1677 qui

273 1683 280 1689 ⁹
331 1710 499 1742 omnes
526 1696 641 1742 ituri
663 1699 826 1744 essent
848 1696 907 1743 ad
941 1711 1142 1759 regnum
1172 1695 1539 1758 Neapolitanum
1565 1697 1613 1743 in
1635 1697 1900 1744 subsidium
1937 1697 2109 1760 Hispa-

330 1793 502 1825 norum
529 1782 696 1826 contra
715 1779 890 1826 Gallos.

397 1862 579 1909 Eadem
602 1862 699 1922 die,
732 1865 862 1925 Papa
899 1862 1085 1925 accepit
1117 1862 1406 1911 medicinam
1437 1863 1612 1910 malam
1647 1861 1707 1926 (1)
1739 1878 1826 1925 pro
1853 1877 1910 1910 eo
1935 1865 1983 1910 et
2007 1877 2107 1910 ser—

334 1945 577 1992 vitoribus.

398 2028 484 2075 Die
505 2027 693 2075 veneris
714 2031 787 2086 13,
811 2043 919 2075 cum
938 2031 1066 2091 Papa
1081 2028 1282 2086 audiret,
1305 2029 1432 2076 circa
1447 2029 1731 2093 vigesimam
1750 2044 1894 2075 unam
1913 2028 2102 2087 horam,

334 2110 631 2158 cardinalem
670 2111 1044 2168 Bononiensem,
1075 2112 1123 2158 in
1153 2112 1328 2158 febrim
1355 2111 1723 2174 frigidissimam
1751 2111 1936 2167 incidit,
1960 2126 2104 2173 quam

332 2192 497 2240 habuit
527 2193 587 2240 ad
614 2193 731 2240 duas
751 2194 914 2252 horas,
943 2194 1186 2240 audientia
1214 2193 1418 2241 durante
1441 2210 1450 2240 :
1477 2210 1571 2256 qua
1602 2194 1754 2251 finita,
1791 2193 1982 2240 intravit
2006 2193 2106 2240 lec-

331 2280 434 2323 tum
457 2282 505 2324 et
529 2292 616 2340 per
635 2280 733 2324 tres
755 2278 900 2324 horas
918 2277 987 2323 vel
1012 2277 1143 2324 circa
1162 2277 1333 2325 habuit
1355 2293 1584 2339 magnum
1609 2276 1842 2324 vomitum
1865 2280 1911 2323 et
1937 2291 2107 2338 super-

332 2360 455 2407 venit
480 2360 612 2408 calor
634 2360 714 2422 qui
737 2360 920 2407 duravit
943 2375 1092 2421 usque
1115 2360 1175 2408 ad
1196 2360 1339 2407 funus
1364 2360 1444 2423 (2).
1472 2359 1742 2408 Cardinalis
1769 2359 1828 2406 de
1850 2358 2102 2416 Alibretto‚

333 2445 518 2489 attenta
535 2442 813 2490 infirmitate
842 2446 985 2505 Pape,
1010 2442 1098 2488 fuit
1120 2442 1369 2489 ordinatus
1391 2442 1439 2488 in
1462 2441 1752 2489 cancellaria
1774 2447 1823 2489 ut
1840 2440 2107 2489 subscribe-

330 2525 628 2572 renturbulle
648 2540 1078 2587 quorumcumque,
1093 2540 1185 2587 que
1196 2524 1388 2582 deinde,
1412 2524 1488 2571 die
1509 2524 1692 2582 martis,
1712 2524 1907 2570 fuerunt
1930 2522 2104 2570 bullate

331 2606 434 2654 sine
456 2610 586 2654 taxta
606 2611 652 2655 et
678 2607 778 2654 sine
800 2608 982 2655 visione
1013 2607 1059 2653 in
1101 2607 1403 2667 cancellaria,
1430 2610 1478 2655 et
1506 2613 1700 2654 mortuo
1729 2609 1874 2669 Papa,
1911 2605 2107 2652 fuerunt

330 2692 577 2751 reportate
615 2691 674 2737 ad
708 2690 1051 2738 cancellariam
1084 2693 1131 2736 et
1153 2689 1331 2737 ibidem
1371 2694 1546 2747 taxate,
1582 2694 1628 2736 et
1668 2688 1760 2736 alia
1788 2687 1949 2735 omnia
1981 2687 2107 2734 facta

328 2786 421 2833 que
443 2772 558 2819 alias
582 2772 685 2819 fieri
705 2773 861 2820 solent
879 2779 1137 2835 antequam
1162 2772 1488 2835 plumbentur.

389 2853 474 2901 Die
513 2855 717 2913 sabbati,
759 2858 814 2901 14
860 2855 1090 2912 octobris,
1129 2855 1482 2917 proclamatum
1519 2854 1659 2901 suita
1694 2853 1842 2900 tribus
1882 2851 2105 2899 tubicinis

271 2994 275 3000 Ι
328 2936 650 2984 clamantibus
691 2937 917 2985 mandato
962 2939 1092 3000 regis
1125 2943 1171 2985 et
1194 2928 1358 3001 regine
1400 2937 1755 2999 Hispaniarum,
1785 2935 1834 2980 in
1865 2933 2025 2995 platea
2063 2949 2101 2980 s.

330 3018 480 3077 Petri,
515 3023 624 3066 ante
652 3019 850 3066 domum
884 3019 1019 3066 ducis
1062 3020 1323 3076 Valentini,
1351 3022 1461 3066 ante
1484 3022 1692 3065 castrum
1719 3032 1753 3062 s.
1782 3015 1969 3077 Angeli,
1998 3020 2107 3062 ante

379 3155 413 3190 1.
507 3153 716 3201 pessimam,
738 3166 829 3190 mss.
855 3156 983 3192 12552.

375 3211 410 3246 2.
440 3209 536 3246 Telle
557 3215 612 3247 est
644 3210 678 3246 la
710 3211 810 3255 lecon
845 3211 893 3246 du
924 3223 1009 3247 mss,
1035 3212 1162 3255 12552,
1186 3212 1244 3258 qui
1278 3213 1395 3258 par-ait
1423 3213 1497 3245 etre
1520 3209 1553 3244 la
1577 3209 1656 3257 plus
1684 3214 1862 3247 correcte.
1890 3211 1960 3247 Les
1982 3214 2106 3247 autres

330 3280 423 3305 mss.
449 3269 613 3305 donnent
636 3280 644 3305 ε
668 3283 686 3302 «
708 3269 767 3304 die
796 3268 950 3312 veneris,
977 3270 1017 3304 13
1038 3269 1209 3314 octobris,
1238 3269 1331 3304 circa
1358 3269 1480 3304 horam
1512 3267 1728 3315 vigesimam
1750 3281 1873 3315 unam,
1898 3281 1978 3306 cum
2007 3269 2107 3317 Papa

331 3327 472 3364 audiret
494 3327 711 3372 cardinalem
743 3327 1012 3364 Bononiensem
1045 3327 1108 3374 qui
1137 3327 1278 3364 circiter
1311 3332 1384 3363 tres
1414 3327 1523 3362 horas
1549 3326 1767 3363 audientiam
1804 3327 1945 3373 habuit,
1967 3328 2103 3375 Papam

334 3386 468 3424 invasit
487 3386 595 3423 febris
615 3386 744 3435 frigida
765 3398 872 3434 quam
902 3386 1029 3423 habuit
1054 3387 1099 3422 ad
1126 3387 1218 3423 duas
1253 3387 1360 3423 horas
1395 3386 1447 3422 vel
1470 3386 1575 3430 circa,
1599 3390 1634 3422 et
1660 3398 1831 3433 magnum
1858 3387 2045 3428 vomitum,
2068 3390 2104 3422 et

338 3445 547 3492 supervenit
566 3445 663 3481 calor
682 3446 740 3493 qui
763 3445 907 3482 (Iuravit
929 3457 1044 3493 usque
1065 3446 1108 3481 ad
1130 3445 1257 3483 funus.
1280 3460 1298 3478 »
