2228 3938
202 338 430 380 [Septembre
451 338 546 377 1503]
655 336 823 375 RERUM
856 334 1157 372 URBANARUM
1190 333 1539 372 COMMENTARII.
1917 334 1989 371 255

205 446 253 491 et
282 443 343 490 de
373 439 690 490 conducendo
722 442 969 488 tormenta
1001 437 1061 502 (1)
1094 440 1142 485 et
1177 438 1356 486 salmas
1396 441 1443 485 et
1478 436 1863 485 administrando
1893 436 1982 484 sibi

203 525 390 573 cibaria
411 541 500 588 pro
525 523 741 588 pecuniis
764 522 862 570 suis
887 525 934 570 et
960 522 1089 584 quod
1108 522 1371 585 collegium
1393 521 1574 570 scribet
1597 521 1796 570 domino
1821 523 1983 570 Vene-

205 613 365 658 torum
390 608 520 672 quod
544 624 641 656 non
674 606 837 655 turbet
871 622 982 654 eum
1013 606 1086 653 vel
1118 605 1353 669 impediat
1383 606 1432 653 in
1460 605 1607 654 terris
1638 605 1736 653 suis
1770 608 1982 653 Roman-

202 693 328 740 dolie
355 692 484 750 sitis;
512 692 612 739 vice
637 708 780 739 versa
806 689 1033 754 promisit
1057 690 1214 737 dictus
1241 691 1336 737 dux
1357 706 1455 738 non
1479 689 1642 737 ledere
1666 692 1909 737 Romanos
1935 689 1984 736 in

203 776 341 823 bonis
364 792 454 823 nec
475 775 698 839 personis
723 777 806 823 aut
827 774 1133 832 animalibus,
1155 790 1242 837 per
1266 790 1316 821 se
1340 774 1414 822 vel
1436 789 1567 832 suos,
1591 789 1683 822 nec
1703 772 1984 820 Tiburtinos

202 860 272 908 vel
305 875 636 923 quoscumque
662 858 781 906 alios
821 859 881 905 de
905 857 1119 905 dominio
1156 839 1391 917 Ecclesie,
1429 861 1478 905 et
1500 857 1736 905 recedere
1770 856 1829 904 ab
1855 856 1982 904 Urbe

202 944 323 991 infra
346 944 562 991 triduum
588 946 635 990 et
660 945 870 1006 Prosper
892 942 1126 991 Columna
1145 957 1235 1005 per
1254 944 1407 989 totam
1431 941 1560 989 diem
1585 941 1847 988 crastinam
1872 955 1981 987 cum

202 1027 426 1075 omnibus
457 1027 680 1091 gentibus
713 1027 812 1074 suis
851 1030 898 1074 et
936 1029 992 1073 D.
1034 1029 1203 1077 Lucas,
1250 1029 1416 1073 orator
1447 1025 1575 1088 regis
1612 1024 1976 1088 Hispaniarum,

205 1113 301 1157 tam
332 1125 418 1157 suo
456 1125 601 1172 quam
636 1125 808 1173 regum
844 1125 1045 1157 suorum
1076 1109 1354 1156 nominibus
1394 1113 1442 1156 et
1471 1111 1705 1171 tanquam
1739 1112 1977 1168 oratores,

201 1193 532 1256 promiserunt
557 1192 686 1255 quod
721 1193 816 1239 dux
850 1197 897 1239 et
921 1195 1091 1255 gentes
1126 1208 1209 1238 sue
1246 1197 1292 1240 et
1316 1192 1515 1256 Hispani
1545 1195 1592 1239 et
1632 1191 1982 1238 Columnenses

201 1292 300 1323 non
323 1275 515 1323 venient
540 1291 630 1324 nec
664 1275 891 1323 redibunt
915 1275 975 1322 ad
1002 1274 1183 1322 Urbem
1212 1278 1257 1322 et
1291 1291 1445 1338 prope
1483 1291 1591 1322 eam
1629 1275 1690 1323 ad
1714 1276 1884 1323 decem
1908 1274 1983 1321 vel

203 1363 314 1408 octo
339 1359 584 1418 milliaria,
625 1362 673 1407 et
700 1362 756 1406 D.
792 1359 1051 1416 Robertus,
1079 1358 1335 1422 episcopus
1369 1359 1688 1417 Redonensis‚
1714 1358 1983 1407 Ludov’Icus

201 1444 260 1491 de
286 1444 413 1494 Villa
435 1446 583 1503 Nova,
609 1443 724 1491 baro
746 1444 805 1490 de
831 1445 983 1490 Trans
1013 1447 1061 1490 et
1087 1443 1324 1507 Rogierus
1346 1443 1405 1490 de
1432 1443 1809 1501 Grandamonte,
1838 1442 1985 1490 ciam-

203 1527 382 1575 bellani
432 1530 482 1575 et
515 1530 739 1576 oratores
775 1527 905 1590 regis
947 1526 1149 1574 Francic
1192 1532 1238 1575 et
1275 1530 1331 1575 D.
1378 1527 1615 1575 Antonius
1651 1526 1949 1575 Justinianus
1970 1565 1978 1581 ,

205 1614 371 1658 orator
395 1611 595 1659 dominii
627 1615 943 1669 Venetorum,
976 1610 1303 1674 promiserunt
1332 1611 1461 1674 quod
1500 1610 1743 1658 exercitus
1777 1612 1985 1658 Franco-

204 1710 316 1741 rum
340 1697 389 1741 et
409 1694 696 1742 Ursinorum
719 1699 764 1741 et
788 1694 880 1757 ipsi
905 1694 1067 1742 Ursini
1099 1694 1172 1742 vel
1194 1697 1364 1757 gentes
1390 1710 1563 1741 eorum
1585 1710 1683 1741 non
1702 1693 1896 1742 venient
1913 1693 1986 1741 vel

205 1777 456 1825 intrabunt
476 1777 657 1826 Urbem
684 1781 732 1825 et
754 1793 906 1841 prope
928 1794 1038 1826 eam
1061 1778 1120 1825 ad
1142 1778 1314 1826 decem
1335 1778 1408 1826 vel
1426 1782 1536 1826 octo
1558 1778 1797 1836 milliaria,
1824 1782 1871 1825 et
1891 1778 1985 1825 hec

204 1861 466 1924 promissio
492 1861 635 1910 debet
660 1862 855 1921 durare,
885 1862 998 1910 sede
1024 1862 1290 1926 apostolica
1311 1867 1511 1910 vacante
1536 1861 1616 1927 (2).

270 1946 450 1993 Eadem
485 1944 579 2005 die,
619 1945 716 1992 dux
753 1946 975 2009 promisit
1015 1949 1062 1993 et
1096 1946 1274 2010 Juravit
1310 1946 1476 1994 omnia
1512 1945 1733 2009 predicta
1771 1961 1980 2005 servare,

202 2033 437 2091 quantum
459 2028 620 2092 ipsum
636 2029 710 2076 vel
731 2034 900 2093 gentes
923 2045 1035 2077 suas
1061 2030 1334 2078 concernit.
1361 2029 1483 2078 Item
1510 2030 1850 2078 ordinaverunt
1874 2045 1981 2077 car-

201 2111 389 2160 dinales
411 2112 573 2160 adhuc
594 2112 725 2161 mille
746 2112 935 2175 pedites
958 2129 1044 2177 pro
1078 2114 1299 2162 custodia
1326 2113 1570 2162 conclavis
1596 2129 1806 2177 quorum
1840 2112 1982 2176 quin-

201 2195 332 2258 genti
354 2195 533 2244 debent
558 2213 665 2244 esse
693 2197 780 2244 sub
803 2200 859 2245 D.
879 2200 1011 2245 Luca
1025 2198 1084 2245 de
1102 2198 1340 2257 Rinaldis‚
1360 2203 1552 2246 oratore
1579 2197 1912 2262 Imperatoris,
1933 2201 1981 2244 et

200 2278 284 2325 alii
309 2279 561 2344 quingenti
589 2281 677 2328 sub
702 2281 968 2345 capitaneis
985 2297 1073 2345 per
1088 2284 1293 2330 RRmos.
1307 2282 1484 2329 Montis
1499 2281 1692 2345 Regalis
1711 2284 1759 2330 et
1774 2297 1813 2328 s.
1827 2282 1978 2329 Seve-

200 2361 295 2409 rini
331 2362 605 2412 cardinales
631 2366 920 2429 deputandis
948 2370 995 2415 et
1029 2366 1308 2430 collegium.
1334 2368 1390 2414 Et
1415 2365 1618 2414 Romani
1651 2365 1978 2430 promiserunt

200 2445 526 2494 cardinalibus
540 2448 766 2512 Hispanis
782 2450 910 2513 quod
927 2466 1100 2498 secure
1115 2452 1315 2514 possent
1336 2450 1516 2498 intrare
1532 2449 1760 2499 conclave
1782 2452 1830 2497 et
1844 2447 1973 2512 quod

198 2544 295 2575 non
316 2528 598 2579 lederentur
619 2531 670 2579 in
694 2533 930 2595 personis,
958 2534 1103 2581 rebus
1124 2534 1199 2582 vel
1219 2533 1376 2581 bonis.
1399 2536 1576 2581 Parum
1600 2538 1861 2596 antequam
1884 2532 1977 2580 hec

197 2611 386 2672 fierent,
413 2617 635 2663 oratores
659 2616 864 2680 predicti
885 2616 1015 2679 regis
1045 2619 1344 2664 Francorum
1366 2616 1448 2678 qui
1467 2616 1571 2664 heri
1598 2617 1660 2664 ad
1685 2616 1866 2664 Urbem
1892 2630 1975 2663 ve·-

197 2699 369 2744 nerant
389 2713 477 2761 per
506 2703 668 2763 postas
702 2699 1067 2749 tabellariorum
1097 2699 1294 2747 nomine
1328 2698 1456 2763 regis
1488 2699 1578 2759 sui,
1610 2699 1855 2762 petierunt
1883 2697 1972 2746 sibi

195 2778 470 2843 consignari
497 2785 712 2831 castrum
732 2783 1061 2843 Viterbiense;
1091 2783 1219 2847 quod
1245 2783 1315 2831 eis
1338 2799 1367 2831 a
1387 2782 1591 2847 collegio
1608 2787 1839 2846 negatum
1865 2782 1968 2830 fuit.

243 2927 276 2963 1.
305 2941 370 2964 «...
392 2932 430 2966 et
448 2928 492 2967 de
513 2931 750 2969 conducendo
771 2931 976 2970 artilliarias
995 2947 1028 2978 »,
1046 2944 1136 2969 mss.
1161 2933 1245 2970 156.

241 2987 276 3022 2.
308 2986 401 3036 Voy.
429 2989 663 3036 Giustiniani,
684 2995 711 3028 t.
732 2993 777 3038 II,
798 3005 835 3041 p.
859 2994 927 3029 169
952 2995 987 3029 et
1013 2992 1127 3037 suiv.;
1160 2996 1195 3029 et
1215 3005 1249 3040 p.
1274 2993 1356 3039 462,
1379 2993 1430 3029 les
1461 3006 1480 3025 «
1506 2990 1689 3039 chapicres
1706 2987 1856 3026 acm-des
1876 2992 1975 3025 entre

193 3049 445 3085 tresreverend
462 3052 551 3095 pere
570 3062 613 3087 en
642 3053 743 3095 Dieu,
765 3054 1020 3099 monseiqneur
1040 3054 1070 3089 le
1089 3053 1259 3089 cardinal
1282 3054 1325 3090 de
1346 3052 1637 3094 Saint-Severin,
1657 3051 1707 3087 les
1726 3051 1911 3095 seiyneurs
1931 3049 1976 3084 de

198 3107 326 3148 Trans,
351 3108 396 3144 de
422 3111 645 3157 Grammont,
666 3123 817 3159 evesque
846 3113 889 3149 de
912 3114 1040 3157 Renes,
1070 3114 1272 3150 rhaneelz'er
1297 3117 1330 3149 et
1349 3114 1495 3159 qeneral
1526 3113 1569 3148 de
1589 3112 1724 3158 Naples
1754 3120 1853 3156 pour
1871 3111 1904 3144 et
1929 3118 1974 3144 en

194 3175 277 3201 nom
296 3165 346 3202 du
364 3169 442 3214 Roy
457 3170 502 3206 de
522 3172 659 3207 Franoe
680 3172 926 3218 treschretien‚
949 3171 1055 3209 d'une
1073 3176 1179 3219 pam·
1199 3176 1233 3209 et
1251 3173 1353 3209 hccult
1372 3176 1406 3209 et
1421 3173 1597 3219 puissanc
1615 3172 1801 3216 seiqneur,
1817 3167 1973 3205 monsei-

192 3235 308 3270 qneur
328 3226 361 3262 le
386 3227 456 3264 duc
472 3230 517 3265 de
549 3231 774 3268 Valentinois
795 3236 829 3268 et
850 3232 893 3268 de
923 3233 1135 3277 Romamne,
1158 3232 1341 3269 chevalier
1361 3233 1404 3268 de
1437 3231 1570 3268 l'ordre
1592 3231 1642 3267 du
1670 3232 1760 3275 Roy,
1783 3231 1885 3264 notre
1917 3226 1973 3262 dit

192 3284 373 3329 seiyneur‚
398 3287 568 3326 d'aultre.
594 3304 613 3324 »
636 3291 707 3327 Par
726 3302 786 3328 ces
806 3306 825 3324 «
843 3290 1026 3339 chapitres
1041 3306 1075 3336 »,
1095 3290 1205 3328 Louis
1221 3291 1290 3327 XII
1304 3290 1448 3340 prenait
1468 3302 1555 3327 sous
1577 3302 1617 3326 sa
1627 3287 1829 3338 protection
1848 3285 1882 3322 16
1902 3285 1972 3320 duc

193 3346 228 3379 et
249 3353 291 3379 sa
309 3343 519 3390 famu1e‚et
547 3349 659 3387 Cesar
686 3362 703 3387 s
706 3350 914 3417 ’engageait
934 3350 978 3387 de
999 3350 1113 3388 servir
1132 3350 1166 3388 16
1184 3350 1238 3388 roi
1264 3351 1309 3388 de
1328 3352 1355 3387 F
1359 3362 1466 3388 ranee
1485 3364 1504 3383 ‹<
1524 3360 1656 3386 envers
1676 3353 1758 3385 tous
1786 3350 1822 3383 et
1849 3348 1974 3382 contre
2058 3385 2061 3388 ,

192 3404 289 3445 tous,
313 3415 398 3441 sans
418 3406 482 3443 nul
502 3414 684 3458 excepter,
704 3410 735 3447 si
755 3423 829 3448 non
856 3410 891 3447 16
909 3422 1003 3459 pape
1023 3414 1060 3447 et
1090 3409 1124 3447 le
1150 3410 1268 3448 Saint-
1255 3410 1381 3479 -Siege
1400 3409 1686 3504 apostolique.
1667 3407 1758 3445 »(16
1785 3404 1891 3443 trane
1911 3403 1966 3440 fut
2006 3415 2038 3454 s'

192 3460 299 3509 signe
317 3462 350 3501 16
372 3464 425 3501 1³
446 3468 654 3515 septembre
671 3470 778 3509 1503.
833 3452 1086 3518 ,smmum-11
1115 3484 1148 3506 1
1170 3487 1237 3507 s
1222 3468 1276 3502 Ἀν
1284 3488 1335 3504 v
1329 3487 1383 3502 A
1478 3480 1562 3510 2⁸³2*-
1626 3457 1802 3515 Cessfflss·
1972 3462 1999 3491 s

1940 3498 1966 3527 s‘

1915 3533 1935 3559 s
