2248 3892
571 383 626 396 ιη
639 350 684 396 43
763 337 1083 383 SUPPLEMENT
1111 346 1143 383 A
1170 345 1499 383 L’APPENDICE.
2005 362 2026 386 v

244 450 417 493 toribus
461 451 501 491 ei
538 449 653 491 datis
684 461 763 503 per
805 448 1050 490 Causarum
1097 448 1224 490 Curie
1266 450 1446 491 Camere
1479 450 1731 502 Apostolice
1768 450 2026 505 generalem

248 517 495 558 auditorem
526 519 570 557 et
602 516 749 557 locum
777 517 1001 556 tenentem
1031 515 1255 555 Senator-is
1289 516 1414 557 Alme
1452 516 1596 566 Urbis,
1636 517 1793 570 viginti
1827 518 2026 569 quinque

248 583 385 623 millia
405 582 665 623 ducatorum
684 580 780 622 auri
799 580 854 622 de
874 580 1071 630 Camera,
1085 581 1405 622 convertendos
1429 582 1474 622 in
1495 582 1764 633 emptionem
1785 583 2026 624 ducatuum

247 649 318 690 vel
342 647 606 689 Comitatum
629 649 706 688 aut
724 646 1027 693 Barionarum,
1046 648 1276 696 terrarum,
1294 657 1525 698 censuum,
1548 648 1841 698 censualium,
1858 651 2027 690 castro-

247 726 362 762 rum,
381 713 600 762 villarum,
621 713 804 765 jurium,
828 710 1064 752 feudorum
1089 722 1169 752 seu
1189 712 1391 761 aliorum,
1416 713 1708 754 immobilium
1738 714 1958 755 bonorum
1975 715 2030 756 de

249 779 414 832 quihus
434 781 478 819 et
499 777 576 818 ubi
596 777 765 818 eisdem
779 778 906 818 Petro
931 776 1147 817 Ludovico
1167 779 1211 817 et
1231 778 1453 818 tutoribus
1476 778 1714 829 videretur,
1740 790 1828 831 que
1848 781 2029 822 alienari

248 856 338 886 non
360 846 544 896 possent
549 873 630 883 .....
658 844 747 884 Nos
765 843 903 896 igitur
923 842 999 894 qui
1032 842 1232 883 eiusdem
1256 843 1453 895 episcopi
1486 846 1529 884 et
1555 844 1908 885 Vicecancellarii
1943 846 2030 886 exi-

247 910 455 964 gentibus
480 909 657 961 magnis
683 909 868 958 meritis,
893 908 990 949 eius
1016 908 1366 949 consideratione
1396 909 1573 950 Petrum
1610 910 1878 952 Ludovicum
1899 913 1943 952 et
1960 912 2032 952 Jo-

249 978 443 1018 hannem
462 973 655 1015 fraterna
691 973 916 1027 diligimus
939 974 1170 1014 caritate...
1192 977 1318 1015 motu
1349 974 1542 1026 proprio,
1565 986 1656 1016 non
1692 975 1748 1016 ad
1771 976 1966 1028 episcopi
1988 979 2032 1017 et

252 1041 354 1082 Vice
376 1040 631 1083 Cancellarii
649 1043 727 1081 aut
755 1040 871 1081 Petri
895 1039 1116 1090 Ludovici‚
1152 1039 1365 1080 ,Iohannis
1387 1040 1459 1081 vel
1479 1040 1577 1093 ejus
1608 1043 1857 1083 tutorum...
1897 1053 2031 1094 super

251 1107 332 1147 hoc
352 1106 497 1148 oblate
517 1105 742 1157 petitionis
757 1106 1085 1147 instantiam...
1108 1105 1242 1147 etiam
1263 1108 1364 1158 post
1386 1105 1491 1147 dicti
1512 1107 1709 1159 episcopi
1738 1111 1782 1148 et
1800 1108 1904 1148 Vice
1925 1108 2032 1149 Can-

250 1172 413 1213 cellarii
445 1171 614 1212 obitum
650 1182 705 1212 ex
727 1182 845 1212 nunc
874 1174 1006 1224 prout
1038 1183 1093 1212 ex
1124 1173 1242 1222 tunc,
1277 1170 1445 1212 eisdem
1476 1174 1603 1213 Petro
1630 1173 1850 1215 Ludovico
1887 1176 1932 1214 et
1958 1175 2030 1214 Jo-

251 1238 389 1279 hanni
418 1237 683 1289 respective,
719 1249 819 1278 cum
847 1237 1017 1279 eisdem
1048 1239 1199 1278 tamen
1240 1237 1568 1278 conditionibus
1604 1241 1648 1279 et
1680 1238 2030 1291 obligationibus

252 1316 353 1346 cum
395 1304 556 1356 quibus
598 1304 653 1344 ab
688 1303 845 1344 eodem
878 1304 1095 1355 Episcopo
1138 1306 1181 1344 et
1216 1303 1580 1344 vicecancellario
1624 1304 1688 1345 eis
1729 1304 1891 1346 donate
1921 1305 2034 1345 exis-

251 1373 365 1420 tunt,
389 1370 444 1410 ob
476 1369 664 1422 grandia
706 1381 784 1421 per
804 1369 1011 1410 eumdem
1042 1368 1310 1420 Episcopum
1343 1371 1387 1410 et
1417 1369 1518 1410 Vice
1554 1370 1873 1411 Cancellarium
1905 1370 2035 1411 nobis

249 1439 294 1477 et
323 1435 467 1476 eidem
502 1437 698 1476 Romane
737 1435 930 1477 Ecclesie
958 1436 1162 1487 impensa
1188 1435 1419 1487 obsequia,
1455 1435 1623 1477 eisdem
1655 1438 1795 1486 motu,
1833 1436 2032 1486 scientia,

251 1502 510 1544 auctoritate
556 1505 600 1542 et
647 1504 868 1553 potestate
909 1502 1139 1554 largimur,
1186 1501 1470 1542 concedimus
1521 1504 1565 1542 et
1603 1501 1837 1551 donamus,
1887 1501 2036 1542 decer-

248 1572 406 1609 nentes
433 1579 487 1609 ex
523 1579 643 1608 nunc
674 1567 856 1608 eosdem
898 1568 1078 1607 Petrum
1120 1566 1389 1608 Ludovicum
1424 1570 1467 1607 et
1501 1567 1747 1608 ,Iohannem
1787 1578 2032 1619 eorumque

250 1637 452 1686 posteros
491 1637 566 1674 aut
595 1634 705 1674 alios
729 1643 1033 1684 quoscumque
1069 1632 1124 1672 ad
1158 1644 1271 1684 quos
1303 1632 1474 1684 prefate
1506 1633 1693 1684 pecunie
1722 1634 1793 1675 vel
1817 1636 2032 1684 Ducatus‚

253 1700 512 1749 Comitatus,
530 1702 597 1740 etc
602 1730 684 1748 .....
705 1700 834 1752 Juxta
849 1698 1065 1739 dictarum
1087 1698 1375 1739 donationum
1399 1702 1598 1740 tenorem
1622 1700 1880 1751 pervenient
1900 1711 2037 1752 super

255 1766 341 1806 illis
364 1766 618 1806 nullatenus
637 1775 821 1816 posse...
844 1763 1084 1804 molestari.
1130 1764 1292 1804 Datum
1325 1765 1460 1804 Rome
1483 1764 1601 1815 apud
1625 1765 1834 1806 Sanctum
1858 1766 2035 1806 Petrum

258 1842 375 1871 anno
427 1830 742 1871 incarnationis
772 1829 998 1871 Dominice
1041 1828 1276 1869 millesimo
1324 1829 1763 1882 quadringentesimo
1809 1830 2027 1881 secundo,

253 1896 395 1947 pridie
414 1907 555 1938 nonas
576 1894 818 1943 Februarii,
841 1893 1128 1935 Pontificatus
1152 1893 1298 1935 Nostri
1322 1905 1438 1934 anno
1462 1893 1738 1935 duodecimo.
1758 1908 1780 1934 ))

1495 1978 1661 2019 Locum
1676 1978 1709 2033 †
1723 1979 1872 2032 sigilli.

947 2178 999 2219 10
1027 2190 1183 2219 JUlLLET
1212 2152 1331 2218 1482.

306 2313 358 2352 Νο
383 2311 506 2351 1171.
534 2311 657 2351 Bulle
679 2311 732 2351 de
755 2311 873 2351 Sixte
892 2310 943 2350 lV
963 2321 1017 2350 en
1036 2309 1192 2350 faveur
1210 2308 1265 2349 de
1288 2307 1420 2350 Gesar
1439 2308 1613 2361 Borgia.
1638 2311 1695 2350 Le
1713 2319 1827 2360 pape
1856 2309 2038 2349 accorde

258 2376 283 2417 a
313 2388 361 2417 ce
392 2376 568 2417 dernier
605 2379 705 2416 tous
743 2377 807 2416 les
839 2385 1029 2418 revenus
1063 2375 1141 2415 des
1177 2374 1424 2425 prebendes
1448 2377 1490 2415 et
1518 2374 1595 2415 des
1631 2375 1882 2415 canonicats
1910 2375 1964 2415 de
1995 2375 2036 2415 la

256 2440 507 2482 cathedrale
534 2441 589 2481 de
612 2443 647 2480 V
650 2442 815 2482 alence.

966 2642 1019 2683 16
1048 2655 1154 2683 Aou'r
1185 2642 1302 2684 1482.

310 2778 365 2818 N⁰
399 2775 522 2817 3446.
559 2773 684 2815 Bulle
719 2772 774 2814 de
807 2772 925 2813 Sixte
965 2774 1016 2813 IV
1049 2771 1177 2825 (orig.
1216 2784 1293 2813 sur
1326 2773 1598 2824 parchemin)
1635 2772 1747 2813 dans
1776 2773 1968 2824 laquelle
2011 2775 2041 2815 il

259 2841 442 2896 designe
468 2842 510 2882 le
537 2839 732 2881 cardinal
754 2838 975 2891 Rodriguc
995 2840 1151 2891 Borgia
1167 2849 1337 2879 comme
1358 2838 1716 2880 administrateur
1735 2839 1814 2880 des
1838 2839 1964 2880 biens
1985 2840 2040 2882 de

262 2907 394 2950 Cesar
427 2907 603 2959 Borgia,
637 2907 689 2945 de
737 2906 938 2955 episcopo
979 2904 1202 2944 cardinali
1226 2905 1398 2955 yenitus
1423 2908 1462 2945 et
1494 2906 1743 2957 conjuqata.
1781 2904 1905 2958 (Voir
1935 2906 2035 2956 plus

263 2974 389 3022 haut,
407 2978 455 3014 n⁰
473 2972 567 3023 945,
588 2973 630 3011 la
652 2971 770 3012 bulle
794 2971 851 3011 du
880 2971 937 3011 1ΕΓ
958 2970 1135 3011 octobre
1158 2970 1294 3021 1480.)
1327 2971 1448 3011 Cette
1472 2971 1593 3012 bulle
1619 2971 1680 3011 du
1704 2970 1755 3011 16
1777 2970 1881 3010 aout
1914 2971 2035 3022 1482,

259 3051 284 3080 a
309 3038 379 3079 ete
398 3037 576 3091 publiee
603 3048 685 3091 par
707 3037 771 3078 M.
795 3035 849 3077 de
878 3036 1100 3088 l'Epinois‚
1124 3038 1264 3077 Revue
1285 3036 1357 3076 des
1381 3039 1522 3084 Ques-t.
1555 3036 1673 3086 hist„
1699 3035 1822 3086 1881,
1855 3047 1900 3088 p.
1941 3037 2035 3087 373,

256 3107 360 3145 note
383 3104 423 3144 4.

315 3221 332 3240 ‹
358 3205 507 3246 Sixtus'
522 3206 774 3258 episcopm,
801 3215 957 3246 servus
973 3214 1202 3245 servorum
1218 3204 1310 3254 Dei,
1328 3204 1485 3245 dilecto
1510 3203 1600 3244 filio
1625 3203 1771 3245 Cesari
1793 3203 1847 3244 de
1866 3205 2040 3258 Borgia,

264 3271 476 3312 canonico
504 3272 751 3320 Valentino,
774 3270 946 3311 notario
980 3273 1149 3319 nostro,
1174 3270 1362 3310 salutem
1389 3273 1433 3311 et
1456 3269 1744 3321 apostolicam
1774 3268 2042 3311 benedictio—

266 3348 390 3378 nem.
414 3337 672 3377 Laudabilia
695 3340 770 3377 tue
790 3336 972 3388 puerilis
997 3336 1126 3376 etatis
1146 3335 1301 3376 inditia
1321 3347 1374 3375 ex
1397 3335 1561 3386 quibus
1583 3334 1696 3373 sicut
1720 3344 1767 3373 se
1789 3334 1924 3374 habet
1940 3333 2046 3376 fide-

273 3402 510 3454 dignorum
540 3402 740 3452 assertio,
774 3400 1071 3442 verisimiliter
1089 3399 1435 3451 apprehenditur
1458 3398 1576 3450 quod
1591 3398 1634 3438 in
1657 3397 1798 3438 virum
1822 3401 1864 3439 te
1881 3399 2043 3449 produ-

274 3479 373 3509 cere
406 3467 571 3507 debeas
608 3468 870 3516 virtuosum,
913 3478 996 3507 nos
1034 3465 1250 3506 inducunt
1287 3468 1336 3504 ut
1371 3468 1414 3504 te
1445 3463 1709 3515 specialibus
1738 3462 1964 3505 favoribus
1998 3468 2042 3505 et
