2228 3938
156 338 263 379 [Avi-il
282 339 375 378 1501]
588 337 757 374 RERUM
789 336 1090 374 URBANARUM
1122 336 1471 374 COMMENTARII.
1862 342 1929 376 127

158 442 273 500 alta,
302 441 518 489 clamosa
541 456 673 498 voce,
708 455 858 502 usque
886 439 944 486 ad
978 455 1230 487 cameram
1261 440 1568 503 paramenti;
1609 456 1722 489 cum
1756 441 1806 488 in
1848 458 1929 489 ca-

158 541 297 573 mera
328 525 573 590 papagalli
599 527 730 588 Papa
750 524 1021 586 deponeret
1042 527 1347 586 paramenta,
1377 524 1498 571 dixit
1527 540 1577 572 se
1610 525 1795 588 optime
1823 540 1938 573 can-

157 612 310 668 tasse,
351 608 410 657 de
453 625 548 673 quo
582 607 904 673 gloriabatur,

221 693 365 741 Feria
395 692 609 741 secunda
636 690 839 748 Pasche,
878 693 934 737 12
960 690 1145 754 aprilis,
1174 694 1342 739 Rmus.
1373 694 1429 739 D.
1458 691 1725 740 cardinalis
1751 709 1790 740 s.
1818 695 1936 740 Pra-

155 776 293 824 xedis
349 775 613 824 celebravit
653 773 855 822 missam
898 773 1168 822 solemnem
1211 775 1260 821 in
1296 775 1739 839 capella-majore,
1798 778 1930 839 Papa

158 862 403 922 presente,
433 859 483 906 in
506 875 601 922 qua
623 857 790 906 omnia
816 857 1077 905 observata
1101 860 1213 906 sunt
1235 873 1373 906 more
1401 858 1562 906 solito.

222 943 363 991 Feria
377 941 539 1000 tertia,
563 944 619 990 13
635 940 750 989 dicti
766 940 948 988 mensis
963 940 1151 1004 aprilis,
1173 944 1340 990 Rmus.
1364 944 1422 989 D.
1448 941 1714 989 cardinalis
1728 941 1934 989 Alexan-

156 1026 326 1074 drinus
362 1025 628 1074 celebravit
662 1024 865 1071 missam
903 1024 1174 1072 solemnem
1209 1025 1258 1072 in
1295 1025 1486 1088 capella
1521 1025 1765 1088 predicta,
1807 1027 1933 1088 Papa

156 1111 413 1172 p1·esente;
446 1109 546 1172 qui,
582 1108 713 1156 dicta
741 1107 965 1171 epistola,
1000 1107 1247 1156 nunciavit
1278 1108 1501 1171 predicto
1536 1107 1778 1157 cardinali
1813 1107 1938 1156 celc-

156 1192 319 1240 branti
352 1193 483 1256 quod
514 1191 699 1256 optime
731 1194 977 1239 cantasset
1007 1191 1285 1239 orationem
1315 1194 1363 1240 et
1393 1192 1522 1255 quod
1546 1191 1595 1239 in
1619 1190 1794 1239 eodem
1819 1193 1935 1239 tono

155 1291 214 1338 p1
217 1259 539 1339 osequeretur
564 1275 825 1323 cantando.
852 1274 961 1323 Alia
982 1290 1122 1322 more
1148 1275 1308 1323 solito.

218 1361 334 1407 Post
370 1359 669 1453 ΡΓᾶΠάἰιιῇφ,
686 1358 885 1406 intravit
922 1358 1104 1411 Urbem
1141 1374 1241 1442 per
1250 1361 1463 1441 portam
1494 1357 1727 1408 Viridarii
1765 1361 1933 1406 orator

153 1441 284 1506 regis
307 1434 637 1501 Francie,cu1
661 1458 760 1490 non
782 1445 1018 1490 venerunt
1029 1426 1245 1490 bbviam
1255 1436 1528 1491 familiares
1552 1444 1682 1506 Pape
1707 1445 1755 1490 et
1779 1441 1935 1490 cardi-

153 1524 359 1584 nalium,
389 1526 475 1574 sed
500 1526 705 1575 Carolus
731 1525 936 1574 Ursinus
960 1528 1008 1574 et
1032 1525 1112 1573 alii
1137 1526 1411 1589 peculiares
1436 1525 1580 1573 amici
1605 1528 1812 1573 tantum.

221 1609 436 1657 Sabbato
460 1609 510 1656 in
540 1609 679 1667 albis,
721 1613 775 1656 17
811 1609 928 1656 dicti
961 1608 1142 1656 mensis
1173 1609 1361 1672 apriliS,
1396 1612 1451 1656 R.
1486 1611 1633 1657 P.'D.
1667 1608 1931 1667 Mattheus,

157 1690 414 1755 episcopus
440 1691 820 1750 Umbriacensis,
851 1691 1117 1739 celebravit
1140 1691 1342 1739 missam
1368 1692 1639 1740 solemnem
1668 1692 1717 1740 in
1747 1691 1937 1755 capella

156 1774 362 1837 majore,
392 1777 525 1838 Papa
547 1775 766 1833 absente,
796 1774 846 1822 in
870 1790 967 1838 qua
992 1775 1159 1822 omnia
1182 1777 1289 1822 acta
1316 1778 1426 1824 sunt
1449 1791 1588 1824 more
1614 1775 1777 1824 solito.
1806 1777 1938 1838 Papa

155 1855 338 1904 dicitur
369 1873 428 1905 ex
462 1873 521 1906 eo
562 1874 661 1906 non
690 1857 880 1905 venisse
909 1858 1039 1920 quod
1071 1857 1256 1927 dictum
1295 1861 1368 1905 est
1404 1858 1584 1907 multos
1617 1874 1675 1906 ex
1712 1858 1937 1923 gentibus

153 1938 292 1987 ducis
316 1939 562 1990 Valentini
587 1943 698 1988 ante
723 1939 970 1988 civitatem
993 1940 1309 1988 Faventinam
1336 1940 1484 1988 fuisse
1509 1941 1813 1989 interfectos,

219 2022 363 2070 Feria
398 2023 583 2086 quinta,
625 2027 684 2071 22
723 2022 911 2087 apriliS,
947 2022 1081 2071 circa
1110 2023 1371 2072 meridiem
1395 2024 1517 2087 obiit
1553 2027 1610 2073 D.
1647 2023 1934 2082 Ludovicus,

153 2105 412 2170 episcopus
450 2106 815 2165 Caballicensis,
843 2105 943 2169 qui,
973 2108 1027 2153 ut
1062 2105 1260 2166 dicitur,
1295 2110 1501 2156 testatus
1532 2107 1620 2155 fuit
1658 2110 1705 2155 et
1743 2107 1938 2171 reliquit

153 2188 354 2236 domum
380 2205 518 2237 suam
543 2204 740 2237 camere
767 2188 1063 2253 apostolice3
1091 2189 1411 2238 nihilominus
1438 2191 1742 2254 gubernator
1768 2189 1930 2247 Urbis,

154 2272 327 2327 eadem
355 2272 481 2321 hora
510 2273 672 2321 obitus
701 2273 817 2321 dicti
847 2272 1066 2336 episcopi
1096 2273 1297 2322 intravit
1328 2289 1413 2322 seu
1444 2273 1631 2322 intrare
1660 2273 1776 2322 fecit
1807 2272 1937 2321 bari-

156 2355 337 2420 gellum
374 2354 575 2405 domum
612 2357 912 2421 predictam,
954 2359 1002 2404 et
1036 2356 1202 2404 omnia
1233 2373 1327 2420 que
1366 2358 1416 2405 in
1452 2373 1511 2406 ea
1552 2360 1694 2406 erant
1735 2357 1934 2406 fuerunt

156 2442 430 2502 exportata,
461 2440 611 2488 etiam
635 2440 756 2488 muli
781 2443 830 2488 et
847 2440 980 2503 vequi,
1008 2439 1133 2488 nihil
1156 2441 1349 2504 penitus
1377 2441 1427 2488 in
1451 2441 1552 2501 illa,
1582 2444 1635 2489 ut
1658 2440 1931 2499 dicebatur,

156 2521 346 2580 relicta,
382 2522 473 2570 nisi
505 2523 609 2571 solo
639 2539 846 2587 corpore
877 2523 1096 2571 defuncti
1121 2524 1270 2586 quod,
1297 2525 1509 2588 quando,
1539 2525 1751 2588 qualiter
1777 2527 1826 2572 et
1855 2523 1936 2571 ubi

157 2603 303 2652 suerit
335 2605 581 2669 sepultum
611 2622 709 2654 non
738 2606 974 2654 intellexi.
1014 2609 1072 2654 D.
1107 2607 1440 2655 Bernardinus
1480 2609 1725 2656 Gambara
1761 2607 1850 2655 fuit
1887 2607 1936 2654 in

158 2687 262 2750 eJus
283 2687 447 2737 locum
471 2690 718 2753 prefectus
743 2689 951 2738 ecclesie
976 2689 1298 2737 Caballicensi
1323 2705 1436 2738 cum
1465 2690 1796 2739 reservatione
1828 2690 1938 2737 sub-

157 2768 444 2820 diaconatus
474 2773 535 2821 ad
566 2776 728 2822 certos
759 2787 969 2832 menses,
1005 2788 1118 2821 cum
1148 2772 1424 2837 provisione
1456 2773 1721 2826 deeodem
1747 2772 1940 2821 subdia-

157 2857 352 2914 conatu,
383 2857 636 2905 mensibus
658 2856 940 2922 hujusmodi
966 2856 1161 2920 elapsis,
1189 2856 1239 2904 in
1269 2872 1533 2921 personam
1559 2860 1615 2905 D.
1645 2855 1939 2905 Bernardini

156 2938 401 2990 Gambare
420 2939 651 3004 junioris,
678 2941 871 3005 nepotis
898 2940 990 2989 sui.

223 3023 406 3070 Eadem
431 3024 526 3083 die,
564 3025 696 3074 circa
726 3025 903 3073 horam
932 3024 1218 3089 vigesimam
1248 3024 1477 3088 primam,
1511 3042 1738 3075 reversus
1769 3028 1842 3074 est
1878 3022 1940 3074 ad

156 3105 339 3154 Urbem
378 3110 544 3155 Rmus.
586 3111 644 3156 D.
680 3108 947 3157 cardinalis
978 3125 1016 3156 s.
1054 3108 1298 3168 Severini3
1324 3109 1520 3158 intravit
1551 3127 1639 3174 per
1664 3113 1856 3175 portam
1887 3110 1935 3157 b.

155 3186 312 3237 Marie
348 3187 407 3238 de
454 3192 656 3256 Populo,
692 3192 773 3256 qui
815 3208 966 3256 usque
1009 3193 1070 3240 ad
1109 3196 1310 3256 pontem
1351 3193 1570 3242 Milvium
1608 3193 1841 3258 equitavit
1886 3193 1935 3239 in

154 3271 411 3321 rocchetto
458 3280 505 3322 et
558 3276 826 3340 capuccino
856 3293 866 3335 ;
915 3276 1050 3324 circa
1095 3279 1295 3340 pontem
1339 3276 1616 3340 predictum
1662 3274 1932 3325 cardinalis

154 3351 512 3405 Alexandrinus
541 3359 674 3407 misit
703 3359 746 3407 ei
780 3359 972 3408 obviam
1004 3359 1241 3408 familiam
1274 3375 1412 3407 suam
1442 3376 1554 3408 cum
1585 3360 1813 3423 episcopo
1842 3358 1932 3404 Su·-

155 3434 303 3496 trino,
330 3439 413 3501 qui
436 3446 732 3506 receperunt
755 3459 866 3492 eum
899 3446 1039 3492 extra
1065 3446 1264 3507 pontem
1295 3443 1587 3505 predictum.
1621 3441 1785 3489 RRmi.
1817 3441 1917 3487 DD.
