2228 3938
256 316 325 352 292
863 311 1096 348 JOHANNIS
1129 311 1425 356 BURCHARDI,
1751 317 1915 356 [octobre
1937 321 2030 360 1503]

323 420 487 464 Rmus.
515 417 569 462 D.
593 413 847 462 cardinalis
870 415 1128 462 Perusinus
1164 415 1211 461 h.
1250 432 1272 462 c
1284 451 1893 464 ...............
1968 423 2026 467 22

349 495 352 497 ’
394 521 414 542 »
721 516 741 539 υ
867 498 1081 545 Estensis
1102 498 1152 546 h.
1179 515 1204 546 c
1213 535 1895 548 .................
1970 504 2029 550 30

394 604 415 624 »
720 600 740 623 »
867 582 1121 629 Cesarinus
1138 582 1188 629 h.
1212 598 1235 630 c
1247 619 1897 630 ................
1975 587 2030 632 19

392 686 413 707 »
722 683 742 706 »
871 665 930 711 de
954 666 1188 712 ‘Farnesio
1221 665 1268 712 h.
1299 681 1323 712 c
1333 702 1895 713 ..............
1972 670 2030 715 32

392 769 413 789 »
719 767 738 788 »
869 747 1108 795 Adrianus
1127 747 1177 795 h.
1211 763 1235 795 0
1245 785 1772 796 .............
1806 787 1814 818 .·
1849 787 1857 796 .
1891 787 1898 796 .
1973 752 2031 797 23

393 852 414 873 »
723 850 743 871 »
868 832 1115 878 Casanova
1137 830 1188 878 h.
1215 847 1240 879 c
1248 868 1897 879 ................
1973 835 2032 880 28

394 935 413 956 ‚,
726 936 744 954 »
872 930 909 960 s.
947 914 1139 977 Georgii
1169 914 1216 961 h.
1259 931 1283 963 c
1292 952 1898 963 ...............
1973 919 2031 963 27

393 1017 414 1039 »
721 1015 741 1037 »
869 979 1105 1044 Cohsmna
1130 997 1180 1044 h.
1218 1013 1242 1044 0
1250 1035 1555 1046 ........
1591 1041 1593 1043 .
1598 1035 1898 1045 ........
1974 1002 2026 1047 31

393 1101 414 1122 »
719 1074 752 1120 »’
868 1079 1102 1127 Ascanius
1132 1079 1182 1127 h.
1212 1096 1237 1127 c
1246 1118 1897 1130 ................
1975 1086 2035 1131 36

390 1185 410 1207 »
720 1182 741 1205 »
867 1164 1079 1212 Medices
1097 1164 1148 1211 h.
1179 1181 1203 1213 0
1210 1201 1898 1214 .................
1974 1170 2033 1215 26

394 1268 414 1290 »
718 1267 738 1288 »
871 1263 908 1293 s.
936 1247 1153 1295 Severini
1179 1248 1228 1295 h.
1260 1263 1285 1295 c
1293 1285 1899 1297 ...............
2007 1253 2034 1298 2

395 1351 417 1374 »
715 1349 736 1372 »
865 1330 924 1377 de
946 1331 1189 1394 Aragonia
1218 1331 1266 1378 h.
1301 1347 1324 1378 0
1334 1368 1900 1380 ..............
1975 1337 2035 1381 24

395 1434 416 1456 »
721 1431 743 1454 »
870 1412 929 1459 de
950 1412 1187 1461 Alibretto
1217 1413 1268 1460 h.
1298 1430 1323 1461 c
1332 1451 1899 1463 ..............
2007 1419 2034 1463 6

391 1517 413 1539 »
721 1516 742 1538 »
874 1495 1053 1559 Borgia
1085 1496 1135 1542 h.
1171 1513 1195 1544 c
1205 1533 1898 1546 .................
2007 1502 2035 1546 9

396 1602 415 1622 »
725 1599 744 1620 »
872 1578 1121 1626 Cornelius
1139 1578 1188 1624 h.
1219 1594 1243 1626 c
1253 1617 1900 1629 ................
1976 1585 2026 1629 21

396 1685 415 1706 »
722 1682 741 1704 »
873 1661 1434 1725 Constantinopolitanus
1468 1662 1519 1710 h.
1563 1679 1587 1710 c
1596 1701 1903 1712 ........
1976 1669 2036 1712 20

328 1745 612 1795 Cardinales
636 1745 861 1792 absentes
882 1760 890 1790 :

329 1834 620 1879 Sanctorum
673 1830 889 1884 Quatuor
931 1831 1304 1888 Coronatorum,
1353 1830 1629 1890 Gurcensis,
1678 1831 2034 1891 Maeloviensis‚

262 1912 660 1970 Cenomanensis,
693 1910 1058 1975 Strigoniensis‚
1085 1912 1403 1962 Brixinensis.

329 1997 534 2048 Cedulas
551 1994 740 2043 numeri
763 2010 1072 2042 camerarum
1092 2000 1138 2043 et
1158 1998 1316 2044 sortes
1335 1997 1464 2044 affixi
1485 1997 1629 2046 hodie
1650 2014 1811 2058 mane,
1837 1999 2038 2064 singulis

264 2083 488 2132 cameris.

330 2170 442 2216 Post
473 2164 844 2221 absolutionem,
883 2163 969 2210 suit.
997 2163 1312 2226 congregatio
1343 2163 1391 2210 in
1420 2164 1530 2212 aula
1558 2164 1840 2228 pontificum
1868 2166 1917 2213 in
1943 2182 2038 2230 qua

264 2253 457 2301 suerunt
490 2248 720 2297 conclusa,
750 2246 964 2309 capitula
995 2246 1041 2292 in
1073 2246 1287 2293 conclavi
1319 2247 1670 2295 subscribenda
1691 2251 1738 2295 et
1765 2248 2038 2297 ordinatum

266 2336 393 2400 quod
417 2333 492 2381 die
513 2331 680 2379 martis
697 2329 918 2394 proxima
938 2329 1186 2376 diceretur
1200 2329 1349 2377 missa
1363 2330 1420 2378 de
1441 2330 1625 2393 Spiritu
1642 2335 1808 2379 sancto
1825 2335 1872 2379 et
1887 2332 2040 2381 intra-

266 2423 403 2468 retur
424 2418 472 2464 in
495 2413 744 2471 conclave;
768 2415 815 2461 et
836 2412 964 2476 quod
988 2412 1036 2459 id
1059 2412 1204 2459 hodie
1228 2413 1556 2461 cardinalibus
1580 2417 1627 2461 et
1650 2414 1932 2462 custodibus
1954 2431 2042 2479 per

269 2517 490 2552 cursores
514 2498 823 2547 intimaretur
850 2512 935 2559 per
957 2496 1177 2544 cedulam
1203 2512 1346 2559 quam
1370 2496 1438 2544 eis
1464 2497 1593 2555 dedi,
1611 2497 1792 2545 tenoris
1814 2501 1866 2546 ut
1886 2498 2036 2547 infra:

337 2608 355 2627 «
390 2588 458 2632 De
487 2580 717 2630 mandato
746 2579 869 2627 sacri
905 2578 1095 2642 collegii
1120 2581 1411 2627 RRmorum.
1444 2582 1544 2627 DD.
1577 2580 1899 2627 cardinalium
1929 2581 2043 2629 inti-

270 2674 428 2717 metur
448 2664 639 2714 RRmis.
666 2665 765 2710 DD.
788 2661 1110 2709 cardinalibus
1133 2662 1263 2725 quod
1284 2662 1361 2710 die
1381 2662 1592 2710 crastina
1606 2663 1796 2722 martia
1817 2663 2042 2712 videlicet

271 2753 440 2800 ultima
460 2747 697 2814 presentis
729 2744 908 2793 mensis
937 2744 1171 2800 octobris,
1203 2748 1370 2792 Rmus.
1396 2745 1655 2793 cardinalis
1687 2745 2041 2793 Alexandrinus

269 2832 529 2883 celebrabit
550 2830 749 2879 missam
782 2828 1050 2889 solemnem
1076 2827 1134 2875 de
1162 2828 1347 2890 Spiritu
1371 2832 1536 2876 sancto
1561 2828 1607 2874 in
1631 2844 1669 2874 s.
1702 2830 1847 2874 Petro
1867 2830 1915 2875 et
1935 2843 2041 2876 ora-

268 2920 448 2967 tionem
468 2914 612 2964 faciet
633 2917 685 2960 R.
714 2915 770 2959 l).
796 2911 1054 2974 episcopus
1076 2910 1375 2958 Castrensis:
1400 2927 1495 2973 qua
1522 2910 1674 2968 finita,
1700 2909 2039 2972 processiona-

267 3002 378 3049 liter
394 2997 648 3047 intrabitur
666 2995 714 3041 in
733 2993 943 3041 conclavi
966 3008 1050 3056 pro
1073 2992 1307 3040 electione
1330 2992 1475 3040 futuri
1499 2991 1755 3055 pontificis.
1779 2991 2038 3040 Ordinatur

267 3082 529 3132 innomine
552 3076 762 3128 Domini.
790 3096 811 3119 »

337 3189 357 3211 «
392 3165 647 3214 Intimetur
682 3160 827 3208 etiam
860 3156 1058 3221 prelatis
1106 3163 1152 3205 et
1185 3155 1291 3205 aliis
1331 3157 1648 3220 infrascriptis
1688 3157 1818 3220 quod
1866 3158 2036 3206 eadem

268 3250 437 3298 ultima
465 3245 593 3312 [die]‚
625 3244 746 3292 hora
771 3240 1020 3304 vigesima,
1047 3240 1195 3288 velint
1222 3255 1326 3288 esse
1349 3255 1511 3289 coram
1533 3240 1723 3288 RRmis.
1753 3242 1851 3288 DD.
1884 3242 2038 3289 cardi-

266 3333 455 3381 nalibus
481 3331 529 3378 in
558 3325 772 3377 conclavi
803 3324 861 3373 ad
893 3321 1186 3370 audiendum
1218 3339 1310 3386 que
1332 3322 1392 3371 ad
1412 3322 1679 3372 custodiam
1710 3321 1948 3371 conclavis
1970 3321 2038 3369 eis

265 3414 647 3464 committentium
