2228 3938
232 348 301 383 308
837 342 1067 378 JOHANNIS
1102 342 1397 387 BURCHARDI,
1679 345 1890 384 [Novembre
1914 350 1989 382 1503

305 470 325 492 «
357 448 610 496 Intimetur
637 446 766 508 quod
798 447 880 493 SS.
917 449 979 493 D.
1019 449 1202 505 noster,
1238 447 1483 495 dominica
1518 450 1748 510 crastina,
1783 466 1875 512 que
1913 452 2008 498 erit

236 537 295 580 26
335 530 573 595 presentis
610 528 807 586 mensiS,
849 528 1169 577 associabitur
1197 530 1245 576 in
1277 531 1442 593 cappis
1472 547 1499 578 a
1530 547 1725 580 camera
1763 532 2009 596 Papagalli

159 647 163 651 ,
236 632 387 678 usque
413 614 473 662 ad
494 612 732 676 capellam
757 629 794 658 s.
819 611 1010 658 Andree
1036 615 1083 659 et
1107 613 1331 675 Gregorii
1359 613 1457 671 ubi,
1490 614 1618 662 facta
1645 616 1898 663 Sanctitati
1925 631 2009 663 sue

236 697 528 751 reverentia,
557 696 858 758 recipientur
879 697 1166 756 paramenta
1188 694 1237 742 in
1263 696 1435 758 quibus
1464 698 1898 760 processionaliter
1926 698 2015 746 ibit

239 781 300 829 ad
317 781 471 828 altare
488 779 644 841 majus
660 777 857 825 basilico
881 794 918 823 s.
942 776 1069 823 Petri
1087 778 1135 825 in
1151 793 1245 840 quo
1263 779 1503 827 Sanctitas
1518 797 1602 828 sua
1621 781 1886 828 celebrabit
1902 781 2015 828 mis-

240 880 374 913 sam:
414 879 509 926 qua
538 861 691 920 finita,
729 860 767 907 si
802 862 990 923 tempus
1021 860 1115 907 erit
1143 861 1430 923 pluviosam,
1467 863 1513 909 iu
1537 864 1677 923 solio,
1705 863 1742 927 si
1765 879 2011 922 serenum,

242 954 391 1012 supra
412 947 573 994 locum
597 944 845 1008 publicum
873 943 1063 1006 publice
1094 943 1446 993 benedictionis
1467 946 1785 994 coronabitur
1809 949 1856 994 et
1883 946 2018 993 dabit

248 1029 601 1093 indulgentiam
626 1027 919 1075 delictorum
947 1026 1216 1073 solemnem
1245 1031 1292 1075 et
1321 1028 1562 1091 plenarias
1588 1029 1934 1093 indulgentias.
1960 1049 1982 1072 »

309 1113 396 1161 Die
427 1111 689 1169 dominica,
725 1113 783 1157 26
810 1108 1100 1167 novembris,
1135 1109 1220 1157 fuit
1252 1110 1354 1157 dies
1385 1127 1573 1159 serena.
1620 1114 1704 1160 SS.
1742 1114 1797 1159 D.
1833 1115 2017 1170 noster,

244 1201 461 1262 portatus
488 1196 535 1242 iu
561 1209 758 1242 camera
781 1192 1044 1256 Papagalli,
1070 1208 1207 1240 more
1227 1193 1387 1252 solito,
1417 1194 1611 1258 pluviali
1634 1196 1784 1243 rubeo
1811 1198 1859 1243 et
1880 1195 2023 1242 mitra

245 1280 481 1345 preciosa,
509 1276 956 1341 processionaliter,
986 1292 1083 1324 non
1110 1276 1338 1340 imposito
1368 1277 1588 1337 incenso,
1621 1278 1669 1325 in
1705 1279 1819 1326 sede
1851 1277 2024 1326 sedens

247 1365 336 1411 sub
361 1361 666 1417 baldachino,
696 1358 947 1407 descendit
969 1359 1029 1406 ad
1055 1359 1307 1407 basilicam
1335 1378 1371 1408 s.
1403 1361 1555 1408 Petri:
1589 1361 1676 1409 sub
1705 1362 1829 1409 ostio
1855 1360 2029 1425 palatii·

248 1446 436 1509 recepit
472 1444 748 1500 canonicos,
792 1442 1109 1490 beneficiatos
1149 1446 1196 1490 et
1227 1443 1432 1491 clericos
1473 1461 1510 1489 s.
1547 1444 1674 1491 Petri
1709 1444 1769 1491 ad
1803 1444 2025 1492 osculum

249 1529 386 1593 pedis
407 1547 417 1586 3
442 1527 596 1575 oravit
622 1529 732 1589 post
760 1525 1011 1573 introitum
1038 1525 1241 1573 ecclesie
1268 1530 1314 1573 et
1342 1526 1391 1573 in
1420 1527 1605 1589 capella
1633 1545 1672 1574 s.
1706 1527 1948 1591 Gregorii,
1980 1529 2028 1575 et

253 1612 417 1660 omnia
442 1611 566 1658 sacta
588 1611 697 1656 sunt
721 1611 772 1656 ut
795 1608 843 1654 in
864 1607 1051 1655 cedula.
1082 1608 1268 1655 Primus
1294 1625 1468 1671 aquam
1497 1610 1718 1657 manibus
1744 1612 1870 1673 Papo
1893 1609 2028 1657 dedit

255 1699 418 1744 orator
438 1696 672 1750 Venetus,
688 1691 925 1740 secundus
942 1694 997 1738 D.
1021 1691 1079 1739 de
1099 1693 1264 1750 Trans,
1280 1696 1442 1740 orator
1469 1693 1632 1741 Gallus
1652 1709 1661 1748 ;
1684 1692 1870 1752 tertius,
1890 1694 2034 1739 Fran-

257 1779 413 1827 ciscus
439 1778 497 1824 de
516 1779 696 1832 Monte,
723 1778 889 1822 orator
911 1773 1037 1837 regis
1072 1777 1426 1833 Romanorum3
1452 1778 1671 1838 quartus,
1701 1775 1796 1822 dux
1823 1775 2034 1823 Urbina-

257 1861 424 1909 tensis.
463 1859 757 1907 Assistentes
791 1857 1062 1904 cardinales
1087 1857 1431 1920 Neapolitanus
1457 1858 1776 1922 evangelium,
1802 1857 2035 1905 Columna

267 1943 523 2007 epistolam
546 1942 793 1998 dixerunt,
822 1940 1067 1987 Johannes
1084 1940 1141 1987 de
1164 1941 1367 2002 Burgos,
1387 1940 1468 2003 qui
1491 1941 1621 1989 solus
1647 1940 1892 1998 interfuit;
1922 1955 2035 2003 gre-

260 2042 370 2075 cum
393 2023 694 2087 evangelium
710 2022 1058 2085 Argyropolus,
1086 2021 1341 2084 epistolam
1363 2023 1639 2070 Demetrius
1662 2023 1742 2085 qui
1764 2023 1908 2070 etiam
1925 2037 2035 2084 por-

262 2109 377 2157 tavit
410 2122 604 2155 crucem
638 2108 796 2168 Pape;
838 2104 1103 2167 precedens
1138 2104 1462 2152 subdiaconus
1497 2105 1791 2168 apostolicus
1828 2104 2037 2152 debebat

263 2195 457 2256 portare
504 2189 683 2236 librum
724 2187 1086 2250 evangeliorum
1132 2189 1258 2249 Pape
1286 2203 1294 2234 :
1339 2191 1656 2235 occurrerunt
1695 2186 2034 2251 Legionensis‚

265 2274 507 2322 Adrianus
530 2275 577 2319 et
599 2271 865 2318 Casanova.
896 2272 1026 2332 Papa
1050 2272 1162 2316 ante
1195 2269 1348 2316 altare
1374 2285 1471 2317 non
1503 2270 1653 2317 oravit
1681 2274 1728 2317 et
1758 2269 1911 2327 bene3
1940 2272 2041 2316 tres

269 2356 517 2405 orationes
564 2367 710 2417 super
758 2355 939 2415 Papam
985 2351 1213 2399 dixerunt
1264 2352 1631 2410 Recanatensis,
1686 2350 2037 2407 Ulixbonensis‚

270 2438 631 2503 Neapolitanus.
685 2438 740 2483 D.
785 2434 1153 2482 Bartholomeus
1200 2434 1289 2481 fuit
1333 2435 1554 2483 videlicet
1597 2435 1726 2482 ultra
1768 2433 2044 2481 nominatos

271 2525 496 2586 receptus
522 2521 571 2568 in
596 2519 903 2567 assistentem
925 2535 934 2577 ;
962 2518 1057 2565 alia
1080 2533 1218 2566 more
1244 2517 1405 2565 solito.
1433 2521 1553 2566 Data
1573 2517 1910 2582 benedictione
1938 2517 2049 2579 post

274 2607 492 2664 missam,
520 2607 651 2667 Papa
670 2602 794 2651 venit
833 2601 893 2649 ad
917 2601 1076 2648 locum
1108 2600 1299 2664 publice
1324 2601 1678 2670 benedictionis
1712 2600 1790 2648 ubi
1822 2601 2045 2663 paratum

275 2690 362 2737 suit
380 2688 618 2752 pulpitum
644 2701 790 2749 super
812 2684 940 2748 quod
966 2683 1185 2732 ascendit
1211 2684 1341 2731 solus
1366 2687 1494 2748 Papa
1517 2685 1564 2731 in
1586 2684 1698 2731 sede
1723 2683 1805 2731 illa
1825 2698 1918 2745 qua
1941 2698 2052 2745 por-

279 2773 472 2821 tabatur
498 2787 609 2819 cum
631 2769 966 2832 Neapolitano,
994 2784 1031 2815 s.
1051 2768 1264 2831 Georgii,
1289 2768 1522 2816 Columna
1544 2771 1590 2815 et
1610 2767 1821 2814 Medices
1843 2768 1891 2812 et
1912 2764 2050 2812 nobis

280 2855 669 2905 ceremoniarum
691 2853 939 2917 magistris
966 2855 1013 2899 et
1037 2852 1353 2900 servientibus
1379 2855 1426 2899 et
1450 2848 1793 2914 paralrenariis
1816 2846 1984 2911 paucis
2005 2847 2053 2892 et

281 2941 370 2988 suit
396 2941 673 2988 coronatus.
701 2940 823 2984 Data
844 2936 1133 2994 reverentia,
1159 2940 1206 2983 et
1227 2936 1345 2983 alias
1365 2936 1511 2998 prout
1537 2933 1585 2980 in
1618 2931 1802 2990 cedula,
1834 2932 1880 2977 et
1898 2929 2052 2991 impo-

283 3025 375 3072 sita
403 3023 491 3071 sibi
523 3036 704 3070 corona
731 3036 817 3083 per
843 3018 1140 3066 cardinalem
1169 3035 1206 3065 s,
1238 3017 1453 3081 Georgii,
1476 3018 1647 3081 sonata
1668 3014 1790 3061 hora
1822 3011 2056 3075 vigesima

284 3107 516 3164 secunda,
546 3103 678 3152 dedit
702 3103 970 3150 solemnem
995 3101 1388 3149 benedictionem
1419 3102 1467 3147 et
1499 3097 1769 3162 plenariam
1797 3095 2053 3158 indulgen-

284 3191 415 3247 tiam,
458 3192 505 3236 et
535 3188 624 3235 fuit
654 3186 916 3234 coronatus
946 3199 1100 3246 reguo
1136 3183 1343 3246 pulchro
1379 3196 1489 3230 cum
1521 3196 1615 3243 quo
1645 3178 1793 3227 rediit
1825 3179 1885 3226 ad
1919 3177 2056 3225 Pala-

287 3273 434 3331 tium3
469 3275 516 3319 et
548 3272 887 3319 remanserunt
916 3282 1027 3314 eum
1057 3282 1113 3312 eo
1145 3266 1204 3313 ad
1238 3265 1498 3328 prandium
1529 3262 1798 3310 cardinales
1839 3265 2056 3309 Recana-

290 3356 454 3415 tensis,
481 3371 518 3402 s.
542 3352 734 3416 Georgii
759 3355 805 3399 et
827 3364 917 3414 ego
939 3363 1049 3397 cum
1081 3348 1282 3396 secretis
1310 3345 1632 3395 cubiculariis
1666 3345 1872 3393 Prandio
1906 3344 2053 3403 factO,

289 3437 614 3486 convenerunt
637 3438 861 3484 cantores
883 3431 1067 3497 capelle
1094 3436 1140 3481 et
1168 3434 1478 3481 cantaverunt
1499 3435 1609 3478 ante
1639 3443 1884 3478 cameram
1908 3429 2055 3490 Pape,
