2228 3938
308 362 376 398 142
915 360 1150 397 JOHANNIS
1183 359 1480 405 BURCHARDI,
1869 361 1964 401 [Juiu
1986 362 2081 405 15011

308 463 389 522 sis,
434 465 564 526 Papa
597 464 858 525 presente3
898 477 1175 510 sermonem
1210 463 1324 509 fecit
1363 461 1557 525 quidam
1597 459 1881 508 Franciscus
1917 461 2090 511 Galari-

308 551 467 604 tanus,
497 544 612 594 dicti
637 544 761 592 Rmi.
791 547 848 592 D.
878 544 1139 593 cardinalis
1164 544 1566 608 consanguineus,
1587 543 1884 607 Interrogavi
1912 546 2091 609 Papam

310 633 422 677 ante
447 627 647 676 missam
669 628 729 676 de
753 626 830 675 via
850 631 896 675 et
916 627 1041 675 hora
1058 644 1145 691 pro
1170 628 1294 677 festo
1316 625 1642 691 processionis
1667 625 1888 690 corporis
1912 627 2086 676 Christi

314 711 601 760 officialibus
632 710 929 770 intimandiS,
962 710 1043 774 qui
1075 711 1193 759 mihi
1226 710 1345 759 dixit
1379 711 1439 759 de
1473 710 1595 758 hora
1631 709 1838 770 decima,
1880 715 1928 758 et
1961 711 2091 773 quod

312 795 526 843 dicerem
561 793 883 842 cardinalibus
909 794 1039 857 quod
1070 798 1302 842 ornarent
1333 809 1468 842 more
1501 793 1640 842 solito
1675 796 1872 841 stratam
1897 793 2086 857 pannis,

308 877 382 925 via
415 880 552 926 recta
574 892 727 940 usque
762 877 822 925 ad
854 876 1131 940 oppositum
1163 876 1333 924 domus
1362 876 1620 925 cardinalis
1655 893 1694 923 s.
1734 875 2014 936 Clementis,
2043 881 2091 924 et

310 976 396 1025 per
430 963 757 1008 transversum
794 960 854 1008 ad
890 975 1015 1019 eam,
1055 964 1103 1008 et
1135 960 1245 1008 inde
1281 961 1410 1008 circa
1441 959 1581 1011 Viam
1609 963 1824 1008 sanctam
1856 974 2008 1022 usque
2033 959 2094 1008 ad

310 1043 561 1092 basilicam
597 1061 636 1092 s.
675 1043 822 1104 Petri,
859 1043 988 1107 quod
1019 1046 1067 1092 et
1098 1043 1209 1092 feci.
1249 1045 1423 1092 Omnia
1455 1043 1504 1090 in
1531 1044 1623 1092 hac
1654 1043 1807 1091 missa
1837 1041 2092 1091 observata

309 1131 416 1175 sunt
437 1143 572 1176 more
595 1127 753 1175 solito.

377 1210 557 1259 Eadem
583 1210 842 1271 dominica,
865 1211 1049 1260 dictum
1068 1211 1155 1259 fuit
1178 1227 1266 1275 per
1288 1211 1468 1260 Urbem
1489 1225 1659 1275 pacem
1681 1225 1789 1259 esse
1811 1209 2090 1259 conclusam

314 1293 443 1342 inter
472 1310 642 1358 regem
663 1297 961 1343 Francorum
987 1300 1034 1343 et
1057 1311 1223 1359 regem
1249 1294 1590 1359 Hispaniarum
1618 1298 1664 1342 et
1689 1294 1818 1358 quod
1849 1291 1954 1357 regi
1981 1292 2092 1341 His-

315 1377 571 1440 paniarum
596 1377 796 1426 deberet
819 1379 995 1427 cedere
1021 1378 1287 1427 dominium
1314 1377 1530 1426 Calabrie
1559 1381 1606 1425 et
1634 1377 1805 1441 Apulie
1839 1393 1896 1425 ac
1927 1375 2092 1424 civita-

316 1462 417 1507 tum
436 1459 844 1519 Florentinorum,
864 1461 1173 1509 Januentium
1193 1459 1272 1527 (1),
1297 1464 1388 1509 etc.
1402 1498 1432 1507 ..

379 1543 520 1590 Feria
555 1542 713 1603 tertia,
757 1547 785 1591 8
822 1544 1003 1592 mensis
1031 1544 1154 1607 junii
1191 1544 1412 1607 predicti,
1456 1544 1677 1592 intimata
1713 1542 1804 1590 fuit
1841 1542 2091 1606 processio

316 1623 602 1673 officialibus
639 1625 928 1674 cancellarie
964 1630 1012 1674 et
1042 1625 1143 1673 aliis
1179 1642 1267 1689 per
1298 1641 1525 1674 cursores
1561 1629 1609 1673 et
1637 1625 1835 1673 cedulas
1868 1624 2089 1688 ejusdem

309 1707 489 1755 tenoris
513 1712 658 1772 prout
687 1725 813 1758 anno
844 1709 1074 1774 preterito
1099 1724 1191 1772 que
1221 1709 1463 1758 habentur
1494 1708 1641 1773 supra
1672 1706 1885 1772 folio(2).
1920 1706 2089 1756 Socius

313 1807 451 1839 meus
488 1791 659 1840 habuit
691 1808 857 1840 curam
894 1792 1215 1842 distribuendi
1253 1792 1378 1841 viam
1419 1791 1742 1840 cardinalibus
1787 1805 1872 1854 per
1910 1805 2089 1838 cannas

311 1875 482 1937 pannis
505 1876 791 1923 ornandam.

379 1958 520 2006 Feria
544 1963 728 2022 quarta,
758 1962 785 2006 9
813 1958 955 2022 junii,
991 1958 1148 2021 vigilia
1181 1959 1398 2023 corporis
1432 1959 1622 2019 Christi,
1660 1959 1856 2006 fuerunt
1886 1973 2089 2021 vespere

311 2041 509 2105 papales
542 2041 591 2088 in
621 2041 809 2105 capella
836 2042 1025 2106 majore
1054 2042 1238 2105 palatii,
1276 2044 1406 2105 Papa
1432 2045 1675 2105 presente,
1711 2046 1759 2090 et
1789 2038 1954 2089 omnia
1980 2044 2088 2088 acta

310 2130 418 2173 sunt
442 2141 581 2174 more
608 2125 767 2174 solito.
793 2126 922 2173 Jovis
949 2125 1213 2189 sequentis,
1248 2129 1304 2174 10
1328 2125 1462 2190 junii,
1491 2125 1613 2173 festo
1637 2124 1859 2189 corporis
1890 2123 2086 2182 Christi,

356 2276 393 2311 1.
425 2273 453 2310 Il
471 2273 568 2310 avait
585 2275 641 2310 ete
661 2272 788 2310 decide
808 2276 909 2310 entre
930 2272 983 2309 les
1005 2272 1077 2310 rois
1099 2272 1143 2309 de
1162 2273 1298 2310 France
1318 2277 1354 2310 et
1373 2272 1581 2321 d’Espagne
1601 2285 1672 2322 que
1691 2285 1731 2310 ce
1749 2273 1855 2311 traite
1875 2275 1920 2311 de
1936 2279 2089 2324 partage

307 2332 550 2370 (lemeurerait
576 2337 692 2370 secret
705 2333 856 2381 jusqu'a
876 2344 916 2369 ce
947 2344 1018 2380 que
1037 2332 1182 2369 l’armee
1209 2344 1279 2381 que
1305 2332 1416 2369 Louis
1436 2332 1504 2368 ΧΠ
1525 2332 1700 2370 destinait
1719 2335 1740 2369 a
1761 2336 1852 2370 cette
1879 2334 2088 2383 expedition

307 2393 360 2430 sat
383 2392 520 2430 arrivee
539 2395 561 2429 a
574 2393 707 2430 Rome.
735 2392 791 2428 On
811 2404 856 2428 ne
876 2403 1035 2439 manqua
1056 2403 1122 2440 pas
1142 2391 1188 2428 de
1210 2395 1292 2440 part
1314 2394 1349 2428 et
1368 2391 1522 2437 d'autre,
1542 2403 1634 2440 pour
1654 2391 1842 2441 expliquer
1861 2404 1902 2429 ce
1922 2397 2088 2442 partage,

308 2452 353 2488 de
371 2456 500 2489 mettre
523 2463 568 2488 en
588 2455 696 2489 avant
717 2451 876 2488 l'interet
894 2451 940 2488 de
960 2451 995 2488 la
1020 2451 1219 2488 chretiente
1246 2456 1282 2488 et
1307 2451 1342 2487 la
1366 2450 1568 2499 protection
1588 2452 1634 2488 de
1656 2451 1784 2489 l’Italie
1811 2455 1934 2489 contre
1960 2451 2013 2489 les
2032 2457 2087 2490 at-

310 2515 440 2558 taques
474 2511 539 2548 des
568 2511 696 2548 Turcs.
717 2511 766 2547 Ce
782 2510 890 2548 traite
920 2523 967 2552 ne
985 2511 1098 2547 laissa
1116 2523 1183 2559 pas
1205 2511 1395 2558 sl'effrayer
1413 2511 1447 2546 le
1463 2522 1557 2559 pape
1575 2510 1639 2559 qui
1660 2510 1840 2559 craignait
1858 2511 1946 2559 qu'il
1966 2523 2011 2548 ne
2036 2512 2090 2548 fut

311 2581 356 2606 en
373 2569 495 2607 realite
514 2569 630 2619 dirige
647 2574 771 2607 contre
790 2570 853 2607 lui.
875 2570 969 2619 Voy.
993 2569 1251 2615 Guieciardini,
1271 2570 1332 2607 liv.
1364 2570 1392 2607 V
1416 2581 1425 2607 ε
1443 2585 1461 2604 «
1557 2570 1696 2615 Questa
1715 2570 1867 2607 mattina
1885 2569 1910 2606 il
1932 2571 2033 2619 Papa
2051 2571 2089 2607 in

308 2629 526 2666 consistorio
546 2631 594 2666 ha
612 2630 796 2678 publicato
817 2641 916 2666 esser
936 2630 1030 2666 facta
1049 2629 1158 2678 legha
1177 2629 1270 2666 infra
1291 2628 1317 2665 il
1337 2630 1392 2666 Re
1412 2629 1738 2675 Christianissimo‚
1761 2629 1846 2678 quel
1863 2629 2091 2679 d’Hispagna

309 2693 344 2726 61
373 2690 417 2727 S.
445 2689 623 2735 Sanctita,
645 2690 867 2726 affermando
887 2701 1009 2726 essere
1030 2701 1094 2738 per
1122 2694 1248 2727 contro
1267 2689 1301 2726 al
1318 2689 1461 2726 Turcho
1481 2693 1518 2726 et
1537 2689 1583 2726 ad
1603 2689 1719 2726 salute
1738 2693 1774 2726 61
1797 2688 1968 2726 benefitio
1994 2688 2089 2726 della

309 2747 559 2794 Christianita,
582 2754 618 2786 et
641 2761 707 2798 per
725 2749 760 2787 la
788 2748 944 2797 impresa
970 2748 1009 2785 di*
1033 2749 1161 2797 Napoli
1192 2753 1227 2786 et
1258 2748 1343 2786 utile
1370 2748 1524 2796 d'Italia,
1548 2748 1710 2786 ornando
1735 2747 1770 2784 la
1795 2759 1906 2785 causa
1933 2759 1999 2784 sua
2018 2760 2083 2784 con

308 2806 523 2855 ringratiare
543 2807 611 2845 Dio
631 2809 698 2845 6116
718 2809 788 2844 due
809 2807 915 2845 cotali
934 2820 973 2845 re
994 2807 1025 2845 si
1045 2808 1148 2846 sieno
1175 2808 1319 2845 excitati
1338 2812 1374 2846 et
1394 2807 1555 2845 habbino
1579 2807 1703 2845 voluto
1723 2807 1764 2843 S.
1786 2805 1892 2843 Senta
1922 2818 1990 2844 con
2010 2805 2086 2843 loro

309 2865 345 2902 in
366 2870 494 2915 questa
513 2867 817 2916 conjunctione...
837 2872 872 2905 et
891 2868 1097 2905 cerchando
1115 2867 1138 2904 it
1155 2867 1294 2915 judicio
1317 2867 1375 2904 dei
1397 2867 1579 2905 Cardinali
1600 2866 1825 2916 singulatim,
1841 2865 1932 2904 tucti
1951 2865 2086 2903 dixono

308 2936 410 2962 come
430 2925 480 2963 lui
501 2931 537 2964 et
556 2927 665 2964 etiam
692 2927 812 2975 quello
834 2927 871 2963 di
891 2926 1020 2975 Napoli
1038 2928 1105 2964 che
1125 2927 1162 2964 fu
1182 2927 1206 2963 il
1226 2927 1386 2975 primo‚..
1406 2928 1488 2966 Non
1501 2928 1535 2964 si
1554 2928 1640 2964 vede
1659 2929 1718 2964 nel
1745 2929 1849 2975 Papa
1873 2928 1984 2964 molta
2001 2937 2086 2963 con-

306 2987 477 3031 tentezza,
500 2999 544 3023 en
561 2998 686 3024 manco
706 2989 859 3024 neisuoi
878 2988 1042 3023 continui
1053 2988 1220 3034 proximi
1245 2990 1278 3023 et
1291 2987 1411 3033 fidati.
1431 2988 1476 3022 Ec
1496 2987 1556 3023 del
1574 2987 1743 3023 continuo
1768 2989 1810 3032 fa
1824 2987 2034 3035 provisioni
2052 2989 2084 3022 el

307 3044 335 3080 il
348 3056 448 3081 nome
469 3047 487 3081 ἑ
501 3057 572 3092 per
587 3047 623 3083 Za
639 3058 708 3083 saa
724 3057 885 3093 persona
902 3049 935 3082 et
952 3046 1120 3082 custodia
1134 3047 1338 3093 propria...
1362 3057 1407 3082 ex
1430 3045 1540 3091 Urbe,
1563 3045 1619 3082 die
1638 3045 1710 3083 VIJ
1728 3046 1748 3083 J
1753 3045 1827 3082 unii
1846 3046 1949 3083 MDI.
1970 3045 2085 3081 Fran-

309 3101 429 3139 ciscus
447 3104 492 3140 de
513 3104 640 3153 Pepis,
656 3106 794 3150 doctor,
814 3109 946 3142 orator.
965 3119 983 3138 »
1000 3105 1112 3153 (Clas.
1136 3105 1183 3150 X,
1203 3104 1288 3143 dist.
1311 3106 1346 3150 4,
1367 3104 1448 3142 filza
1465 3106 1524 3150 65,
1547 3117 1569 3142 a
1584 3117 1616 3141 c.
1637 3105 1736 3153 270.)
1753 3119 1823 3142 «...
1842 3105 1873 3141 11
1891 3106 1996 3152 Papa
2015 3103 2084 3140 ad-

308 3162 412 3198 tende
433 3164 483 3198 ad
501 3165 704 3210 fortificare
723 3166 751 3200 il
772 3165 924 3201 Castello
944 3170 1078 3211 quanto
1099 3167 1190 3211 pud,
1213 3169 1244 3201 et
1271 3166 1376 3210 infra
1400 3166 1475 3201 dua
1496 3176 1514 3200 ο
1535 3169 1587 3201 tre
1607 3165 1648 3200 (ἰί
1667 3166 1820 3200 mec-tera
1840 3165 1930 3200 tacti
1948 3174 1966 3199 e
1985 3174 2086 3199 man·

310 3221 421 3257 teneti
441 3223 490 3258 ad
523 3223 554 3258 le
584 3224 715 3268 difese,
745 3227 778 3258 ct
803 3224 911 3258 Ιιαυυί
935 3225 1045 3259 tirato
1073 3225 1269 3270 artiyleria
1291 3225 1361 3270 pist.
1389 3235 1460 3259 non
1485 3226 1602 3260 viera
1630 3235 1643 3259 .·
1666 3227 1699 3259 et
1724 3223 1823 3259 chosi
1851 3223 2010 3259 anchora
2037 3221 2086 3258 ml

310 3280 415 3323 furia
435 3281 533 3325 facto
556 3282 637 3326 fare
663 3283 776 3328 pallo,
798 3286 832 3317 ct
853 3282 930 3317 hier
948 3293 1030 3318 sera
1054 3283 1178 3318 l’alcra
1199 3284 1274 3327 fece
1292 3284 1373 3327 fare
1394 3283 1430 3318 la
1447 3286 1582 3318 mostra
1601 3282 1698 3318 della
1722 3293 1791 3318 sua
1810 3283 1996 3328 ,qhuardia
2017 3281 2084 3317 che

312 3349 385 3375 non
406 3341 426 3376 6
446 3341 576 3388 pocha,
600 3345 636 3378 et
655 3340 742 3389 ogni
762 3351 849 3377 cosa
869 3351 936 3376 sua
956 3341 1060 3376 tende
1081 3341 1130 3377 ad
1149 3342 1448 3378 dimonstratione
1471 3342 1511 3378 di
1532 3351 1701 3388 paura...
1727 3352 1772 3378 ex
1804 3340 1912 3387 Urbe,
1935 3340 1993 3377 die
2012 3339 2084 3376 ΧΠ

313 3396 411 3433 Junii
431 3399 534 3438 MDI.
550 3400 591 3437 F.
614 3401 659 3438 de
682 3398 807 3448 Pepis,
823 3399 962 3437 doctor.
985 3399 1162 3437 Orator».
1180 3400 1249 3447 (1(1.
1273 3412 1293 3437 a
1310 3412 1346 3437 c.
1371 3400 1471 3448 276.)

361 3459 396 3493 2.
425 3458 517 3508 Voy.
540 3460 830 3508 precedemment
854 3470 950 3507 page
974 3460 1034 3496 61.
