2228 3938
186 391 458 433 [Janvier1502]
636 391 806 429 RERUM
839 387 1143 429 URBANARUM
1176 385 1529 424 COMMENTARII.
1898 388 1965 423 187

187 494 488 557 pontificatu,
523 494 686 543 omnia
719 493 1048 555 divinaatque
1078 492 1294 539 humana
1309 491 1422 555 jura
1447 489 1663 538 funditus
1688 490 1965 538 everteret?

185 578 481 627 Subveniant
518 579 716 627 tandem
745 574 1205 641 principes.labenti
1239 574 1484 638 religioni,
1523 572 1794 621 naviculam
1832 573 1962 621 Petri

187 661 504 714 fluctuantem
538 678 596 710 ex
618 661 780 709 media
804 662 1092 724 tempestate
1124 659 1172 706 in
1201 662 1398 722 portum
1431 657 1704 705 restituant.
1742 657 1966 706 Reddant

187 747 402 793 Romane
439 745 547 794 urbi
573 744 814 809 justitiam
843 747 891 792 et
920 743 1348 807 tranquillitatem3
1382 741 1554 790 tollant
1581 757 1606 789 e
1639 740 1802 789 medio
1829 756 1964 789 com-

185 844 383 878 munem
417 832 605 893 pestem
639 829 687 876 in
716 828 862 891 hujus
892 826 1163 891 reipublice
1186 825 1394 891 {exitium
1432 827 1597 873 natam
1629 828 1676 873 et
1699 825 1747 872 in
1778 840 1835 872 ea
1860 824 1965 888 pri-

184 927 318 959 mum
337 913 398 960 ad
421 911 695 976 exemplum
719 913 951 970 statuant,
978 913 1030 957 ut
1054 909 1167 957 boni
1195 909 1242 956 in
1267 911 1521 972 posterum
1546 907 1708 971 quiete
1733 907 1893 956 vivere
1917 911 1963 956 et

185 995 283 1041 suis
315 994 523 1044 fortunis
547 1011 717 1043 secure
745 995 837 1042 frui
862 994 1069 1058 possint.

253 1099 275 1121 «
314 1081 416 1126 Hec
447 1078 592 1142 igitur
628 1079 808 1137 omnia,
854 1077 997 1143 Sylvi,
1039 1093 1131 1140 que
1172 1077 1426 1141 plusquam
1461 1074 1718 1124 verissima
1754 1077 1883 1133 sunt,
1914 1075 1962 1121 in

183 1162 413 1210 orationis
437 1162 644 1210 formam
669 1163 883 1225 redacta,
909 1161 958 1209 in
994 1161 1190 1226 publico
1222 1160 1501 1225 principum
1538 1162 1797 1218 conventu,
1827 1158 1899 1207 vel
1925 1159 1963 1205 si

180 1244 273 1293 hoc
309 1261 407 1293 non
441 1245 654 1307 licuerit,
686 1246 736 1294 in
766 1246 928 1310 aliqua
955 1245 1162 1294 solemni
1192 1245 1455 1293 missarum
1487 1243 1786 1302 ceremonia,
1818 1258 1964 1306 quam

181 1329 389 1377 maxime
416 1329 610 1378 sublimi
626 1330 812 1394 poteris
835 1345 953 1379 voce
972 1329 1338 1394 pronunciabis,
1366 1329 1543 1376 deinde
1560 1327 1785 1392 pluribus
1806 1341 1967 1374 exem-

180 1412 274 1476 plis
305 1414 605 1477 transcripta
627 1414 848 1463 omnibus
877 1414 1181 1478 principibus
1206 1414 1415 1478 legenda
1445 1412 1582 1461 dabis
1604 1415 1651 1460 et
1681 1410 1964 1459 absentibus

181 1487 381 1561 regibus
406 1498 729 1546 transmittes.
757 1499 896 1559 Vale,
925 1498 1045 1547 etin
1076 1499 1172 1547 hoc
1210 1498 1400 1562 agendo
1442 1495 1726 1544 memineris
1766 1499 1812 1543 te
1849 1510 1965 1542 nos-

185 1583 314 1628 trum
349 1585 398 1629 et
440 1585 713 1630 Romanum
754 1599 877 1631 esse.
919 1585 1104 1631 Iterum
1140 1582 1263 1630 vale.
1303 1584 1481 1630 Datum
1511 1579 1734 1637 Tarenti,
1774 1594 1833 1627 ex
1862 1593 1965 1625 cas-

183 1663 274 1710 tris
300 1664 452 1728 regiis
480 1666 558 1713 die
579 1668 666 1715 XV
686 1666 965 1714 novembris
994 1670 1109 1714 1501
1141 1665 1220 1730 (1).
1251 1685 1272 1708 »

252 1747 524 1807 Dominica,
551 1752 578 1804 2
599 1749 831 1812 januarii,
859 1749 906 1796 in
933 1749 1098 1813 platea
1121 1766 1160 1797 s.
1190 1749 1320 1797 Petri
1348 1765 1440 1812 que
1472 1748 1562 1796 fuit
1583 1749 1644 1796 ab
1668 1747 1801 1796 omni
1826 1749 1964 1811 parte

183 1831 402 1880 trabibus
428 1835 476 1881 et
498 1832 608 1880 aliis
628 1832 772 1897 lignis
793 1834 1023 1882 conclusa
1044 1834 1104 1882 ab
1120 1833 1297 1898 angulo
1323 1834 1497 1881 domus
1519 1829 1776 1881 custodum
1798 1831 1963 1896 palatii

184 1930 334 1978 usque
356 1915 418 1963 ad
443 1915 627 1964 fontem
652 1932 831 1965 novum
859 1922 907 1965 et
935 1917 1047 1965 inde
1076 1921 1410 1965 transversum
1436 1932 1589 1981 usque
1616 1917 1677 1964 ad
1711 1917 1960 1973 tabernas,

184 1997 380 2046 suerunt
405 1997 553 2046 occisi
581 2001 690 2046 octo
711 1999 840 2046 tauri
867 2002 914 2047 et
935 2016 1059 2047 unus
1090 2000 1308 2058 bufalus;
1341 1999 1690 2063 superfuerunt
1721 2014 1845 2046 unus
1874 1997 1965 2045 bu-

182 2081 305 2129 salus
322 2084 370 2129 et
391 2085 602 2145 quatuor
626 2083 755 2130 tauri
779 2083 861 2146 qui
885 2083 1085 2132 fuerunt
1108 2087 1312 2148 propter
1326 2084 1754 2148 supervenientem
1770 2086 1966 2131 noctem

183 2165 232 2212 in
254 2165 382 2213 diem
405 2170 690 2230 sequentem
720 2169 976 2228 reservati,
1006 2171 1055 2216 et
1082 2169 1161 2216 die
1192 2169 1306 2216 lune
1339 2169 1581 2232 sequenti,
1610 2168 1792 2216 ibidem
1820 2167 1970 2216 inter-

184 2248 315 2308 fecti,
346 2265 484 2297 more
507 2253 842 2300 Romanorum
864 2268 976 2300 cum
998 2268 1178 2316 magno
1202 2253 1326 2300 festo
1351 2255 1400 2301 et
1418 2252 1686 2315 triumpho.

247 2334 390 2382 Feria
405 2339 595 2397 quarta,
625 2339 652 2383 5
669 2337 905 2400 januarii,
930 2337 1094 2402 vigilia
1111 2337 1370 2401 epiphanie
1394 2336 1606 2395 Domini,
1642 2335 1837 2383 fuerunt
1861 2350 1968 2382 ves-

182 2433 301 2481 pere
343 2418 392 2465 in
426 2419 615 2482 capella
647 2421 852 2484 majore,
895 2423 1026 2485 Papa
1064 2426 1317 2485 presente3
1358 2425 1406 2470 et
1440 2421 1517 2469 die
1553 2421 1676 2485 Jovis
1713 2424 1965 2483 sequente,

182 2501 305 2548 festo
346 2501 624 2564 epiphanie,
675 2507 702 2551 6
745 2504 983 2566 januarii,
1035 2506 1185 2553 missa
1230 2506 1462 2554 solemnis
1510 2521 1657 2568 quam
1705 2504 1969 2553 celebravit

184 2587 347 2631 Rmus.
386 2587 442 2632 D.
478 2586 740 2634 cardinalis
775 2589 1160 2637 Beneventanus.
1195 2592 1299 2637 Non
1335 2590 1424 2641 fuit
1456 2605 1618 2641 sermo
1651 2590 1710 2637 de
1737 2588 1968 2636 mandato

185 2669 314 2731 Pape
355 2673 559 2732 propter
601 2685 853 2718 recessum
896 2672 1092 2719 domine
1130 2673 1354 2720 Lucretie
1385 2689 1497 2720 cum
1542 2672 1969 2720 conservatoribus

185 2765 382 2798 camere
411 2752 570 2800 Urbis.
600 2754 825 2801 Interfuit
860 2755 997 2818 prior
1028 2760 1176 2818 caput
1207 2757 1468 2819 regionum
1503 2771 1648 2818 quem
1680 2771 1780 2802 non
1804 2755 1967 2818 expuli

185 2833 244 2881 de
270 2834 460 2898 capella
481 2851 572 2899 pro
594 2851 653 2884 ea
674 2838 796 2896 vice,
826 2839 909 2885 sed
936 2839 1033 2886 dixi
1067 2839 1109 2886 ei
1134 2840 1264 2902 quod
1288 2839 1383 2887 alia
1406 2839 1508 2887 vice
1532 2855 1631 2887 non
1653 2839 1857 2887 rediret.
1888 2840 1970 2886 Se-

184 2920 345 2976 nator,
366 2934 395 2966 a
411 2919 490 2966 die
507 2935 546 2966 s.
567 2920 801 2983 Stephani
827 2921 1057 2970 inclusive
1080 2923 1221 2982 citra,
1245 2923 1414 2971 habuit
1429 2923 1594 2971 locum
1611 2928 1722 2987 *post
1746 2925 1803 2970 D.
1821 2922 1970 2986 Sigis-

186 3001 422 3048 mundum
441 3004 711 3062 Estensem,
727 3008 774 3052 et
790 3009 1159 3054 conservatores
1176 3010 1287 3070 post
1304 3010 1360 3055 D.
1374 3007 1630 3055 Nicolaum
1646 3006 1706 3053 de
1725 3005 1964 3069 Corrigia.

253 3085 370 3131 Heri
396 3101 525 3144 sero,
563 3089 615 3134 ut
646 3087 879 3146 intellexi,
922 3091 1053 3153 Papa
1083 3091 1360 3138 numeravit
1385 3091 1433 3138 in
1469 3091 1679 3154 pecunia
1714 3091 1971 3136 numerata

189 3168 286 3215 DD.
316 3168 625 3217 Ferdinando
657 3174 706 3218 et
743 3171 1071 3235 Sigismundo‚
1118 3174 1353 3222 fratribus
1392 3174 1573 3238 sponsi,
1602 3176 1799 3222 centum
1822 3172 1976 3219 millia

213 3394 220 3400 .
238 3339 270 3373 1.
293 3337 394 3376 Cette
414 3339 533 3383 lettre,
550 3341 603 3379 dit
623 3342 870 3390 Gregorovius
886 3358 905 3378 «
921 3348 940 3381 e
956 3357 1002 3381 un
1014 3346 1232 3383 documento
1252 3346 1436 3383 autentico
1450 3345 1544 3382 dello
1564 3349 1660 3383 stato
1681 3344 1717 3380 di
1739 3345 1855 3380 Roma
1875 3347 1972 3380 sotto

147 3419 150 3422 «
188 3406 222 3430 ai
243 3394 396 3445 Borgia;
417 3402 463 3436 ne
483 3400 588 3437 alcun
614 3402 705 3439 altro
733 3404 859 3440 scritto
891 3405 1089 3453 tratteggia
1110 3405 1243 3454 meglio
1264 3405 1299 3442 la
1319 3406 1471 3454 iniquita
1490 3405 1526 3441 di
1547 3404 1667 3452 quella
1683 3408 1806 3451 gente,
1836 3403 1869 3438 la
1889 3403 1966 3440 loro

191 3455 338 3504 politica
356 3469 489 3495 oscena
507 3460 600 3496 nelle
620 3473 704 3499 cose
718 3463 848 3510 grandi
862 3476 881 3500 e
901 3464 995 3500 nelle
1015 3465 1164 3513 piccole,
1186 3465 1211 3501 il
1229 3470 1365 3502 terrore
1391 3466 1457 3501 che
1476 3464 1669 3501 dominavit
1693 3463 1727 3499 la
1750 3462 1843 3499 Citta
1862 3462 1970 3511 piena

189 3515 247 3554 dei
266 3514 340 3553 loro
363 3516 468 3555 sicari
489 3530 508 3553 e
527 3519 619 3557 delle
640 3521 714 3557 loro
729 3522 819 3572 spie.
841 3538 858 3555 »
881 3524 1004 3562 storia
1020 3525 1228 3564 azmorna...
1250 3530 1278 3562 t.
1301 3525 1379 3568 Vll,
1397 3536 1433 3574 p.
1455 3525 1543 3561 552-
