2228 3938
211 389 296 429 [Mai
319 391 413 430 130¹]
655 387 823 424 RERUM
856 385 1157 423 URBANARUM
1191 385 1542 423 COMMENTAHH.
1925 389 1991 424 133

208 490 524 538 cancellarius
548 489 706 548 Urbis,
726 488 859 553 prior
880 488 1090 552 capitum
1112 488 1384 551 regiOnum,
1409 505 1517 551 ego,
1543 489 1770 537 Camillus
1793 489 1989 538 Benim-

211 572 870 633 bene,assessorsenatoris,
893 573 1102 620 Jacohus
1124 573 1183 620 de
1205 573 1411 631 Amelio,
1437 573 1635 636 quidam
1656 573 1795 631 alius,
1822 573 1872 621 in
1893 573 1990 622 fine

215 662 313 705 tres
335 661 723 706 conservatores.
750 655 1010 703 Prandium
1038 655 1126 703 fuit
1149 656 1267 704 satis
1291 656 1463 704 feriale
1494 661 1542 704 et
1570 656 1673 704 sine
1703 656 1832 705 bono
1859 657 1986 705 vino.

213 742 327 789 Post
348 740 607 804 prandium
633 739 721 788 fuit
745 739 950 787 recitata
974 739 1183 802 quedam
1212 739 1437 787 comedia
1457 739 1504 787 in
1530 739 1666 788 curia
1690 740 1857 803 palatii
1879 756 1990 803 pre-

211 824 344 884 dicti,
382 824 429 871 in
466 827 598 871 tanta
630 823 794 887 populi
828 838 1077 886 pressura,
1110 824 1239 886 quod
1276 823 1505 887 [propter]
1544 823 1724 870 malum
1766 823 1989 871 ordinem

211 923 355 955 nemo
383 910 572 971 poterat
596 906 757 955 videre
786 906 926 955 bene.
960 908 1066 954 Non
1095 905 1293 954 fuerunt
1325 910 1511 955 servata
1536 906 1644 954 loca
1677 906 1887 954 invitatis
1917 907 1990 955 vel

211 991 470 1051 nobilibus,
510 991 595 1039 sed
629 990 792 1038 omnia
824 990 873 1037 in
899 990 1126 1050 confuso;
1158 995 1418 1054 propterea
1446 989 1658 1049 recessi3
1696 989 1863 1038 nescio
1894 1006 1989 1053 quo

211 1075 353 1122 modo
376 1089 457 1121 res
478 1073 678 1121 ulterius
699 1076 809 1122 acta
829 1073 988 1123 fuerit.

276 1158 631 1221 Feriaquarta,
671 1161 698 1206 5
724 1157 906 1205 mensis
935 1157 1068 1216 maii,
1106 1156 1328 1221 predicta
1360 1156 1408 1203 in
1439 1156 1646 1205 ecclesia
1670 1157 1717 1204 b.
1747 1156 1896 1204 Marie
1931 1158 1990 1204 de

212 1243 394 1307 Populo
415 1242 579 1290 habite
603 1244 714 1289 sunt
739 1241 942 1305 exequie
963 1241 1089 1290 bone
1115 1240 1354 1289 memorie
1377 1240 1636 1287 cardinalis
1662 1256 1700 1288 s.
1729 1241 1991 1288 Clementis

210 1342 329 1390 quas
349 1325 459 1374 heri
482 1325 695 1372 intimari
718 1324 808 1372 feci
828 1340 915 1388 per
936 1325 1159 1373 cedulam
1181 1324 1460 1373 cursoribus
1484 1326 1610 1387 Pape
1631 1324 1810 1383 datam,
1829 1324 1993 1388 hujus-

210 1409 339 1457 modi
361 1409 542 1457 tenoris
563 1425 572 1456 :
1904 1419 1907 1421 ’

280 1512 302 1535 «
324 1492 580 1539 Intimetur
610 1508 668 1540 ex
698 1496 838 1555 parte
869 1495 1164 1541 RRmorum.
1195 1494 1294 1539 DD.
1332 1490 1651 1538 cardinalium
1685 1490 1991 1554 Neapolitani

211 1579 259 1623 et
280 1576 511 1639 Capuani,
537 1580 584 1623 et
603 1575 808 1623 aliorum
835 1579 1152 1623 executorum
1176 1574 1451 1624 testamenti
1473 1573 1599 1621 boue
1622 1573 1860 1621 memorie
1879 1589 1990 1620 car-

209 1658 382 1706 dinalis
423 1675 462 1705 s.
504 1659 788 1717 Clementis,
833 1658 1034 1722 singulis
1076 1661 1177 1706 DD.
1220 1657 1546 1705 cardinalibus
1581 1673 1637 1705 ac
1680 1657 1857 1704 familie
1901 1658 1986 1705 SS.

204 1743 268 1789 D.
299 1743 355 1789 N.
381 1744 527 1805 Pape‚
552 1742 829 1790 oratoribus
852 1757 1026 1805 regum
1051 1746 1098 1790 et
1126 1741 1400 1805 principum
1423 1756 1479 1789 ac
1509 1740 1706 1804 prelatis
1735 1755 1990 1788 romanam

213 1824 396 1871 curiam
427 1825 740 1887 sequentibus
774 1831 818 1872 et
851 1825 1151 1874 auditoribus
1179 1829 1305 1884 rote,
1336 1825 1485 1887 quod,
1527 1824 1737 1872 crastina
1769 1824 1865 1883 die,
1897 1839 1989 1886 que

214 1907 307 1975 erit
338 1908 587 1967 mercurii,
616 1912 642 1956 5
672 1908 818 1971 hujus
846 1909 1027 1956 mensis
1055 1908 1189 1966 maii,
1219 1908 1351 1956 circa
1376 1907 1551 1955 horam
1582 1907 1866 1970 vigesimam
1891 1907 1990 1970 pri-

210 2005 357 2048 mam,
388 1990 505 2038 fient
527 1991 729 2054 exequie
746 1991 859 2039 dicti
881 1991 1009 2039 Rmi.
1035 1994 1090 2039 D.
1116 1991 1370 2040 cardinalis
1391 2008 1430 2039 s.
1456 1991 1734 2049 Clementis,
1762 1990 1808 2038 in
1831 1990 1990 2039 eccle-

203 2066 284 2125 sia
319 2073 366 2121 b.
411 2073 564 2121 Marie
605 2074 663 2122 de
686 2074 904 2138 Populo,
950 2078 1116 2123 Rmus,
1162 2078 1220 2123 D.
1264 2075 1518 2123 cardinalis
1559 2077 1811 2139 Capuanus
1847 2074 1989 2123 faciet

208 2156 420 2205 officium
444 2162 493 2205 et
512 2157 658 2207 trater
681 2161 853 2206 Petrus
874 2159 1134 2222 HispanuS‚
1159 2160 1453 2208 orationem.
1482 2179 1503 2202 »

275 2243 494 2289 Castrum
514 2241 698 2290 doloris
721 2243 931 2305 positum
953 2243 1038 2290 fuit
1059 2243 1120 2291 ad
1140 2226 1716 2301 locumconvenientem,
1740 2242 1871 2290 circa
1890 2257 1990 2289 me-

200 2324 343 2372 :dium
371 2324 607 2385 ecclesie3
645 2325 734 2374 suit
766 2326 966 2389 longum
1000 2327 1273 2390 palmorum
1309 2327 1507 2392 triginta
1541 2331 1762 2390 quatuor,
1794 2325 1987 2389 largum

208 2407 373 2471 viginti
393 2409 506 2468 duo,
531 2409 680 2457 altum
701 2410 974 2473 palmorum
998 2412 1230 2460 tredecim
1255 2414 1302 2459 et
1324 2426 1471 2474 supra
1491 2411 1741 2459 columnas
1763 2409 1988 2457 similiter

207 2490 462 2538 tredecim.
486 2492 591 2539 Fuit
611 2493 733 2540 bene
751 2493 1056 2557 dispositum,
1080 2494 1165 2543 sed
1187 2495 1407 2543 strictum
1430 2510 1440 2553 ;
1465 2510 1561 2542 non
1583 2493 1742 2558 potuit
1763 2492 1985 2556 ampliari

208 2578 403 2636 propter
417 2574 675 2623 ecclesiam
697 2594 706 2633 3
730 2575 903 2624 lectica
923 2577 1018 2624 alta
1031 2578 1304 2640 palmorum
1324 2578 1550 2640 quinque,
1568 2577 1717 2639 longa
1735 2591 1835 2635 sex,
1853 2576 1989 2639 larga

210 2660 336 2703 octo.
366 2655 532 2705 Posita
555 2656 749 2706 suerunt
778 2674 920 2722 super
937 2664 1102 2722 portas
1132 2659 1336 2708 ecclesie
1364 2659 1596 2707 intortitia
1623 2674 1732 2716 sex3
1759 2658 1846 2705 sub
1868 2673 1986 2721 quo-

199 2739 325 2788 'libet
354 2755 485 2800 arcu,
517 2756 720 2805 quorum
752 2747 862 2789 sunt
883 2746 1088 2805 quatuor
1109 2759 1137 2790 a
1163 2743 1380 2806 quolibet
1405 2742 1557 2790 latere
1578 2742 1801 2801 ecclesie,
1828 2741 1986 2805 posita

207 2823 399 2870 fuerunt
420 2823 655 2871 intortitia
682 2841 791 2884 sex;
825 2826 913 2872 sub
936 2827 1143 2874 arcubus
1164 2826 1303 2890 juxta
1330 2826 1482 2874 altare
1509 2826 1682 2889 majuS‚
1717 2825 1982 2882 hincinde,

210 2907 298 2954 sub
315 2907 530 2969 quolibet
553 2908 800 2957 intorticia
821 2915 931 2958 octo
955 2926 964 2968 3
990 2922 1085 2958 non
1109 2911 1300 2959 fuerunt
1324 2924 1556 2969 accensa3
1584 2914 1630 2957 et
1655 2915 1789 2957 retro
1812 2908 1980 2966 altare,

210 2990 295 3038 sub
317 3006 452 3050 arcu,
476 2992 722 3040 intorticia
751 3009 922 3041 novem
944 3010 952 3049 3
981 2996 1116 3058 juxta
1145 2999 1358 3043 castrum
1381 2995 1565 3043 doloris
1591 2992 1849 3041 duodecim
1872 2991 1984 3038 hinc

211 3077 258 3120 et
296 3073 496 3120 totidem
535 3074 691 3132 illinc3
730 3075 787 3123 de
832 3077 1008 3139 quibus
1042 3078 1268 3126 omnibus
1302 3084 1348 3127 et
1384 3078 1488 3125 aliis
1523 3075 1840 3139 infrascriptis
1877 3073 1984 3121 dedi

208 3155 428 3203 cedulam
447 3157 798 3206 distributionis
818 3175 947 3207 cere.

280 3238 414 3286 Ultra
433 3240 667 3289 intortitia
688 3243 977 3305 supradicta,
1004 3260 1209 3292 numero
1233 3279 1832 3294 ................
1906 3254 1985 3285 cui

269 3322 422 3383 Supra
451 3326 667 3376 castrum
689 3324 867 3373 doloris
978 3364 986 3373 .
1018 3342 1035 3374 .’
1063 3363 1790 3377 ..................
1794 3342 1829 3368 ’.
1938 3337 1983 3367 lx

271 3405 311 3450 A
336 3404 494 3466 capite
516 3411 563 3453 et
583 3407 644 3454 ad
667 3409 816 3470 pedes
841 3411 982 3458 castri
1015 3445 1827 3460 ....................
1951 3420 1980 3450 ιι

274 3488 368 3533 Pro
403 3487 643 3549 sepultura
671 3490 884 3538 defuncti
909 3528 1824 3541 ........................
1951 3503 1958 3532 ¹
1973 3503 1980 3531 1
