2202 3918
114 404 338 446 [Mffl'81505]
566 405 735 441 RERUM
769 402 1074 442 URBANARUM
1108 399 1458 438 COMMENTARII.
1835 398 1902 433 381

118 507 363 570 prefectus
396 523 424 555 a
456 507 640 555 dextris
674 511 722 556 et
762 507 990 571 princeps
1027 503 1357 553 Salernitanus
1394 518 1420 549 a
1455 500 1687 559 sinistris;
1726 514 1904 562 aquam

119 589 283 638 nescio
316 590 420 653 quis
458 590 610 650 dedit,
648 590 763 654 quia
791 589 994 639 recessi.
1032 587 1300 636 Cardinalis
1327 584 1609 650 Agrigensis
1644 582 1906 631 celebravit

118 670 319 719 missam
369 672 642 735 publicam;
692 672 924 720 diaconus
971 670 1159 734 capelle
1199 670 1318 718 dixit
1366 668 1651 717 Passionem
1691 667 1739 714 in
1782 681 1903 714 voce

121 755 418 818 evangelica,
450 761 499 804 et
529 755 624 803 duo
660 759 886 803 cantores
924 755 974 802 in
1011 755 1119 802 aliis
1155 754 1350 802 vocibus
1377 753 1584 812 duabus,
1612 751 1694 814 qui
1723 751 1772 798 in
1796 749 1905 813 plu-

122 836 251 883 ribus
277 837 398 886 locis
422 838 495 887 bis
517 840 830 887 cantaverunt
854 840 1001 902 prout
1019 837 1069 884 in
1095 837 1191 884 fine
1212 835 1473 885 Alexandri
1498 834 1606 882 fieri
1629 832 1901 889 consuevit3

118 918 298 968 fratres
320 919 564 968 minorum
588 925 851 970 conventus
875 920 1220 984 Apostolorum
1242 918 1303 984 (1)
1333 919 1576 967 donarunt
1603 920 1732 980 Pape
1759 931 1908 963 unam
1982 957 1992 966 .

122 1003 338 1065 palmam
363 1020 610 1068 magnam,
634 1004 851 1069 longam,
879 1004 1081 1068 pulchre
1105 1003 1374 1052 laboratam
1394 1017 1506 1050 cum
1531 1001 1678 1049 armis
1708 1003 1832 1063 Pape
1861 1001 1910 1046 et

121 1086 229 1133 aliis
254 1088 566 1148 ornamentiS,
595 1104 707 1137 cum
729 1088 854 1152 pede
881 1088 1044 1151 ligneo
1076 1103 1224 1151 super
1247 1102 1341 1150 quo
1364 1085 1524 1150 posita
1546 1084 1637 1132 suit
1658 1084 1707 1130 in
1729 1082 1907 1146 angulo

116 1169 256 1232 juxta
277 1185 471 1219 murum
497 1187 643 1235 super
662 1171 817 1219 altare
845 1171 895 1218 in
928 1187 1083 1219 cornu
1117 1169 1377 1235 evangelii;
1415 1183 1563 1232 quam
1593 1168 1642 1214 in
1674 1166 1908 1214 distribu-

122 1252 254 1300 tione
284 1255 414 1318 Papa
445 1256 640 1305 donavit
678 1255 835 1320 primo
866 1255 928 1320 (2)
975 1254 1154 1303 oratori
1193 1254 1322 1318 regis
1367 1251 1586 1300 Polonie.
1625 1250 1734 1298 Alia
1769 1265 1909 1296 more

123 1337 284 1385 solito.

188 1421 421 1469 Mercurii
443 1422 614 1481 sancti,
651 1425 707 1470 19
735 1423 924 1482 martis,
961 1423 1096 1471 circa
1122 1423 1297 1471 horam
1330 1419 1634 1486 vigesimam,
1663 1418 1724 1466 ad
1748 1420 1908 1465 matu-

129 1503 279 1552 tinam
301 1506 634 1565 tenebrarum,
661 1508 793 1570 Papa
818 1507 950 1555 venit
972 1507 1021 1554 in
1053 1522 1209 1570 cappa
1236 1507 1296 1554 de
1320 1504 1632 1554 ciambelloto
1654 1502 1904 1566 pedester;

126 1587 526 1653 archiepiscopus
556 1589 826 1638 Nucerinus
865 1583 1096 1638 assistens
1135 1590 1347 1654 portavit
1380 1587 1599 1635 fimbrias
1637 1585 1779 1633 simul
1815 1583 1911 1632 col-

125 1670 304 1731 lectas;
329 1675 460 1736 Papa
484 1673 602 1721 dixit
620 1674 894 1722 orationem
918 1673 1119 1737 Respice
1142 1674 1191 1721 in
1209 1673 1323 1721 fine.
1351 1673 1458 1720 Alia
1479 1686 1618 1718 more
1646 1669 1807 1717 solito.

193 1755 323 1803 lovis
356 1754 528 1815 sancti,
562 1760 623 1805 20
659 1757 844 1816 martii,
878 1760 1044 1805 Rmus.
1082 1760 1140 1805 D.
1176 1756 1508 1805 Salernitanus
1545 1753 1745 1801 missam
1781 1752 1911 1799 cele-

129 1836 283 1886 bravit
316 1839 604 1899 solemnem,
638 1843 767 1904 Papa
798 1844 1042 1904 presente.
1071 1843 1174 1897 Qua
1206 1840 1360 1899 finita,
1402 1841 1534 1902 Papa
1565 1836 1726 1901 posuit
1755 1851 1912 1883 sacra-

130 1926 349 1969 mentum
393 1923 453 1970 ad
498 1939 702 1987 parvam
746 1924 987 1988 capellam
1026 1922 1481 1987 processionaliter,
1528 1921 1609 1968 ubi
1651 1920 1782 1967 facta
1822 1918 1911 1966 sibi

130 2005 420 2065 reverentia,
455 2008 514 2054 D.
552 2007 841 2055 Franciscus
873 2009 1186 2057 Guastaferro
1222 2007 1548 2056 subdiaconus
1577 2003 1697 2068 legit
1731 2002 1912 2050 bullam

133 2088 456 2137 anathematis
500 2089 669 2150 latine,
717 2094 766 2139 et
812 2092 1071 2140 cardinalis
1116 2092 1174 2140 de
1216 2090 1462 2155 Aragonia
1497 2088 1682 2153 vulgari
1727 2087 1908 2150 lingua.

133 2173 264 2235 Papa
298 2172 431 2221 dedit
469 2173 820 2239 indulgentiam
862 2176 1134 2239 plenariam
1172 2191 1318 2239 quam
1352 2172 1616 2239 publicavit
1649 2169 1914 2219 cardinalis

134 2253 380 2303 Columna
404 2255 554 2306 latine
577 2263 623 2305 et
645 2258 794 2306 credo
826 2259 1040 2308 Medices
1074 2260 1123 2307 in
1155 2258 1364 2324 vulgari;
1392 2261 1508 2305 tunc
1541 2258 1671 2318 Papa
1695 2252 1917 2301 ascendit

134 2338 327 2386 tertiam
348 2340 538 2399 aulam,
552 2341 819 2405 antiquam,
849 2342 1165 2401 ordinariam,
1190 2342 1239 2389 in
1262 2356 1356 2404 qua
1375 2339 1489 2387 lavit
1508 2338 1656 2404 pedes
1682 2336 1919 2385 tredecim

135 2422 452 2484 pauperibus,
477 2439 617 2473 more
643 2425 803 2485 solito,
833 2430 877 2472 et
903 2431 1067 2474 orator
1089 2425 1398 2474 Florentinus
1413 2422 1547 2470 dedit
1572 2437 1747 2485 aquam
1770 2419 1924 2467 mani-

138 2502 227 2551 bus
252 2504 368 2552 suis.
406 2507 459 2552 ln
485 2522 593 2554 sero
634 2507 834 2556 fuerunt
866 2509 1102 2556 matutine
1132 2509 1444 2557 tenebrarum
1466 2506 1517 2553 in
1552 2505 1758 2569 capella,
1796 2505 1927 2566 Papa

140 2587 364 2647 absente;
390 2590 648 2638 cardinalis
674 2607 712 2638 s.
742 2592 938 2656 Georgii
963 2592 1083 2640 dixit
1104 2593 1281 2655 respice
1305 2591 1354 2638 in
1374 2591 1472 2637 fine
1497 2589 1742 2637 matutini.

206 2671 412 2720 Veneris
436 2674 610 2732 sancti,
654 2677 708 2721 21
746 2675 926 2733 martii,
958 2676 1042 2723 SS.
1077 2678 1133 2722 D.
1165 2679 1332 2723 noster
1361 2672 1491 2720 venit
1517 2671 1578 2720 ad
1609 2656 1850 2734 capellam
1875 2670 1923 2718 in

143 2754 392 2818 cappa'de
421 2756 666 2815 scarlatto,
704 2760 752 2805 et
784 2757 928 2805 mitra
971 2747 1346 2822 simplicissima.
1388 2753 1659 2804 Cardinalis
1694 2770 1732 2801 s.
1760 2754 1926 2802 Crucis

143 2838 257 2886 fecit
281 2839 512 2900 osticium,
542 2845 590 2890 et
611 2842 680 2890 illi
699 2845 800 2891 tres
825 2843 906 2906 qui
933 2842 1162 2890 dixerunt
1197 2839 1442 2889 dominica
1478 2837 1713 2901 preterita
1737 2837 1930 2885 Passio-

143 2939 275 2971 nem.
317 2924 599 2973 Orationem
639 2926 752 2975 fecit
792 2927 989 2990 quidam
1028 2926 1264 2990 magister
1294 2923 1420 2973 sacri
1457 2921 1623 2986 palatii
1655 2921 1852 2985 longam
1884 2924 1932 2968 et

145 3006 398 3055 tediosam.
424 3010 556 3072 Papa
580 3009 757 3057 obtulit
789 3010 851 3058 ad
877 3025 1093 3069 crucem,
1133 3013 1184 3057 ut
1206 3006 1424 3056 intellexi
1458 3009 1506 3054 et
1533 3004 1698 3062 credo,
1727 3004 1932 3067 quinde-

148 3088 242 3136 cim
266 3089 467 3139 ducatos
490 3092 540 3139 in
561 3107 679 3141 auro
699 3097 747 3142 et
772 3093 997 3142 carlenos
1021 3109 1188 3153 novos,
1212 3097 1260 3141 et
1283 3091 1397 3155 quia
1430 3105 1528 3137 non
1562 3094 1670 3137 erat
1707 3088 1928 3146 sacrista,

147 3171 440 3237 interrogavi
473 3175 513 3223 si
536 3176 769 3225 deberem
798 3177 1014 3225 dividere
1044 3177 1171 3225 inter
1205 3175 1531 3224 subdiaconos
1566 3177 1611 3220 et
1642 3187 1731 3219 nos
1770 3176 1932 3235 partes

151 3255 377 3316 sacriste3
402 3260 657 3323 respondit
681 3261 810 3324 quod
834 3261 1064 3309 daremus
1100 3263 1294 3324 partem
1330 3255 1631 3307 Balthasarri
1669 3256 1749 3318 qui
1788 3255 1932 3303 servit

201 3406 238 3444 1.
261 3405 358 3443 Tene
378 3411 435 3445 est
459 3407 494 3444 ia
516 3397 620 3455 12‘9011
646 3409 695 3447 du
722 3410 842 3459 effigi,
868 3409 897 3448 f.
931 3409 999 3446 172
1019 3414 1054 3447 et
1078 3408 1127 3445 du
1152 3408 1246 3445 5163
1274 3407 1298 3447 f.
1334 3407 1414 3450 122,
1435 3417 1468 3442 v.
1495 3415 1503 3440 :
1526 3403 1558 3439 le
1586 3412 1677 3438 mss.
1703 3402 1781 3447 152,
1805 3402 1835 3442 f.
1865 3404 1931 3440 169

151 3465 273 3503 donne
292 3478 300 3503 :
327 3481 346 3500 «
361 3467 507 3504 Fratres
518 3469 710 3514 minorum,
732 3474 935 3507 conventus
946 3468 1202 3516 Apostolorum
1218 3467 1295 3505 sive
1311 3467 1355 3503 de
1368 3467 1483 3502 Domo
1493 3462 1652 3507 Granda,
1669 3462 1895 3501 donarunt...
1910 3477 1929 3497 »

200 3527 236 3564 2.
266 3540 286 3560 α
308 3526 478 3564 Secundo
498 3542 518 3562 »
540 3539 630 3566 mss.
654 3530 735 3566 152.
