2248 3892
240 318 276 342 ιν
761 293 1074 338 SUPPLEMENT
1106 301 1138 336 A
1168 299 1490 336 L'APPENDICE.

240 408 372 450 tionis
388 407 612 455 instantia,
639 404 718 446 sed
735 405 790 445 ab
811 407 962 444 nostra
980 415 1102 445 mera
1115 403 1376 445 liberalitate
1400 407 1442 445 et
1460 415 1513 444 ex
1532 406 1650 444 certa
1664 407 1814 445 nostra
1830 404 2010 445 scientia

243 479 386 515 tecum
414 473 459 513 in
481 472 838 523 quibuscumque
861 469 1118 519 Ducatibus,
1138 470 1441 521 Comitatibus,
1463 470 1677 520 Baroniis,
1703 470 2011 520 Censualibus,

242 539 421 587 Castris,
445 537 604 586 Terris,
635 536 757 576 Villis
787 538 828 576 et
854 535 961 576 locis
1001 535 1187 587 aliisque
1210 536 1340 577 bonis
1365 535 1570 577 omnibus
1602 535 1814 588 genitoris
1839 539 1882 576 et
1910 536 2014 576 alio-

243 617 341 646 rum
365 605 615 655 parentum,
638 604 904 655 agnatorum
919 603 962 641 et
976 604 1280 654 cognatorum,
1298 601 1728 653 consanguineorum
1750 603 1794 641 et
1814 600 2015 642 affinium

245 681 443 718 suorum,
469 668 602 709 etiam
634 667 801 708 eisdem
824 666 1037 719 genitoris
1058 667 1366 718 parentibus...
1391 666 1675 708 succedere...
1702 666 1798 708 sine
1820 666 1911 707 ulla
1934 666 2014 706 dif—

244 734 426 776 ferentia
445 733 627 785 perinde
643 744 693 774 ac
717 732 753 773 si
772 732 1035 784 precedente
1057 732 1253 785 legitimo
1282 733 1575 782 matrimonio,
1598 731 1720 773 nullo
1740 732 1856 773 inter
1886 732 2015 786 geni-

245 804 384 842 torem
403 802 446 840 et
468 799 726 853 genitricem
753 798 973 850 predictos
1006 798 1275 839 subsistente
1311 798 1518 839 canonico
1562 796 1877 849 impedimento
1911 797 2018 850 legi-

244 866 347 907 time
374 866 596 906 contracto
621 876 675 906 ex
712 863 992 905 matrimonio
1017 863 1275 916 hujUsmodi
1305 866 1561 916 procreatus
1587 862 1721 912 fores,
1758 862 2019 904 auctoritate

243 930 499 982 apostolica,
526 932 678 971 tenore
699 929 989 981 presentium,
1011 928 1066 970 de
1087 929 1264 981 speciali
1285 929 1399 970 dono
1422 930 1563 983 gratie
1594 929 1944 981 despensamus3
1970 940 2020 969 ac

244 1001 287 1038 te
308 999 350 1037 et
365 996 546 1038 eosdem
560 995 808 1049 genitorem
823 997 866 1037 et
882 995 1139 1048 genitricem
1157 997 1343 1048 agnatos
1359 998 1401 1036 et
1420 997 1649 1048 cognatos,
1665 994 2021 1047 consanguineos

245 1065 288 1104 et
312 1061 482 1112 affines,
505 1073 603 1103 vere
627 1063 670 1103 et
691 1061 811 1102 omni
833 1060 1007 1102 fictione
1027 1063 1227 1103 cessente
1252 1060 1400 1112 quoad
1434 1071 1589 1102 omnes
1608 1060 1890 1112 plenissimos
1906 1059 2021 1114 juris

247 1127 495 1169 communis
525 1130 568 1169 et
589 1127 868 1179 municipalis
901 1126 1324 1178 concessionumque
1354 1125 1666 1177 predictarum,
1689 1137 1740 1167 ac
1764 1125 1873 1167 alios
1891 1137 2023 1178 quos-

249 1206 438 1247 cumque
461 1193 719 1246 plenissime
737 1192 920 1235 effectus
942 1191 1055 1242 fore3
1079 1194 1121 1233 et
1146 1194 1189 1232 te
1204 1190 1257 1232 de
1287 1192 1524 1244 agnatione
1544 1191 1759 1244 genitoris
1783 1194 1826 1232 et
1857 1190 2023 1231 familia

249 1260 303 1302 de
333 1260 465 1314 Borja
497 1270 597 1301 esse
632 1259 802 1300 censeri
837 1261 880 1300 et
906 1257 1124 1299 nominari
1157 1269 1207 1298 ac
1235 1258 1463 1299 nobilitate
1497 1268 1669 1299 necnon
1700 1257 1951 1310 insignibus
1981 1259 2023 1297 et

248 1326 382 1367 armis
406 1337 456 1366 ac
479 1324 735 1378 privilegiis,
760 1323 1120 1365 concessionibus
1141 1325 1184 1364 et
1204 1322 1386 1363 indultis
1406 1322 1571 1374 quibus
1594 1321 1792 1375 legitime
1808 1321 1947 1375 geniti
1968 1321 2023 1363 de

245 1390 410 1432 familia
429 1389 625 1442 predicta
647 1391 846 1437 utuntur,
865 1389 1097 1441 potiuntur
1116 1391 1159 1431 et
1180 1387 1392 1441 gaudent,
1416 1399 1465 1428 ac
1483 1388 1562 1438 uti,
1591 1388 1721 1438 potiri
1754 1390 1797 1428 et
1825 1387 2022 1440 gaudere

244 1458 453 1508 poterunt
458 1485 537 1495 .....
563 1457 687 1495 motu
711 1457 754 1495 et
784 1454 967 1495 scientia
991 1457 1034 1495 et
1057 1453 1314 1494 auctoritate
1337 1453 1559 1505 predictis,
1590 1453 1722 1494 etiam
1746 1452 1800 1493 de
1829 1452 2020 1504 plenitu-

241 1521 344 1563 dine
366 1520 598 1573 potestatis
618 1519 912 1569 decernimus,
941 1521 1073 1570 teque
1094 1517 1244 1570 quoad
1266 1518 1476 1569 premissa
1501 1519 1648 1559 omnia
1670 1521 1713 1559 et
1743 1529 2021 1569 quecumque

241 1586 329 1628 alia
363 1585 531 1628 eisdem
552 1589 693 1635 motu,
727 1585 922 1635 scientia,
958 1584 1216 1625 auctoritate
1240 1586 1284 1624 et
1307 1586 1524 1635 potestate
1555 1583 1857 1636 legitimamus
1881 1586 1924 1625 et
1943 1594 2022 1636 pro

242 1651 437 1706 legitime
457 1651 608 1706 genito
628 1651 798 1703 haberi,
823 1650 962 1693 teneri
980 1652 1023 1692 et
1043 1649 1238 1702 reputari
1259 1649 1519 1691 volumus...
1550 1666 1565 1685 ι

955 1894 980 1935 4
1008 1896 1176 1936 Fiivmmz
1204 1891 1324 1935 1482.

297 2006 362 2047 N⁰⁵
389 2004 468 2047 932
499 2008 543 2045 et
574 2003 696 2045 1725.
734 2021 748 2039 «ι
796 2001 1076 2044 Confirmatio
1112 2002 1349 2053 apostolice
1389 2003 1641 2044 donationis
1675 2000 1787 2042 facte
1823 2001 2023 2043 Dominis

249 2072 294 2112 Ρ0
315 2073 359 2112 L⁰
378 2074 421 2112 et
442 2069 599 2112 Joanni
634 2069 687 2110 de
714 2068 859 2121 Borja,
895 2079 974 2119 per
993 2067 1423 2109 Reverendissimum
1452 2069 1502 2108 D.
1538 2068 1968 2110 vicecancellarium.
1998 2085 2015 2105 ι

246 2139 370 2178 Deux
391 2138 536 2178 bulles
558 2136 795 2189 originales
816 2147 894 2176 sur
913 2133 1165 2186 parchemin
1185 2146 1194 2173 :
1219 2134 1262 2174 la
1289 2135 1503 2185 premiere
1525 2145 1735 2175 conserve
1760 2134 1956 2186 pendant
1981 2133 2022 2174 le

247 2214 379 2244 sceau
393 2203 447 2244 de
469 2202 619 2255 plomb
639 2200 693 2242 de
715 2201 834 2241 Sixte
855 2202 906 2241 IV
929 2199 1006 2252 qui
1023 2210 1214 2251 manque
1239 2197 1265 2240 a
1283 2199 1325 2241 la
1344 2199 1548 2242 seconde.

305 2322 321 2340 «ι
351 2305 498 2346 Sixtus
511 2304 753 2356 Episcopus
784 2304 946 2343 Servus
971 2302 1205 2344 Servorum
1224 2303 1318 2352 Dei,
1335 2303 1391 2344 ad
1410 2303 1605 2346 futuram
1628 2306 1692 2346 rei
1713 2305 2020 2346 memoriam...

249 2370 426 2412 Dudum
443 2370 660 2422 siquidem
680 2367 929 2410 Venerabili
956 2366 1082 2407 fratri
1104 2373 1255 2409 nostro
1289 2369 1515 2420 Roderico,
1543 2370 1759 2422 Episcopo
1791 2370 2022 2411 Portuensi

247 2439 402 2478 Sancte
426 2438 619 2478 Romane
651 2435 842 2477 Ecclesie
869 2434 969 2475 Vice
993 2434 1267 2485 cancellario,
1292 2434 1556 2486 disponendi
1583 2436 1637 2476 de
1668 2436 2024 2487 quibuscumque

247 2502 376 2544 bonis
397 2514 476 2554 per
506 2514 624 2552 eum,
656 2501 788 2543 etiam
821 2512 898 2552 per
918 2500 1128 2542 ecclesias
1151 2511 1230 2541 seu
1252 2500 1548 2542 ecclesiastica
1563 2500 1779 2542 beneficia
1807 2504 1851 2543 et
1882 2500 2025 2542 officia

249 2569 489 2621 acquisitis,
524 2566 744 2615 testando,
780 2565 1067 2607 codicillando
1089 2568 1133 2607 et
1156 2577 1208 2607 ea
1242 2566 1356 2607 inter
1387 2566 1510 2609 vivos
1542 2570 1586 2608 et
1608 2578 1740 2609 causa
1770 2567 1925 2607 mortis
1949 2566 2025 2607 do-

247 2634 394 2676 nando
416 2634 462 2675 in
486 2644 765 2686 quorumque
785 2632 919 2673 etiam
938 2641 991 2672 ex
1008 2642 1060 2672 eo
1082 2632 1336 2684 genitorum
1359 2631 1550 2673 filiorum
1572 2632 1781 2680 favorem,
1803 2643 1947 2684 usque
1972 2632 2028 2673 ad

249 2711 572 2752 quamcumque
591 2710 822 2748 summam,
849 2700 1257 2749 quantumcumque
1273 2698 1558 2748 excessivam,
1574 2698 1828 2740 facultatem
1851 2709 2027 2739 conces-

250 2765 405 2816 simus,
431 2768 475 2806 et
494 2765 678 2806 dilectos
696 2763 810 2805 filios
825 2764 1003 2804 Petrum
1018 2762 1285 2804 Ludovicum
1309 2762 1632 2806 adolescentem
1647 2767 1690 2806 et
1710 2766 1730 2806 J
1735 2764 1956 2805 ohannem
1970 2763 2024 2804 de

249 2832 407 2885 Borgia
428 2831 657 2882 infantem,
681 2831 780 2883 eius
803 2832 948 2879 natos,
968 2829 1025 2870 ad
1045 2829 1161 2869 bona
1178 2829 1276 2881 ipsa
1299 2828 1553 2871 testamenti
1570 2831 1613 2869 et
1635 2828 1922 2870 donationum
1940 2826 2024 2866 hu·

246 2896 444 2948 jusmodi
463 2895 782 2949 recipiendum,
805 2905 894 2935 non
925 2894 1204 2935 obstantibus
1231 2906 1386 2936 eorum
1411 2895 1626 2936 natalium
1650 2894 1892 2935 defectibus
1913 2903 2025 2944 quos

252 2962 308 3002 ad
351 2962 397 3003 id
425 2963 667 3015 patiuntur,
702 2959 1032 3002 habilitavimus
1066 2971 1144 3011 per
1174 2959 1373 3002 diversas
1409 2963 1586 3002 nostras
1619 2960 1802 3008 litteras,
1837 2969 2025 3008 quarum

252 3028 402 3081 vigore
436 3028 634 3080 prefatus
666 3027 908 3078 Episcopus
945 3026 988 3064 et
1017 3024 1119 3065 Vice
1150 3025 1443 3067 cancellarius
1473 3025 1550 3078 qui
1578 3037 1629 3067 ex
1653 3023 1947 3065 cardinalatus
1983 3026 2027 3064 et

251 3091 683 3133 vicecancellariatus
698 3088 850 3131 officiis
866 3100 966 3140 quae
980 3088 1071 3130 fere
1087 3090 1214 3131 annis
1228 3091 1383 3144 viginti
1399 3094 1589 3142 quatuor
1600 3089 1800 3130 continue
1813 3087 2021 3138 exercuit,

250 3157 364 3197 ultra
398 3168 633 3199 numerum
668 3158 845 3197 centum
876 3154 1013 3195 millia
1046 3154 1306 3196 ducatorum
1337 3156 1545 3207 percepit,
1579 3155 1731 3196 volens
1768 3153 1822 3196 de
1853 3154 2022 3195 emolu-

251 3222 411 3262 mentis
440 3223 653 3263 dictorum
675 3220 918 3262 officiorum
942 3230 992 3259 ac
1015 3220 1322 3270 Ecclesiarum‚
1344 3220 1709 3261 Monasteriorum
1730 3231 1779 3260 ac
1800 3219 2024 3261 ecclesias-

254 3286 437 3327 ticorum
469 3287 785 3328 beneficiorum
817 3296 1197 3337 quorumcumque
1229 3284 1467 3336 fructibus,
1502 3284 1748 3326 redditibus
1774 3288 1815 3325 et
1838 3295 2024 3337 proven-

252 3350 368 3391 tibus
390 3353 582 3404 aliquam
606 3353 917 3394 condecentem
939 3352 1110 3401 partem
1129 3351 1242 3391 inter
1262 3351 1441 3406 eosdem
1454 3352 1590 3405 *natos
1610 3362 1714 3391 suos
1741 3350 2018 3398 distribuere,

254 3415 380 3456 Petro
406 3417 621 3459 Ludovico
647 3415 969 3470 quinquaginta
990 3417 1034 3457 et
1050 3415 1238 3458 Johanni
1268 3416 1437 3467 infanti,
1463 3418 1506 3457 et
1532 3427 1610 3468 pro
1636 3428 1686 3456 co
1710 3415 1933 3458 nonnullis
1954 3416 2021 3455 tu-
