2228 3938
354 375 421 411 108
957 373 1190 410 JOHANNIS
1224 373 1519 418 BURCHARDI,
1851 377 2007 416 {Janvier
2029 378 2123 417 1501]

354 477 481 539 quod
515 475 735 523 similiter
764 476 947 524 carnali
984 477 1160 540 copula
1191 475 1565 534 consummavit3
1598 477 1771 524 deinde
1803 477 2000 524 dimissa
2028 479 2121 526 hac

354 559 514 616 tertia,
543 558 779 606 contraxit
816 559 1176 607 matrimonium
1209 576 1319 608 cum
1358 563 1532 621 quarta
1562 559 1784 618 muliere,
1818 560 1947 623 quod
1978 560 2120 608 etiam

354 641 617 689 carnaliter
639 642 1009 701 consummavit;
1028 643 1226 690 tandem
1243 643 1390 690 etiam
1407 658 1434 689 a
1461 645 1633 704 quarta
1653 643 1854 690 recessit
1873 642 2121 691 etintravit

353 725 575 772 ordinem
621 725 669 772 b.
710 724 862 773 Marie
899 725 1276 773 Teutonicorum
1314 740 1458 788 quem
1500 740 1726 788 expresse
1753 725 2001 788 professus
2029 729 2118 774 est.

353 809 490 865 Quod
534 808 807 872 intelligens
852 813 1042 877 quarta·
1073 809 1273 867 mulier,
1316 809 1518 856 credens
1564 824 1675 856 eum
1714 825 1819 856 esse
1865 809 2115 868 maritum,

354 891 559 939 accessit
590 892 650 938 ad
680 892 1024 939 monasterium
1056 895 1103 939 et
1141 892 1410 955 professum
1449 891 1608 954 ipsum
1637 894 1869 955 tanquam
1893 891 2120 939 maritum

354 973 441 1020 sibi
467 974 569 1021 dari
606 974 879 1038 postulavit,
918 974 998 1037 qui
1033 975 1091 1021 de
1125 974 1340 1038 periculo
1373 974 1596 1021 dubitans
1629 974 1812 1038 aufugit
1838 977 1885 1022 et
1907 974 2038 1022 venit
2060 975 2119 1022 ad

353 1057 531 1103 Urbem
555 1060 726 1120 petens
751 1057 809 1103 de
834 1057 1052 1105 remedio
1084 1062 1353 1120 opportuno
1380 1056 1467 1104 sibi
1495 1057 1757 1120 provideri,
1788 1058 1915 1120 quod
1940 1059 2121 1121 Argen-

353 1139 618 1194 tinensibus
642 1143 811 1187 notum
837 1144 981 1187 esset.

429 1243 450 1266 «
479 1225 650 1270 Petrus
675 1226 721 1271 et
748 1224 993 1285 Johannes
1017 1222 1133 1271 socii
1157 1226 1453 1270 mercatores
1471 1222 1721 1270 Probatini
1744 1222 1987 1271 habebant
2009 1224 2117 1287 pul-

354 1306 499 1353 chras
526 1321 722 1364 uxores;
754 1308 926 1353 Petrus
951 1305 1191 1353 advisatus
1214 1321 1302 1368 per
1326 1305 1560 1352 familiam
1587 1321 1722 1353 suam
1748 1306 1865 1353 dixit
1880 1307 2016 1354 uxori
2041 1322 2124 1354 sue

353 1405 403 1435 se
421 1391 554 1436 certa
579 1388 655 1435 die
681 1390 869 1451 Brugos
893 1388 1074 1436 iturum
1091 1389 1151 1436 ad
1172 1387 1318 1434 finem
1346 1403 1438 1450 qua
1462 1388 1734 1435 Johannem
1751 1389 1810 1436 ad
1826 1404 1876 1435 se
1900 1392 2122 1448 vocaret3

349 1471 635 1519 adveniente
661 1471 755 1529 die,
786 1473 958 1518 Petrus
982 1471 1119 1518 finxit
1147 1487 1197 1518 se
1220 1471 1290 1518 ire
1316 1471 1365 1518 in
1392 1473 1594 1534 Brugos‚
1622 1471 1704 1519 ivit
1727 1471 1788 1519 ad
1815 1472 2013 1519 domum
2036 1488 2121 1520 cu-

345 1554 537 1617 jusdam
582 1554 725 1600 amici
770 1556 817 1600 et
854 1553 1088 1601 ordinavit
1123 1569 1233 1601 cum
1272 1554 1455 1600 familia
1493 1569 1581 1601 sua
1612 1555 1741 1616 quod
1780 1570 1890 1601 eum
1931 1558 2119 1602 certum

347 1637 528 1685 faceret
553 1641 810 1700 postquam
836 1637 1080 1684 Johannes
1114 1639 1242 1684 esset
1269 1652 1378 1684 cum
1410 1651 1558 1683 uxore
1586 1652 1672 1684 sua
1693 1637 1964 1696 conclusus,
1991 1639 2119 1700 quod

349 1719 458 1767 fecit
480 1719 660 1767 familia
683 1719 964 1782 diligentem
992 1722 1162 1767 Petrus
1185 1720 1314 1767 venit
1339 1720 1387 1766 in
1410 1720 1611 1766 domum
1638 1723 1792 1779 suam,
1814 1720 2019 1784 pulsavit
2045 1735 2119 1768 os-

346 1803 467 1850 tium
490 1802 701 1861 fortiter3
724 1818 846 1849 uxor
864 1803 1124 1865 perterrita
1145 1802 1316 1850 clausit
1332 1802 1605 1849 Johannem
1638 1803 1829 1849 nudum
1850 1804 1896 1850 in
1919 1803 2126 1866 quadam

349 1900 495 1948 capsa
515 1885 563 1932 in
585 1900 780 1932 camera
802 1900 908 1943 sua;
936 1887 983 1932 et
1006 1885 1344 1933 intromittitur
1366 1887 1540 1932 Petrus
1563 1885 1643 1948 qui
1675 1885 1806 1932 venit
1836 1886 1896 1933 ad
1920 1901 2118 1933 uxorem

343 1972 388 2015 et
409 1968 537 2015 misit
560 1968 662 2014 sine
695 1983 835 2015 mora
855 1983 940 2031 pro
970 1983 1121 2015 uxore
1150 1967 1383 2016 Johannis
1415 1983 1506 2030 que
1527 1972 1696 2015 vocata
1728 1969 1882 2026 venit3
1910 1970 2119 2017 interro-

343 2051 470 2115 gavit
492 2066 597 2099 eam
615 2051 672 2098 de
696 2051 869 2099 marito
893 2066 1002 2110 suo;
1028 2051 1281 2114 respondit
1308 2051 1390 2098 illa
1412 2066 1462 2099 se
1485 2051 1533 2098 id
1554 2051 1759 2109 nescire,
1787 2054 1835 2098 et
1852 2053 1980 2114 quod
2003 2067 2116 2115 sepe

340 2136 386 2182 in
417 2151 560 2183 mane
591 2134 746 2183 exiret
773 2135 972 2182 domum
995 2137 1043 2183 et
1069 2135 1144 2183 vix
1172 2136 1217 2181 in
1252 2149 1359 2182 sero
1380 2135 1582 2193 rediret,
1609 2134 1865 2197 aliquando
1885 2135 1944 2182 ad
1965 2136 2111 2193 diem,

339 2218 411 2266 vel
434 2219 555 2266 duos
577 2234 626 2266 se
650 2218 943 2266 absentaret.
972 2218 1096 2266 Dixit
1118 2220 1289 2266 Petrus
1315 2234 1324 2265 :
1350 2218 1552 2265 maritus
1575 2222 1683 2264 tuus
1703 2222 1774 2265 est
1797 2218 1876 2265 hic
1895 2218 1943 2265 in
1962 2234 2108 2281 capsa

342 2301 531 2349 clausus
570 2306 617 2349 et
655 2317 769 2364 sepe
809 2301 1031 2364 cognovit
1066 2300 1323 2348 carnaliter
1353 2315 1551 2348 uxorem
1592 2315 1768 2360 meam,
1807 2301 1922 2348 licet
1959 2304 2007 2348 tu
2045 2301 2109 2347 sis

340 2384 482 2447 longe
508 2384 763 2447 pulchrior
790 2384 884 2431 illa.
927 2386 1085 2432 Unum
1117 2387 1379 2447 propterea
1411 2383 1497 2432 tibi
1531 2383 1589 2430 de
1625 2383 1819 2431 duobus
1849 2383 1972 2446 elige
2004 2400 2014 2431 ε
2045 2383 2116 2430 vel

341 2467 598 2530 permittas
630 2471 676 2515 te
714 2467 973 2515 carnaliter
1002 2483 1148 2530 super
1178 2467 1270 2515 hac
1303 2483 1450 2530 capsa
1479 2482 1506 2513 a
1541 2482 1618 2513 me
1658 2466 2004 2514 delectabiliter
2029 2481 2112 2514 co-

339 2550 527 2613 gnosci,
553 2550 627 2598 vel
656 2551 886 2598 maritum
908 2555 1042 2598 tuum
1067 2550 1244 2598 senties
1273 2550 1537 2598 crudeliter
1559 2549 1731 2598 occidi.
1764 2549 1937 2597 Mulier
1960 2549 2113 2598 accla-

342 2633 488 2681 mavit
521 2634 752 2681 maritum
775 2649 920 2697 capsa
941 2634 1178 2682 inclusum
1208 2632 1322 2695 quid
1343 2632 1634 2690 faciendum,
1668 2632 1919 2696 respondit
1943 2632 2020 2679 ille
2054 2647 2112 2680 ex

344 2731 490 2779 capsa
527 2715 869 2764 verecundiam
910 2716 1071 2778 potius
1114 2715 1445 2763 sustinendam
1486 2730 1630 2777 quam
1669 2713 1893 2762 mortem.
1939 2716 2105 2761 Petrus

342 2798 562 2862 cognovit
587 2814 733 2862 super
754 2814 949 2862 capsam
972 2798 1205 2846 Johannis
1228 2812 1455 2856 uxorem3
1481 2812 1575 2859 quo
1597 2796 1724 2843 facto
1747 2796 1908 2843 emisit
1926 2810 2037 2843 eum
2063 2798 2110 2843 et

341 2882 454 2929 sacti
481 2885 587 2930 sunt
605 2884 772 2929 Petrus
797 2884 875 2929 etJ
881 2881 1097 2940 ohannes
1113 2880 1271 2938 amici,
1292 2883 1341 2929 et
1361 2895 1437 2928 res
1453 2879 1627 2928 mansit
1652 2894 1739 2942 per
1761 2879 1936 2927 multos
1957 2893 2109 2926 annos

341 2969 545 3024 secreta,
573 2979 707 3012 more
733 2963 873 3012 solito
899 2962 978 3026 (1).

387 3123 424 3160 1.
455 3122 486 3158 A
523 3121 558 3158 la
583 3122 677 3159 suite
716 3122 760 3158 de
786 3122 949 3159 diverses
985 3125 1177 3159 aventures
1208 3123 1396 3160 racontees
1422 3132 1487 3169 par
1513 3121 1545 3157 le
1579 3121 1820 3167 penitencia,
1850 3121 2039 3158 Burchard
2065 3133 2110 3158 en

339 3185 508 3230 rapporte
528 3193 599 3218 une
619 3181 682 3230 qui
706 3181 902 3218 ressemble
925 3181 1112 3230 beaucoup
1140 3184 1161 3217 a
1184 3181 1272 3218 celle
1301 3181 1410 3228 qu’on
1431 3180 1472 3217 lit
1498 3181 1590 3217 dans
1623 3181 1657 3218 la
1683 3181 1856 3219 huitieme
1883 3181 2035 3230 journee
2063 3181 2110 3216 du

340 3241 561 3277 Decameron
588 3240 631 3276 de
664 3241 837 3286 Boeoace,
867 3244 902 3277 et
924 3241 1112 3289 beaucoup
1132 3241 1213 3289 plus
1240 3251 1369 3277 encore
1395 3242 1415 3276 a
1442 3239 1529 3276 celle
1553 3241 1662 3288 qu'on
1685 3245 1811 3278 trouve
1840 3243 1862 3277 a
1883 3240 1918 3277 la
1938 3240 1987 3276 fin
2013 3239 2110 3276 dela

340 3299 664 3337 trente-deuxieme
683 3301 788 3337 Serre
809 3300 852 3336 de
871 3299 1047 3338 Bouchet.
2040 3309 2044 3314 ·

390 3374 407 3392 «
436 3359 464 3395 Il
487 3359 595 3406 s'agit
614 3359 658 3396 de
686 3363 777 3396 cette
804 3359 933 3395 femme
961 3359 1024 3407 qui
1051 3359 1146 3396 avoit
1169 3359 1343 3396 renferme
1376 3370 1440 3395 son
1469 3364 1591 3396 amant
1617 3360 1709 3396 dans
1736 3371 1784 3395 un
1815 3360 1937 3404 coffre,
1960 3370 2053 3407 pour
2077 3358 2109 3394 le

343 3418 536 3454 soustraire
560 3430 631 3455 aux
657 3430 753 3466 yeux
780 3418 823 3453 de
842 3429 906 3454 son
939 3418 1026 3454 mari
1053 3419 1300 3467 inopinement
1327 3419 1370 3454 de
1395 3422 1527 3455 retour.
1551 3419 1600 3454 Le
1627 3419 1715 3455 mari
1739 3419 1836 3455 avoit
1861 3418 1925 3455 fait
1949 3417 2050 3455 venir
2075 3417 2110 3453 la

342 3478 472 3513 semme
493 3478 536 3513 de
561 3478 706 3514 l'amant
727 3477 897 3521 enserme‚
921 3481 957 3514 et
978 3477 1024 3513 Ιυί
1047 3477 1144 3516 avoit
1164 3477 1304 3514 declar&
1329 3477 1414 3526 qu‘il
1442 3478 1542 3514 alloit
1568 3490 1607 3514 se
1633 3489 1768 3525 venger
1787 3489 1831 3514 en
1853 3475 2054 3525 &gorge’ant
2074 3476 2106 3512 le
