<?xml version="1.0" encoding="UTF-8"?>
<!DOCTYPE html PUBLIC "-//W3C//DTD XHTML 1.0 Transitional//EN"
    "http://www.w3.org/TR/xhtml1/DTD/xhtml1-transitional.dtd">
<html xmlns="http://www.w3.org/1999/xhtml" xml:lang="en" lang="en">
 <head>
  <title>
</title>
<meta http-equiv="Content-Type" content="text/html;charset=utf-8" />
  <meta name='ocr-system' content='tesseract 3.04.00' />
  <meta name='ocr-capabilities' content='ocr_page ocr_carea ocr_par ocr_line ocrx_word'/>
</head>
<body>
  <div class='ocr_page' id='page_1' title='image "./diariumsivererum03burcuoft_0395.png"; bbox 0 0 2254 3938; ppageno 0'>
   <div class='ocr_carea' id='block_1_1' title="bbox 142 329 1928 386">
    <p class='ocr_par' dir='ltr' id='par_1_1' title="bbox 142 329 1928 386">
     <span class='ocr_line' id='line_1_1' title="bbox 142 329 1928 386; baseline -0.007 -8"><span class='ocrx_word' id='word_1_1' title='bbox 142 344 468 386; x_wconf 72' lang='lat' dir='ltr'>[Decembre1503]</span> <span class='ocrx_word' id='word_1_2' title='bbox 589 339 758 377; x_wconf 83' lang='lat' dir='ltr'>RERUM</span> <span class='ocrx_word' id='word_1_3' title='bbox 791 334 1092 375; x_wconf 81' lang='lat' dir='ltr'>URBANARUM</span> <span class='ocrx_word' id='word_1_4' title='bbox 1125 331 1477 370; x_wconf 78' lang='lat' dir='ltr'><strong>COMMENTARH.</strong></span> <span class='ocrx_word' id='word_1_5' title='bbox 1857 329 1928 365; x_wconf 82' lang='lat'>313</span> 
     </span>
    </p>
   </div>
   <div class='ocr_carea' id='block_1_2' title="bbox 141 432 2005 3502">
    <p class='ocr_par' dir='ltr' id='par_1_2' title="bbox 141 432 2005 3502">
     <span class='ocr_line' id='line_1_2' title="bbox 141 432 1924 509; baseline -0.008 -15"><span class='ocrx_word' id='word_1_6' title='bbox 141 461 299 509; x_wconf 90' lang='lat' dir='ltr'>neque</span> <span class='ocrx_word' id='word_1_7' title='bbox 337 443 662 508; x_wconf 89' lang='lat' dir='ltr'>manipulum,</span> <span class='ocrx_word' id='word_1_8' title='bbox 709 455 863 503; x_wconf 89' lang='lat' dir='ltr'>neque</span> <span class='ocrx_word' id='word_1_9' title='bbox 897 437 1126 502; x_wconf 86' lang='lat' dir='ltr'>pallium,</span> <span class='ocrx_word' id='word_1_10' title='bbox 1176 450 1401 483; x_wconf 87' lang='lat' dir='ltr'>asserens</span> <span class='ocrx_word' id='word_1_11' title='bbox 1446 437 1577 498; x_wconf 87' lang='lat' dir='ltr'>Papa</span> <span class='ocrx_word' id='word_1_12' title='bbox 1610 432 1694 481; x_wconf 88' lang='lat' dir='ltr'>illa</span> <span class='ocrx_word' id='word_1_13' title='bbox 1730 436 1924 496; x_wconf 83' lang='lat' dir='ltr'>portare</span> 
     </span>
     <span class='ocr_line' id='line_1_3' title="bbox 143 516 1925 593; baseline -0.008 -15"><span class='ocrx_word' id='word_1_14' title='bbox 143 529 336 593; x_wconf 88' lang='lat' dir='ltr'>quando</span> <span class='ocrx_word' id='word_1_15' title='bbox 353 528 691 585; x_wconf 89' lang='lat' dir='ltr'>celebrat,non</span> <span class='ocrx_word' id='word_1_16' title='bbox 707 524 964 572; x_wconf 83' lang='lat' dir='ltr'>advertens</span> <span class='ocrx_word' id='word_1_17' title='bbox 976 521 1104 568; x_wconf 89' lang='lat' dir='ltr'>hanc</span> <span class='ocrx_word' id='word_1_18' title='bbox 1120 519 1489 583; x_wconf 76' lang='lat' dir='ltr'>processionem</span> <span class='ocrx_word' id='word_1_19' title='bbox 1506 533 1612 565; x_wconf 90' lang='lat' dir='ltr'>esse</span> <span class='ocrx_word' id='word_1_20' title='bbox 1626 516 1925 580; x_wconf 79' lang='lat' dir='ltr'>singularem</span> 
     </span>
     <span class='ocr_line' id='line_1_4' title="bbox 144 599 1926 674; baseline -0.008 -14"><span class='ocrx_word' id='word_1_21' title='bbox 144 628 255 660; x_wconf 90' lang='lat' dir='ltr'>cum</span> <span class='ocrx_word' id='word_1_22' title='bbox 280 611 373 659; x_wconf 91' lang='lat' dir='ltr'>illis</span> <span class='ocrx_word' id='word_1_23' title='bbox 391 608 690 674; x_wconf 78' lang='lat' dir='ltr'>paramentis</span> <span class='ocrx_word' id='word_1_24' title='bbox 707 606 983 655; x_wconf 88' lang='lat' dir='ltr'>ordinatam</span> <span class='ocrx_word' id='word_1_25' title='bbox 1006 606 1054 652; x_wconf 91' lang='lat' dir='ltr'>et</span> <span class='ocrx_word' id='word_1_26' title='bbox 1075 603 1216 651; x_wconf 88' lang='lat' dir='ltr'>altari</span> <span class='ocrx_word' id='word_1_27' title='bbox 1237 602 1285 649; x_wconf 90' lang='lat' dir='ltr'>in</span> <span class='ocrx_word' id='word_1_28' title='bbox 1308 601 1597 665; x_wconf 75' lang='lat' dir='ltr'>pluvialibus</span> <span class='ocrx_word' id='word_1_29' title='bbox 1620 599 1926 648; x_wconf 80' lang='lat' dir='ltr'>ceremonias</span> 
     </span>
     <span class='ocr_line' id='line_1_5' title="bbox 143 683 1925 748; baseline -0.007 -6"><span class='ocrx_word' id='word_1_30' title='bbox 143 695 408 742; x_wconf 87' lang='lat' dir='ltr'>hodiernas</span> <span class='ocrx_word' id='word_1_31' title='bbox 435 709 528 741; x_wconf 91' lang='lat' dir='ltr'>non</span> <span class='ocrx_word' id='word_1_32' title='bbox 556 690 816 740; x_wconf 89' lang='lat' dir='ltr'>convenire</span> <span class='ocrx_word' id='word_1_33' title='bbox 840 708 848 737; x_wconf 89' lang='lat'>:</span> <span class='ocrx_word' id='word_1_34' title='bbox 885 688 1017 736; x_wconf 90' lang='lat' dir='ltr'>nolui</span> <span class='ocrx_word' id='word_1_35' title='bbox 1043 691 1209 736; x_wconf 82' lang='lat' dir='ltr'>tamen</span> <span class='ocrx_word' id='word_1_36' title='bbox 1235 685 1485 734; x_wconf 84' lang='lat' dir='ltr'>Sanctitati</span> <span class='ocrx_word' id='word_1_37' title='bbox 1510 700 1614 743; x_wconf 89' lang='lat' dir='ltr'>sue,</span> <span class='ocrx_word' id='word_1_38' title='bbox 1642 699 1729 748; x_wconf 87' lang='lat' dir='ltr'>pro</span> <span class='ocrx_word' id='word_1_39' title='bbox 1761 683 1925 747; x_wconf 82' lang='lat' dir='ltr'>quiete</span> 
     </span>
     <span class='ocr_line' id='line_1_6' title="bbox 144 767 1927 841; baseline -0.007 -16"><span class='ocrx_word' id='word_1_40' title='bbox 144 794 245 838; x_wconf 89' lang='lat' dir='ltr'>sua,</span> <span class='ocrx_word' id='word_1_41' title='bbox 273 778 530 841; x_wconf 82' lang='lat' dir='ltr'>replicare.</span> <span class='ocrx_word' id='word_1_42' title='bbox 570 774 831 823; x_wconf 82' lang='lat' dir='ltr'>Descendit</span> <span class='ocrx_word' id='word_1_43' title='bbox 857 773 903 820; x_wconf 91' lang='lat' dir='ltr'>in</span> <span class='ocrx_word' id='word_1_44' title='bbox 939 771 1053 819; x_wconf 90' lang='lat' dir='ltr'>sede</span> <span class='ocrx_word' id='word_1_45' title='bbox 1080 771 1138 818; x_wconf 88' lang='lat' dir='ltr'>ad</span> <span class='ocrx_word' id='word_1_46' title='bbox 1172 769 1427 818; x_wconf 80' lang='lat' dir='ltr'>basilicam</span> <span class='ocrx_word' id='word_1_47' title='bbox 1454 785 1491 815; x_wconf 80' lang='lat' dir='ltr'>S.</span> <span class='ocrx_word' id='word_1_48' title='bbox 1522 767 1654 815; x_wconf 90' lang='lat' dir='ltr'>Petri</span> <span class='ocrx_word' id='word_1_49' title='bbox 1680 767 1741 815; x_wconf 91' lang='lat' dir='ltr'>ad</span> <span class='ocrx_word' id='word_1_50' title='bbox 1766 767 1927 830; x_wconf 91' lang='lat' dir='ltr'>capel-</span> 
     </span>
     <span class='ocr_line' id='line_1_7' title="bbox 144 850 1925 922; baseline -0.006 -13"><span class='ocrx_word' id='word_1_51' title='bbox 144 862 240 909; x_wconf 90' lang='lat' dir='ltr'>lam</span> <span class='ocrx_word' id='word_1_52' title='bbox 266 878 303 909; x_wconf 92' lang='lat' dir='ltr'>s.</span> <span class='ocrx_word' id='word_1_53' title='bbox 331 860 522 908; x_wconf 85' lang='lat' dir='ltr'>Andree</span> <span class='ocrx_word' id='word_1_54' title='bbox 562 874 656 922; x_wconf 91' lang='lat' dir='ltr'>que</span> <span class='ocrx_word' id='word_1_55' title='bbox 695 857 784 905; x_wconf 91' lang='lat' dir='ltr'>fuit</span> <span class='ocrx_word' id='word_1_56' title='bbox 821 856 994 920; x_wconf 88' lang='lat' dir='ltr'>pannis</span> <span class='ocrx_word' id='word_1_57' title='bbox 1029 854 1192 902; x_wconf 89' lang='lat' dir='ltr'>aureis</span> <span class='ocrx_word' id='word_1_58' title='bbox 1231 856 1407 901; x_wconf 88' lang='lat' dir='ltr'>ornata</span> <span class='ocrx_word' id='word_1_59' title='bbox 1443 852 1628 900; x_wconf 86' lang='lat' dir='ltr'>circum</span> <span class='ocrx_word' id='word_1_60' title='bbox 1661 851 1791 899; x_wconf 90' lang='lat' dir='ltr'>circa</span> <span class='ocrx_word' id='word_1_61' title='bbox 1823 850 1925 898; x_wconf 90' lang='lat' dir='ltr'>sine</span> 
     </span>
     <span class='ocr_line' id='line_1_8' title="bbox 145 936 1928 1006; baseline -0.007 -13"><span class='ocrx_word' id='word_1_62' title='bbox 145 945 264 993; x_wconf 89' lang='lat' dir='ltr'>solio</span> <span class='ocrx_word' id='word_1_63' title='bbox 291 948 338 994; x_wconf 87' lang='lat' dir='ltr'>et</span> <span class='ocrx_word' id='word_1_64' title='bbox 371 944 475 992; x_wconf 89' lang='lat' dir='ltr'>sine</span> <span class='ocrx_word' id='word_1_65' title='bbox 512 943 626 990; x_wconf 89' lang='lat' dir='ltr'>sede</span> <span class='ocrx_word' id='word_1_66' title='bbox 661 940 927 1006; x_wconf 84' lang='lat' dir='ltr'>pontificali</span> <span class='ocrx_word' id='word_1_67' title='bbox 955 940 1040 987; x_wconf 88' lang='lat' dir='ltr'>sed</span> <span class='ocrx_word' id='word_1_68' title='bbox 1067 936 1394 985; x_wconf 77' lang='lat' dir='ltr'>faldistorium</span> <span class='ocrx_word' id='word_1_69' title='bbox 1419 938 1549 998; x_wconf 88' lang='lat' dir='ltr'>Pape</span> <span class='ocrx_word' id='word_1_70' title='bbox 1575 950 1684 982; x_wconf 92' lang='lat' dir='ltr'>cum</span> <span class='ocrx_word' id='word_1_71' title='bbox 1709 950 1795 982; x_wconf 88' lang='lat' dir='ltr'>suo</span> <span class='ocrx_word' id='word_1_72' title='bbox 1821 950 1928 982; x_wconf 90' lang='lat' dir='ltr'>sca-</span> 
     </span>
     <span class='ocr_line' id='line_1_9' title="bbox 144 1018 1929 1088; baseline -0.007 -12"><span class='ocrx_word' id='word_1_73' title='bbox 144 1029 273 1076; x_wconf 87' lang='lat' dir='ltr'>bello</span> <span class='ocrx_word' id='word_1_74' title='bbox 307 1031 355 1076; x_wconf 88' lang='lat' dir='ltr'>et</span> <span class='ocrx_word' id='word_1_75' title='bbox 387 1026 594 1074; x_wconf 91' lang='lat' dir='ltr'>cussinis</span> <span class='ocrx_word' id='word_1_76' title='bbox 619 1041 763 1088; x_wconf 89' lang='lat' dir='ltr'>super</span> <span class='ocrx_word' id='word_1_77' title='bbox 786 1027 967 1087; x_wconf 83' lang='lat' dir='ltr'>tapeto,</span> <span class='ocrx_word' id='word_1_78' title='bbox 1001 1037 1146 1086; x_wconf 89' lang='lat' dir='ltr'>super</span> <span class='ocrx_word' id='word_1_79' title='bbox 1176 1019 1351 1083; x_wconf 89' lang='lat' dir='ltr'>quibus</span> <span class='ocrx_word' id='word_1_80' title='bbox 1384 1022 1515 1082; x_wconf 89' lang='lat' dir='ltr'>Papa</span> <span class='ocrx_word' id='word_1_81' title='bbox 1540 1018 1823 1082; x_wconf 82' lang='lat' dir='ltr'>genuflexus</span> <span class='ocrx_word' id='word_1_82' title='bbox 1848 1034 1929 1065; x_wconf 87' lang='lat' dir='ltr'>au-</span> 
     </span>
     <span class='ocr_line' id='line_1_10' title="bbox 144 1101 1925 1172; baseline -0.007 -13"><span class='ocrx_word' id='word_1_83' title='bbox 144 1111 259 1159; x_wconf 89' lang='lat' dir='ltr'>divit</span> <span class='ocrx_word' id='word_1_84' title='bbox 284 1111 480 1159; x_wconf 88' lang='lat' dir='ltr'>missam</span> <span class='ocrx_word' id='word_1_85' title='bbox 507 1110 702 1158; x_wconf 90' lang='lat' dir='ltr'>bassam</span> <span class='ocrx_word' id='word_1_86' title='bbox 730 1123 877 1172; x_wconf 89' lang='lat' dir='ltr'>quam</span> <span class='ocrx_word' id='word_1_87' title='bbox 912 1106 1028 1170; x_wconf 83' lang='lat' dir='ltr'>legit</span> <span class='ocrx_word' id='word_1_88' title='bbox 1065 1108 1120 1153; x_wconf 89' lang='lat' dir='ltr'>D.</span> <span class='ocrx_word' id='word_1_89' title='bbox 1150 1103 1455 1161; x_wconf 81' lang='lat' dir='ltr'>DominicuS,</span> <span class='ocrx_word' id='word_1_90' title='bbox 1485 1101 1765 1165; x_wconf 86' lang='lat' dir='ltr'>capellanus</span> <span class='ocrx_word' id='word_1_91' title='bbox 1792 1117 1925 1160; x_wconf 89' lang='lat' dir='ltr'>suus,</span> 
     </span>
     <span class='ocr_line' id='line_1_11' title="bbox 144 1185 1929 1250; baseline -0.007 -7"><span class='ocrx_word' id='word_1_92' title='bbox 144 1196 203 1243; x_wconf 90' lang='lat' dir='ltr'>de</span> <span class='ocrx_word' id='word_1_93' title='bbox 229 1195 353 1243; x_wconf 85' lang='lat' dir='ltr'>festo</span> <span class='ocrx_word' id='word_1_94' title='bbox 380 1211 417 1242; x_wconf 95' lang='lat' dir='ltr'>s.</span> <span class='ocrx_word' id='word_1_95' title='bbox 453 1194 644 1242; x_wconf 87' lang='lat' dir='ltr'>Andree</span> <span class='ocrx_word' id='word_1_96' title='bbox 669 1195 914 1250; x_wconf 86' lang='lat' dir='ltr'>currente,</span> <span class='ocrx_word' id='word_1_97' title='bbox 951 1189 1176 1237; x_wconf 89' lang='lat' dir='ltr'>omnibus</span> <span class='ocrx_word' id='word_1_98' title='bbox 1211 1186 1543 1235; x_wconf 86' lang='lat' dir='ltr'>cardinalibus</span> <span class='ocrx_word' id='word_1_99' title='bbox 1576 1185 1625 1233; x_wconf 91' lang='lat' dir='ltr'>in</span> <span class='ocrx_word' id='word_1_100' title='bbox 1650 1186 1776 1234; x_wconf 81' lang='lat' dir='ltr'>Urbe</span> <span class='ocrx_word' id='word_1_101' title='bbox 1802 1185 1929 1232; x_wconf 82' lang='lat' dir='ltr'>exis-</span> 
     </span>
     <span class='ocr_line' id='line_1_12' title="bbox 144 1269 1925 1341; baseline -0.006 -15"><span class='ocrx_word' id='word_1_102' title='bbox 144 1278 356 1326; x_wconf 81' lang='lat' dir='ltr'>tentibus</span> <span class='ocrx_word' id='word_1_103' title='bbox 378 1277 706 1341; x_wconf 83' lang='lat' dir='ltr'>presentibus,</span> <span class='ocrx_word' id='word_1_104' title='bbox 735 1274 952 1338; x_wconf 87' lang='lat' dir='ltr'>exceptis</span> <span class='ocrx_word' id='word_1_105' title='bbox 976 1276 1318 1321; x_wconf 88' lang='lat' dir='ltr'>Beneventano</span> <span class='ocrx_word' id='word_1_106' title='bbox 1354 1275 1402 1319; x_wconf 86' lang='lat' dir='ltr'>et</span> <span class='ocrx_word' id='word_1_107' title='bbox 1424 1273 1644 1328; x_wconf 87' lang='lat' dir='ltr'>Estense‚</span> <span class='ocrx_word' id='word_1_108' title='bbox 1685 1269 1925 1316; x_wconf 87' lang='lat' dir='ltr'>infirmis:</span> 
     </span>
     <span class='ocr_line' id='line_1_13' title="bbox 144 1353 1931 1424; baseline -0.004 -16"><span class='ocrx_word' id='word_1_109' title='bbox 144 1360 467 1408; x_wconf 84' lang='lat' dir='ltr'>interfuerunt</span> <span class='ocrx_word' id='word_1_110' title='bbox 491 1360 640 1424; x_wconf 87' lang='lat' dir='ltr'>igitur</span> <span class='ocrx_word' id='word_1_111' title='bbox 663 1359 931 1408; x_wconf 88' lang='lat' dir='ltr'>cardinales</span> <span class='ocrx_word' id='word_1_112' title='bbox 953 1357 1156 1421; x_wconf 83' lang='lat' dir='ltr'>triginta</span> <span class='ocrx_word' id='word_1_113' title='bbox 1189 1357 1395 1419; x_wconf 90' lang='lat' dir='ltr'>septem.</span> <span class='ocrx_word' id='word_1_114' title='bbox 1425 1353 1583 1401; x_wconf 87' lang='lat' dir='ltr'>Finita</span> <span class='ocrx_word' id='word_1_115' title='bbox 1607 1353 1772 1412; x_wconf 92' lang='lat' dir='ltr'>missa,</span> <span class='ocrx_word' id='word_1_116' title='bbox 1799 1354 1931 1416; x_wconf 88' lang='lat' dir='ltr'>Papa</span> 
     </span>
     <span class='ocr_line' id='line_1_14' title="bbox 146 1437 1931 1504; baseline -0.004 -13"><span class='ocrx_word' id='word_1_117' title='bbox 146 1444 322 1492; x_wconf 86' lang='lat' dir='ltr'>creavit</span> <span class='ocrx_word' id='word_1_118' title='bbox 347 1443 551 1491; x_wconf 89' lang='lat' dir='ltr'>militem</span> <span class='ocrx_word' id='word_1_119' title='bbox 578 1459 616 1490; x_wconf 92' lang='lat' dir='ltr'>s.</span> <span class='ocrx_word' id='word_1_120' title='bbox 648 1443 779 1491; x_wconf 88' lang='lat' dir='ltr'>Petri</span> <span class='ocrx_word' id='word_1_121' title='bbox 808 1445 862 1490; x_wconf 89' lang='lat' dir='ltr'>D.</span> <span class='ocrx_word' id='word_1_122' title='bbox 900 1442 1269 1504; x_wconf 84' lang='lat' dir='ltr'>Hieronymum,</span> <span class='ocrx_word' id='word_1_123' title='bbox 1300 1441 1348 1485; x_wconf 90' lang='lat' dir='ltr'>et</span> <span class='ocrx_word' id='word_1_124' title='bbox 1374 1437 1607 1485; x_wconf 85' lang='lat' dir='ltr'>officiales</span> <span class='ocrx_word' id='word_1_125' title='bbox 1634 1440 1931 1500; x_wconf 88' lang='lat' dir='ltr'>acceperunt</span> 
     </span>
     <span class='ocr_line' id='line_1_15' title="bbox 146 1520 1932 1589; baseline -0.004 -16"><span class='ocrx_word' id='word_1_126' title='bbox 146 1528 436 1589; x_wconf 87' lang='lat' dir='ltr'>paramenta</span> <span class='ocrx_word' id='word_1_127' title='bbox 473 1526 630 1585; x_wconf 82' lang='lat' dir='ltr'>solita,</span> <span class='ocrx_word' id='word_1_128' title='bbox 665 1525 840 1588; x_wconf 90' lang='lat' dir='ltr'>quibus</span> <span class='ocrx_word' id='word_1_129' title='bbox 879 1524 1114 1587; x_wconf 79' lang='lat' dir='ltr'>receptis,</span> <span class='ocrx_word' id='word_1_130' title='bbox 1162 1522 1417 1570; x_wconf 90' lang='lat' dir='ltr'>descendit</span> <span class='ocrx_word' id='word_1_131' title='bbox 1455 1524 1587 1585; x_wconf 88' lang='lat' dir='ltr'>Papa</span> <span class='ocrx_word' id='word_1_132' title='bbox 1623 1521 1673 1567; x_wconf 92' lang='lat' dir='ltr'>in</span> <span class='ocrx_word' id='word_1_133' title='bbox 1712 1521 1826 1567; x_wconf 87' lang='lat' dir='ltr'>sede</span> <span class='ocrx_word' id='word_1_134' title='bbox 1871 1520 1932 1567; x_wconf 86' lang='lat' dir='ltr'>ad</span> 
     </span>
     <span class='ocr_line' id='line_1_16' title="bbox 149 1604 1930 1672; baseline -0.003 -16"><span class='ocrx_word' id='word_1_135' title='bbox 149 1608 360 1672; x_wconf 86' lang='lat' dir='ltr'>plateam</span> <span class='ocrx_word' id='word_1_136' title='bbox 386 1624 424 1656; x_wconf 89' lang='lat' dir='ltr'>s.</span> <span class='ocrx_word' id='word_1_137' title='bbox 454 1609 581 1656; x_wconf 87' lang='lat' dir='ltr'>Petri</span> <span class='ocrx_word' id='word_1_138' title='bbox 607 1624 696 1671; x_wconf 90' lang='lat' dir='ltr'>per</span> <span class='ocrx_word' id='word_1_139' title='bbox 721 1607 876 1655; x_wconf 86' lang='lat' dir='ltr'>scalas</span> <span class='ocrx_word' id='word_1_140' title='bbox 898 1608 1115 1670; x_wconf 79' lang='lat' dir='ltr'>ejusdem</span> <span class='ocrx_word' id='word_1_141' title='bbox 1142 1612 1189 1654; x_wconf 90' lang='lat' dir='ltr'>et</span> <span class='ocrx_word' id='word_1_142' title='bbox 1212 1606 1430 1654; x_wconf 85' lang='lat' dir='ltr'>ascendit</span> <span class='ocrx_word' id='word_1_143' title='bbox 1467 1621 1645 1668; x_wconf 92' lang='lat' dir='ltr'>equum</span> <span class='ocrx_word' id='word_1_144' title='bbox 1675 1620 1814 1652; x_wconf 87' lang='lat' dir='ltr'>suurn</span> <span class='ocrx_word' id='word_1_145' title='bbox 1841 1604 1930 1651; x_wconf 89' lang='lat' dir='ltr'>sibi</span> 
     </span>
     <span class='ocr_line' id='line_1_17' title="bbox 150 1687 1933 1754; baseline -0.003 -15"><span class='ocrx_word' id='word_1_146' title='bbox 150 1696 394 1754; x_wconf 82' lang='lat' dir='ltr'>paratum.</span> <span class='ocrx_word' id='word_1_147' title='bbox 422 1693 522 1754; x_wconf 86' lang='lat' dir='ltr'>Ego</span> <span class='ocrx_word' id='word_1_148' title='bbox 555 1705 667 1737; x_wconf 91' lang='lat' dir='ltr'>cum</span> <span class='ocrx_word' id='word_1_149' title='bbox 693 1690 940 1737; x_wconf 89' lang='lat' dir='ltr'>cardinale</span> <span class='ocrx_word' id='word_1_150' title='bbox 966 1690 1216 1748; x_wconf 81' lang='lat' dir='ltr'>Columna,</span> <span class='ocrx_word' id='word_1_151' title='bbox 1246 1689 1411 1752; x_wconf 86' lang='lat' dir='ltr'>priore</span> <span class='ocrx_word' id='word_1_152' title='bbox 1438 1689 1774 1747; x_wconf 87' lang='lat' dir='ltr'>diaconorum,</span> <span class='ocrx_word' id='word_1_153' title='bbox 1800 1687 1933 1735; x_wconf 88' lang='lat' dir='ltr'>ordi-</span> 
     </span>
     <span class='ocr_line' id='line_1_18' title="bbox 153 1771 1932 1836; baseline -0.001 -16"><span class='ocrx_word' id='word_1_154' title='bbox 153 1773 260 1820; x_wconf 85' lang='lat' dir='ltr'>navi</span> <span class='ocrx_word' id='word_1_155' title='bbox 289 1773 655 1836; x_wconf 87' lang='lat' dir='ltr'>processionem</span> <span class='ocrx_word' id='word_1_156' title='bbox 695 1775 838 1836; x_wconf 85' lang='lat' dir='ltr'>prout</span> <span class='ocrx_word' id='word_1_157' title='bbox 874 1772 922 1819; x_wconf 93' lang='lat' dir='ltr'>in</span> <span class='ocrx_word' id='word_1_158' title='bbox 958 1772 1151 1820; x_wconf 88' lang='lat' dir='ltr'>rotulo:</span> <span class='ocrx_word' id='word_1_159' title='bbox 1191 1771 1465 1820; x_wconf 88' lang='lat' dir='ltr'>cardinales</span> <span class='ocrx_word' id='word_1_160' title='bbox 1500 1771 1777 1819; x_wconf 87' lang='lat' dir='ltr'>habuerunt</span> <span class='ocrx_word' id='word_1_161' title='bbox 1817 1786 1932 1818; x_wconf 88' lang='lat' dir='ltr'>coo-</span> 
     </span>
     <span class='ocr_line' id='line_1_19' title="bbox 152 1854 1933 1920; baseline -0.001 -17"><span class='ocrx_word' id='word_1_162' title='bbox 152 1859 346 1920; x_wconf 86' lang='lat' dir='ltr'>pertam</span> <span class='ocrx_word' id='word_1_163' title='bbox 371 1857 430 1903; x_wconf 94' lang='lat' dir='ltr'>de</span> <span class='ocrx_word' id='word_1_164' title='bbox 457 1856 625 1904; x_wconf 86' lang='lat' dir='ltr'>taffeto</span> <span class='ocrx_word' id='word_1_165' title='bbox 648 1856 777 1914; x_wconf 88' lang='lat' dir='ltr'>albo,</span> <span class='ocrx_word' id='word_1_166' title='bbox 808 1855 1024 1919; x_wconf 89' lang='lat' dir='ltr'>episcopi</span> <span class='ocrx_word' id='word_1_167' title='bbox 1049 1856 1108 1903; x_wconf 90' lang='lat' dir='ltr'>de</span> <span class='ocrx_word' id='word_1_168' title='bbox 1127 1855 1411 1914; x_wconf 89' lang='lat' dir='ltr'>hoccasino;</span> <span class='ocrx_word' id='word_1_169' title='bbox 1442 1855 1705 1903; x_wconf 90' lang='lat' dir='ltr'>cardinalis</span> <span class='ocrx_word' id='word_1_170' title='bbox 1730 1854 1933 1918; x_wconf 86' lang='lat' dir='ltr'>quilibet</span> 
     </span>
     <span class='ocr_line' id='line_1_20' title="bbox 151 1938 1933 2002; baseline -0.001 -15"><span class='ocrx_word' id='word_1_171' title='bbox 151 1943 263 1988; x_wconf 88' lang='lat' dir='ltr'>octo</span> <span class='ocrx_word' id='word_1_172' title='bbox 286 1939 544 1987; x_wconf 88' lang='lat' dir='ltr'>scutiferos</span> <span class='ocrx_word' id='word_1_173' title='bbox 569 1939 666 1987; x_wconf 89' lang='lat' dir='ltr'>sive</span> <span class='ocrx_word' id='word_1_174' title='bbox 695 1939 1076 2002; x_wconf 81' lang='lat' dir='ltr'>parafrenariOS,</span> <span class='ocrx_word' id='word_1_175' title='bbox 1102 1954 1273 1986; x_wconf 92' lang='lat' dir='ltr'>omnes</span> <span class='ocrx_word' id='word_1_176' title='bbox 1299 1938 1469 1987; x_wconf 91' lang='lat' dir='ltr'>sericis</span> <span class='ocrx_word' id='word_1_177' title='bbox 1493 1938 1688 1986; x_wconf 85' lang='lat' dir='ltr'>indutos</span> <span class='ocrx_word' id='word_1_178' title='bbox 1712 1953 1823 1986; x_wconf 90' lang='lat' dir='ltr'>cum</span> <span class='ocrx_word' id='word_1_179' title='bbox 1846 1939 1933 1985; x_wconf 87' lang='lat' dir='ltr'>ba-</span> 
     </span>
     <span class='ocr_line' id='line_1_21' title="bbox 152 2021 1936 2086; baseline -0.001 -16"><span class='ocrx_word' id='word_1_180' title='bbox 152 2022 275 2070; x_wconf 90' lang='lat' dir='ltr'>culis</span> <span class='ocrx_word' id='word_1_181' title='bbox 291 2037 478 2082; x_wconf 79' lang='lat' dir='ltr'>omneS,</span> <span class='ocrx_word' id='word_1_182' title='bbox 499 2022 686 2086; x_wconf 89' lang='lat' dir='ltr'>aliquos</span> <span class='ocrx_word' id='word_1_183' title='bbox 702 2037 812 2070; x_wconf 90' lang='lat' dir='ltr'>cum</span> <span class='ocrx_word' id='word_1_184' title='bbox 838 2025 1122 2085; x_wconf 88' lang='lat' dir='ltr'>supraveste</span> <span class='ocrx_word' id='word_1_185' title='bbox 1138 2025 1186 2070; x_wconf 83' lang='lat' dir='ltr'>et</span> <span class='ocrx_word' id='word_1_186' title='bbox 1209 2021 1431 2070; x_wconf 90' lang='lat' dir='ltr'>subveste</span> <span class='ocrx_word' id='word_1_187' title='bbox 1461 2025 1509 2069; x_wconf 87' lang='lat' dir='ltr'>et</span> <span class='ocrx_word' id='word_1_188' title='bbox 1536 2021 1749 2085; x_wconf 90' lang='lat' dir='ltr'>diploide</span> <span class='ocrx_word' id='word_1_189' title='bbox 1764 2021 1823 2068; x_wconf 92' lang='lat' dir='ltr'>de</span> <span class='ocrx_word' id='word_1_190' title='bbox 1839 2021 1936 2069; x_wconf 90' lang='lat' dir='ltr'>vel-</span> 
     </span>
     <span class='ocr_line' id='line_1_22' title="bbox 150 2105 1937 2170; baseline 0 -17"><span class='ocrx_word' id='word_1_191' title='bbox 150 2106 252 2154; x_wconf 86' lang='lat' dir='ltr'>luto</span> <span class='ocrx_word' id='word_1_192' title='bbox 270 2105 344 2153; x_wconf 87' lang='lat' dir='ltr'>vel</span> <span class='ocrx_word' id='word_1_193' title='bbox 365 2105 542 2164; x_wconf 90' lang='lat' dir='ltr'>serico,</span> <span class='ocrx_word' id='word_1_194' title='bbox 572 2105 692 2153; x_wconf 89' lang='lat' dir='ltr'>alios</span> <span class='ocrx_word' id='word_1_195' title='bbox 717 2121 827 2153; x_wconf 92' lang='lat' dir='ltr'>cum</span> <span class='ocrx_word' id='word_1_196' title='bbox 847 2105 1059 2154; x_wconf 90' lang='lat' dir='ltr'>vestibus</span> <span class='ocrx_word' id='word_1_197' title='bbox 1072 2108 1285 2164; x_wconf 88' lang='lat' dir='ltr'>tantum;</span> <span class='ocrx_word' id='word_1_198' title='bbox 1307 2105 1485 2170; x_wconf 90' lang='lat' dir='ltr'>prelati</span> <span class='ocrx_word' id='word_1_199' title='bbox 1502 2108 1714 2169; x_wconf 86' lang='lat' dir='ltr'>quatuor</span> <span class='ocrx_word' id='word_1_200' title='bbox 1736 2105 1937 2153; x_wconf 88' lang='lat' dir='ltr'>servito-</span> 
     </span>
     <span class='ocr_line' id='line_1_23' title="bbox 149 2189 1938 2254; baseline -0.001 -18"><span class='ocrx_word' id='word_1_201' title='bbox 149 2205 230 2236; x_wconf 89' lang='lat' dir='ltr'>res</span> <span class='ocrx_word' id='word_1_202' title='bbox 242 2189 432 2237; x_wconf 90' lang='lat' dir='ltr'>diverso</span> <span class='ocrx_word' id='word_1_203' title='bbox 449 2190 594 2237; x_wconf 91' lang='lat' dir='ltr'>modo</span> <span class='ocrx_word' id='word_1_204' title='bbox 611 2190 809 2237; x_wconf 89' lang='lat' dir='ltr'>vestitos</span> <span class='ocrx_word' id='word_1_205' title='bbox 825 2193 873 2237; x_wconf 90' lang='lat' dir='ltr'>et</span> <span class='ocrx_word' id='word_1_206' title='bbox 887 2190 1044 2254; x_wconf 82' lang='lat' dir='ltr'>major</span> <span class='ocrx_word' id='word_1_207' title='bbox 1051 2206 1167 2253; x_wconf 89' lang='lat' dir='ltr'>pars</span> <span class='ocrx_word' id='word_1_208' title='bbox 1178 2190 1281 2237; x_wconf 91' lang='lat' dir='ltr'>sine</span> <span class='ocrx_word' id='word_1_209' title='bbox 1294 2189 1499 2249; x_wconf 89' lang='lat' dir='ltr'>baculis,</span> <span class='ocrx_word' id='word_1_210' title='bbox 1514 2192 1719 2253; x_wconf 87' lang='lat' dir='ltr'>excepto</span> <span class='ocrx_word' id='word_1_211' title='bbox 1732 2189 1938 2236; x_wconf 84' lang='lat' dir='ltr'>sacrista</span> 
     </span>
     <span class='ocr_line' id='line_1_24' title="bbox 152 2273 1937 2338; baseline 0 -18"><span class='ocrx_word' id='word_1_212' title='bbox 152 2273 232 2336; x_wconf 90' lang='lat' dir='ltr'>qui</span> <span class='ocrx_word' id='word_1_213' title='bbox 247 2273 417 2321; x_wconf 90' lang='lat' dir='ltr'>habuit</span> <span class='ocrx_word' id='word_1_214' title='bbox 432 2289 515 2321; x_wconf 91' lang='lat' dir='ltr'>sex</span> <span class='ocrx_word' id='word_1_215' title='bbox 534 2274 791 2321; x_wconf 78' lang='lat' dir='ltr'>servitores</span> <span class='ocrx_word' id='word_1_216' title='bbox 810 2274 950 2338; x_wconf 77' lang='lat' dir='ltr'>juxta</span> <span class='ocrx_word' id='word_1_217' title='bbox 969 2290 1019 2321; x_wconf 94' lang='lat' dir='ltr'>se</span> <span class='ocrx_word' id='word_1_218' title='bbox 1042 2274 1092 2321; x_wconf 89' lang='lat' dir='ltr'>in</span> <span class='ocrx_word' id='word_1_219' title='bbox 1110 2274 1324 2322; x_wconf 89' lang='lat' dir='ltr'>vestibus</span> <span class='ocrx_word' id='word_1_220' title='bbox 1344 2273 1580 2332; x_wconf 90' lang='lat' dir='ltr'>rosaceis,</span> <span class='ocrx_word' id='word_1_221' title='bbox 1607 2276 1653 2320; x_wconf 88' lang='lat' dir='ltr'>et</span> <span class='ocrx_word' id='word_1_222' title='bbox 1670 2273 1814 2321; x_wconf 89' lang='lat' dir='ltr'>ambo</span> <span class='ocrx_word' id='word_1_223' title='bbox 1838 2273 1937 2320; x_wconf 88' lang='lat' dir='ltr'>cle-</span> 
     </span>
     <span class='ocr_line' id='line_1_25' title="bbox 151 2355 1938 2420; baseline 0.001 -18"><span class='ocrx_word' id='word_1_224' title='bbox 151 2355 242 2403; x_wconf 88' lang='lat' dir='ltr'>rici</span> <span class='ocrx_word' id='word_1_225' title='bbox 265 2357 454 2420; x_wconf 89' lang='lat' dir='ltr'>capelle</span> <span class='ocrx_word' id='word_1_226' title='bbox 473 2356 813 2419; x_wconf 88' lang='lat' dir='ltr'>equitaverunt</span> <span class='ocrx_word' id='word_1_227' title='bbox 830 2357 878 2404; x_wconf 92' lang='lat' dir='ltr'>in</span> <span class='ocrx_word' id='word_1_228' title='bbox 895 2360 1027 2406; x_wconf 87' lang='lat' dir='ltr'>cotta</span> <span class='ocrx_word' id='word_1_229' title='bbox 1046 2360 1157 2405; x_wconf 90' lang='lat' dir='ltr'>ante</span> <span class='ocrx_word' id='word_1_230' title='bbox 1175 2359 1559 2415; x_wconf 89' lang='lat' dir='ltr'>sacramentum,</span> <span class='ocrx_word' id='word_1_231' title='bbox 1574 2356 1764 2404; x_wconf 91' lang='lat' dir='ltr'>Elsinus</span> <span class='ocrx_word' id='word_1_232' title='bbox 1783 2372 1811 2404; x_wconf 91' lang='lat' dir='ltr'>a</span> <span class='ocrx_word' id='word_1_233' title='bbox 1827 2357 1938 2403; x_wconf 87' lang='lat' dir='ltr'>dex-</span> 
     </span>
     <span class='ocr_line' id='line_1_26' title="bbox 155 2439 1936 2505; baseline 0.002 -20"><span class='ocrx_word' id='word_1_234' title='bbox 155 2439 244 2486; x_wconf 85' lang='lat' dir='ltr'>tris</span> <span class='ocrx_word' id='word_1_235' title='bbox 261 2455 369 2487; x_wconf 86' lang='lat' dir='ltr'>cum</span> <span class='ocrx_word' id='word_1_236' title='bbox 395 2440 624 2487; x_wconf 88' lang='lat' dir='ltr'>lanterna</span> <span class='ocrx_word' id='word_1_237' title='bbox 640 2444 686 2488; x_wconf 88' lang='lat' dir='ltr'>et</span> <span class='ocrx_word' id='word_1_238' title='bbox 706 2441 970 2488; x_wconf 91' lang='lat' dir='ltr'>Federicus</span> <span class='ocrx_word' id='word_1_239' title='bbox 986 2457 1014 2488; x_wconf 90' lang='lat' dir='ltr'>a</span> <span class='ocrx_word' id='word_1_240' title='bbox 1042 2441 1250 2488; x_wconf 85' lang='lat' dir='ltr'>sinistris</span> <span class='ocrx_word' id='word_1_241' title='bbox 1266 2440 1370 2505; x_wconf 89' lang='lat' dir='ltr'>ejus</span> <span class='ocrx_word' id='word_1_242' title='bbox 1384 2440 1595 2498; x_wconf 86' lang='lat' dir='ltr'>vicinus;</span> <span class='ocrx_word' id='word_1_243' title='bbox 1623 2443 1733 2503; x_wconf 90' lang='lat' dir='ltr'>post</span> <span class='ocrx_word' id='word_1_244' title='bbox 1754 2442 1936 2504; x_wconf 89' lang='lat' dir='ltr'>Papam</span> 
     </span>
     <span class='ocr_line' id='line_1_27' title="bbox 155 2522 1937 2587; baseline 0.001 -18"><span class='ocrx_word' id='word_1_245' title='bbox 155 2522 382 2584; x_wconf 88' lang='lat' dir='ltr'>equitavit</span> <span class='ocrx_word' id='word_1_246' title='bbox 407 2524 462 2569; x_wconf 89' lang='lat' dir='ltr'>D.</span> <span class='ocrx_word' id='word_1_247' title='bbox 492 2523 830 2570; x_wconf 90' lang='lat' dir='ltr'>Ferdinandus</span> <span class='ocrx_word' id='word_1_248' title='bbox 864 2523 912 2570; x_wconf 92' lang='lat' dir='ltr'>in</span> <span class='ocrx_word' id='word_1_249' title='bbox 938 2524 1285 2587; x_wconf 87' lang='lat' dir='ltr'>superpellicio</span> <span class='ocrx_word' id='word_1_250' title='bbox 1313 2538 1424 2571; x_wconf 93' lang='lat' dir='ltr'>cum</span> <span class='ocrx_word' id='word_1_251' title='bbox 1443 2523 1594 2572; x_wconf 87' lang='lat' dir='ltr'>bursa</span> <span class='ocrx_word' id='word_1_252' title='bbox 1617 2524 1937 2587; x_wconf 88' lang='lat' dir='ltr'>pecuniarum</span> 
     </span>
     <span class='ocr_line' id='line_1_28' title="bbox 156 2605 2005 2670; baseline 0.001 -18"><span class='ocrx_word' id='word_1_253' title='bbox 156 2605 570 2669; x_wconf 88' lang='lat' dir='ltr'>projiciendarum</span> <span class='ocrx_word' id='word_1_254' title='bbox 595 2605 722 2653; x_wconf 89' lang='lat' dir='ltr'>inter</span> <span class='ocrx_word' id='word_1_255' title='bbox 747 2621 867 2669; x_wconf 90' lang='lat' dir='ltr'>quas</span> <span class='ocrx_word' id='word_1_256' title='bbox 893 2610 1033 2654; x_wconf 86' lang='lat' dir='ltr'>erant</span> <span class='ocrx_word' id='word_1_257' title='bbox 1057 2606 1240 2654; x_wconf 87' lang='lat' dir='ltr'>carleni</span> <span class='ocrx_word' id='word_1_258' title='bbox 1267 2607 1487 2670; x_wconf 84' lang='lat' dir='ltr'>argentei</span> <span class='ocrx_word' id='word_1_259' title='bbox 1513 2610 1561 2654; x_wconf 92' lang='lat' dir='ltr'>et</span> <span class='ocrx_word' id='word_1_260' title='bbox 1584 2607 1706 2666; x_wconf 89' lang='lat' dir='ltr'>auri,</span> <span class='ocrx_word' id='word_1_261' title='bbox 1741 2610 1937 2655; x_wconf 88' lang='lat' dir='ltr'>centum</span> <span class='ocrx_word' id='word_1_262' title='bbox 2000 2647 2005 2654; x_wconf 95' lang='lat'>.</span> 
     </span>
     <span class='ocr_line' id='line_1_29' title="bbox 157 2689 1940 2754; baseline 0.001 -18"><span class='ocrx_word' id='word_1_263' title='bbox 157 2689 320 2754; x_wconf 84' lang='lat' dir='ltr'>ducati</span> <span class='ocrx_word' id='word_1_264' title='bbox 352 2704 560 2751; x_wconf 89' lang='lat' dir='ltr'>quorum</span> <span class='ocrx_word' id='word_1_265' title='bbox 588 2690 734 2753; x_wconf 89' lang='lat' dir='ltr'>aliqui</span> <span class='ocrx_word' id='word_1_266' title='bbox 762 2693 902 2738; x_wconf 91' lang='lat' dir='ltr'>erant</span> <span class='ocrx_word' id='word_1_267' title='bbox 927 2691 1167 2754; x_wconf 89' lang='lat' dir='ltr'>duplones</span> <span class='ocrx_word' id='word_1_268' title='bbox 1190 2706 1199 2738; x_wconf 91' lang='lat'><strong>:</strong></span> <span class='ocrx_word' id='word_1_269' title='bbox 1227 2690 1438 2754; x_wconf 86' lang='lat' dir='ltr'>projecit</span> <span class='ocrx_word' id='word_1_270' title='bbox 1459 2690 1508 2736; x_wconf 92' lang='lat' dir='ltr'>in</span> <span class='ocrx_word' id='word_1_271' title='bbox 1533 2689 1698 2737; x_wconf 89' lang='lat' dir='ltr'>multis</span> <span class='ocrx_word' id='word_1_272' title='bbox 1723 2690 1861 2748; x_wconf 90' lang='lat' dir='ltr'>locis,</span> <span class='ocrx_word' id='word_1_273' title='bbox 1893 2695 1940 2738; x_wconf 88' lang='lat' dir='ltr'>et</span> 
     </span>
     <span class='ocr_line' id='line_1_30' title="bbox 158 2771 1940 2837; baseline 0.001 -19"><span class='ocrx_word' id='word_1_274' title='bbox 158 2774 326 2835; x_wconf 87' lang='lat' dir='ltr'>preter</span> <span class='ocrx_word' id='word_1_275' title='bbox 350 2771 702 2821; x_wconf 68' lang='lat' dir='ltr'>solitum-Iudai</span> <span class='ocrx_word' id='word_1_276' title='bbox 725 2773 945 2821; x_wconf 80' lang='lat' dir='ltr'>fecerunt</span> <span class='ocrx_word' id='word_1_277' title='bbox 967 2773 1166 2837; x_wconf 85' lang='lat' dir='ltr'>longum</span> <span class='ocrx_word' id='word_1_278' title='bbox 1189 2787 1468 2821; x_wconf 89' lang='lat' dir='ltr'>sermonem</span> <span class='ocrx_word' id='word_1_279' title='bbox 1495 2772 1543 2819; x_wconf 92' lang='lat' dir='ltr'>in</span> <span class='ocrx_word' id='word_1_280' title='bbox 1568 2772 1746 2836; x_wconf 82' lang='lat' dir='ltr'>angulo</span> <span class='ocrx_word' id='word_1_281' title='bbox 1773 2772 1940 2820; x_wconf 90' lang='lat' dir='ltr'>Turris</span> 
     </span>
     <span class='ocr_line' id='line_1_31' title="bbox 158 2844 1936 2921; baseline 0 -19"><span class='ocrx_word' id='word_1_282' title='bbox 158 2855 380 2902; x_wconf 90' lang='lat' dir='ltr'>Rotunde</span> <span class='ocrx_word' id='word_1_283' title='bbox 404 2856 531 2903; x_wconf 89' lang='lat' dir='ltr'>arcis</span> <span class='ocrx_word' id='word_1_284' title='bbox 557 2872 595 2904; x_wconf 82' lang='lat' dir='ltr'>s,</span> <span class='ocrx_word' id='word_1_285' title='bbox 628 2857 800 2921; x_wconf 83' lang='lat' dir='ltr'>Angeli</span> <span class='ocrx_word' id='word_1_286' title='bbox 820 2856 962 2921; x_wconf 85' lang='lat' dir='ltr'>juxta</span> <span class='ocrx_word' id='word_1_287' title='bbox 994 2872 1189 2904; x_wconf 89' lang='lat' dir='ltr'>murum</span> <span class='ocrx_word' id='word_1_288' title='bbox 1225 2844 1427 2920; x_wconf 83' lang='lat' dir='ltr'>longum</span> <span class='ocrx_word' id='word_1_289' title='bbox 1454 2872 1482 2910; x_wconf 87' lang='lat' dir='ltr'>a</span> <span class='ocrx_word' id='word_1_290' title='bbox 1504 2858 1648 2919; x_wconf 91' lang='lat' dir='ltr'>porta</span> <span class='ocrx_word' id='word_1_291' title='bbox 1668 2855 1936 2914; x_wconf 87' lang='lat' dir='ltr'>venientes,</span> 
     </span>
     <span class='ocr_line' id='line_1_32' title="bbox 159 2938 1936 3004; baseline 0.001 -20"><span class='ocrx_word' id='word_1_292' title='bbox 159 2938 298 2985; x_wconf 84' lang='lat' dir='ltr'>rabbi</span> <span class='ocrx_word' id='word_1_293' title='bbox 341 2939 582 2998; x_wconf 88' lang='lat' dir='ltr'>Samuele,</span> <span class='ocrx_word' id='word_1_294' title='bbox 626 2940 842 3003; x_wconf 91' lang='lat' dir='ltr'>Hispano</span> <span class='ocrx_word' id='word_1_295' title='bbox 882 2940 1074 2989; x_wconf 92' lang='lat' dir='ltr'>medico</span> <span class='ocrx_word' id='word_1_296' title='bbox 1122 2943 1251 3004; x_wconf 86' lang='lat' dir='ltr'>Pape</span> <span class='ocrx_word' id='word_1_297' title='bbox 1296 2956 1386 3003; x_wconf 92' lang='lat' dir='ltr'>pro</span> <span class='ocrx_word' id='word_1_298' title='bbox 1428 2940 1653 2987; x_wconf 88' lang='lat' dir='ltr'>omnibus</span> <span class='ocrx_word' id='word_1_299' title='bbox 1690 2939 1936 3002; x_wconf 89' lang='lat' dir='ltr'>loquente.</span> 
     </span>
     <span class='ocr_line' id='line_1_33' title="bbox 161 3022 1944 3087; baseline 0.001 -20"><span class='ocrx_word' id='word_1_300' title='bbox 161 3022 292 3084; x_wconf 88' lang='lat' dir='ltr'>Papa</span> <span class='ocrx_word' id='word_1_301' title='bbox 315 3022 568 3085; x_wconf 88' lang='lat' dir='ltr'>respondit</span> <span class='ocrx_word' id='word_1_302' title='bbox 595 3026 740 3086; x_wconf 90' lang='lat' dir='ltr'>prout</span> <span class='ocrx_word' id='word_1_303' title='bbox 762 3023 810 3070; x_wconf 91' lang='lat' dir='ltr'>in</span> <span class='ocrx_word' id='word_1_304' title='bbox 835 3023 1018 3071; x_wconf 85' lang='lat' dir='ltr'>libello.</span> <span class='ocrx_word' id='word_1_305' title='bbox 1046 3027 1096 3071; x_wconf 90' lang='lat' dir='ltr'>In</span> <span class='ocrx_word' id='word_1_306' title='bbox 1126 3023 1220 3071; x_wconf 88' lang='lat' dir='ltr'>fine</span> <span class='ocrx_word' id='word_1_307' title='bbox 1244 3023 1406 3087; x_wconf 91' lang='lat' dir='ltr'>pontis</span> <span class='ocrx_word' id='word_1_308' title='bbox 1431 3023 1519 3070; x_wconf 86' lang='lat' dir='ltr'>suit</span> <span class='ocrx_word' id='word_1_309' title='bbox 1545 3022 1698 3070; x_wconf 85' lang='lat' dir='ltr'>factus</span> <span class='ocrx_word' id='word_1_310' title='bbox 1726 3038 1871 3069; x_wconf 87' lang='lat' dir='ltr'>arcus</span> <span class='ocrx_word' id='word_1_311' title='bbox 1896 3025 1944 3069; x_wconf 89' lang='lat' dir='ltr'>et</span> 
     </span>
     <span class='ocr_line' id='line_1_34' title="bbox 161 3103 1939 3170; baseline 0.001 -20"><span class='ocrx_word' id='word_1_312' title='bbox 161 3103 274 3150; x_wconf 89' lang='lat' dir='ltr'>inde</span> <span class='ocrx_word' id='word_1_313' title='bbox 311 3120 462 3168; x_wconf 91' lang='lat' dir='ltr'>usque</span> <span class='ocrx_word' id='word_1_314' title='bbox 498 3106 559 3153; x_wconf 90' lang='lat' dir='ltr'>ad</span> <span class='ocrx_word' id='word_1_315' title='bbox 587 3107 822 3170; x_wconf 87' lang='lat' dir='ltr'>Campum</span> <span class='ocrx_word' id='word_1_316' title='bbox 856 3107 1015 3166; x_wconf 89' lang='lat' dir='ltr'>Flore,</span> <span class='ocrx_word' id='word_1_317' title='bbox 1047 3107 1168 3155; x_wconf 91' lang='lat' dir='ltr'>alius</span> <span class='ocrx_word' id='word_1_318' title='bbox 1203 3111 1315 3155; x_wconf 91' lang='lat' dir='ltr'>ante</span> <span class='ocrx_word' id='word_1_319' title='bbox 1353 3107 1590 3155; x_wconf 73' lang='lat' dir='ltr'>Ginucios-</span> <span class='ocrx_word' id='word_1_320' title='bbox 1620 3104 1939 3156; x_wconf 79' lang='lat' dir='ltr'>baucherios:</span> 
     </span>
     <span class='ocr_line' id='line_1_35' title="bbox 165 3188 1943 3254; baseline 0.001 -22"><span class='ocrx_word' id='word_1_321' title='bbox 165 3201 286 3232; x_wconf 91' lang='lat' dir='ltr'>unus</span> <span class='ocrx_word' id='word_1_322' title='bbox 331 3189 441 3235; x_wconf 89' lang='lat' dir='ltr'>ante</span> <span class='ocrx_word' id='word_1_323' title='bbox 488 3188 686 3236; x_wconf 88' lang='lat' dir='ltr'>domum</span> <span class='ocrx_word' id='word_1_324' title='bbox 727 3190 986 3238; x_wconf 84' lang='lat' dir='ltr'>cardinalis</span> <span class='ocrx_word' id='word_1_325' title='bbox 1031 3207 1069 3238; x_wconf 89' lang='lat' dir='ltr'>s.</span> <span class='ocrx_word' id='word_1_326' title='bbox 1091 3190 1328 3254; x_wconf 22' lang='lat' dir='ltr'>,Georgii3</span> <span class='ocrx_word' id='word_1_327' title='bbox 1378 3190 1472 3238; x_wconf 91' lang='lat' dir='ltr'>duo</span> <span class='ocrx_word' id='word_1_328' title='bbox 1508 3189 1556 3237; x_wconf 91' lang='lat' dir='ltr'>in</span> <span class='ocrx_word' id='word_1_329' title='bbox 1582 3191 1761 3252; x_wconf 89' lang='lat' dir='ltr'>Campo</span> <span class='ocrx_word' id='word_1_330' title='bbox 1802 3188 1943 3235; x_wconf 86' lang='lat' dir='ltr'>Flore</span> 
     </span>
     <span class='ocr_line' id='line_1_36' title="bbox 164 3267 1939 3339; baseline 0.001 -25"><span class='ocrx_word' id='word_1_331' title='bbox 164 3267 363 3331; x_wconf 85' lang='lat' dir='ltr'>longum</span> <span class='ocrx_word' id='word_1_332' title='bbox 404 3285 515 3318; x_wconf 89' lang='lat' dir='ltr'>cum</span> <span class='ocrx_word' id='word_1_333' title='bbox 560 3287 642 3318; x_wconf 78' lang='lat' dir='ltr'>sex</span> <span class='ocrx_word' id='word_1_334' title='bbox 677 3274 889 3339; x_wconf 81' lang='lat' dir='ltr'>arcubus</span> <span class='ocrx_word' id='word_1_335' title='bbox 924 3277 973 3322; x_wconf 89' lang='lat' dir='ltr'>et</span> <span class='ocrx_word' id='word_1_336' title='bbox 1013 3274 1217 3322; x_wconf 85' lang='lat' dir='ltr'>totidem</span> <span class='ocrx_word' id='word_1_337' title='bbox 1254 3274 1366 3321; x_wconf 88' lang='lat' dir='ltr'>inde</span> <span class='ocrx_word' id='word_1_338' title='bbox 1419 3276 1467 3320; x_wconf 89' lang='lat' dir='ltr'>et</span> <span class='ocrx_word' id='word_1_339' title='bbox 1496 3289 1584 3336; x_wconf 91' lang='lat' dir='ltr'>per</span> <span class='ocrx_word' id='word_1_340' title='bbox 1622 3273 1749 3319; x_wconf 84' lang='lat' dir='ltr'>hanc</span> <span class='ocrx_word' id='word_1_341' title='bbox 1796 3271 1939 3317; x_wconf 89' lang='lat' dir='ltr'>viam.</span> 
     </span>
     <span class='ocr_line' id='line_1_37' title="bbox 166 3351 1942 3421; baseline 0.003 -26"><span class='ocrx_word' id='word_1_342' title='bbox 166 3351 405 3413; x_wconf 88' lang='lat' dir='ltr'>Equitavit</span> <span class='ocrx_word' id='word_1_343' title='bbox 430 3355 561 3417; x_wconf 90' lang='lat' dir='ltr'>Papa</span> <span class='ocrx_word' id='word_1_344' title='bbox 584 3371 682 3403; x_wconf 90' lang='lat' dir='ltr'>non</span> <span class='ocrx_word' id='word_1_345' title='bbox 715 3372 803 3419; x_wconf 89' lang='lat' dir='ltr'>per</span> <span class='ocrx_word' id='word_1_346' title='bbox 833 3357 1059 3420; x_wconf 85' lang='lat' dir='ltr'>papalem</span> <span class='ocrx_word' id='word_1_347' title='bbox 1091 3358 1188 3406; x_wconf 87' lang='lat' dir='ltr'>sive</span> <span class='ocrx_word' id='word_1_348' title='bbox 1212 3358 1467 3421; x_wconf 88' lang='lat' dir='ltr'>parionem</span> <span class='ocrx_word' id='word_1_349' title='bbox 1505 3357 1564 3402; x_wconf 90' lang='lat' dir='ltr'>de</span> <span class='ocrx_word' id='word_1_350' title='bbox 1598 3359 1776 3417; x_wconf 89' lang='lat' dir='ltr'>Campo</span> <span class='ocrx_word' id='word_1_351' title='bbox 1802 3353 1942 3401; x_wconf 87' lang='lat' dir='ltr'>Flore</span> 
     </span>
     <span class='ocr_line' id='line_1_38' title="bbox 168 3423 1943 3502; baseline 0.003 -24"><span class='ocrx_word' id='word_1_352' title='bbox 168 3432 227 3486; x_wconf 75' lang='lat' dir='ltr'>ad</span> <span class='ocrx_word' id='word_1_353' title='bbox 254 3433 452 3481; x_wconf 90' lang='lat' dir='ltr'>domum</span> <span class='ocrx_word' id='word_1_354' title='bbox 491 3435 550 3482; x_wconf 90' lang='lat' dir='ltr'>de</span> <span class='ocrx_word' id='word_1_355' title='bbox 574 3423 814 3497; x_wconf 78' lang='lat' dir='ltr'>Maximis,</span> <span class='ocrx_word' id='word_1_356' title='bbox 850 3440 960 3486; x_wconf 84' lang='lat' dir='ltr'>inde</span> <span class='ocrx_word' id='word_1_357' title='bbox 986 3440 1126 3487; x_wconf 84' lang='lat' dir='ltr'>solita</span> <span class='ocrx_word' id='word_1_358' title='bbox 1158 3440 1233 3487; x_wconf 86' lang='lat' dir='ltr'>via</span> <span class='ocrx_word' id='word_1_359' title='bbox 1257 3455 1350 3502; x_wconf 89' lang='lat' dir='ltr'>que</span> <span class='ocrx_word' id='word_1_360' title='bbox 1382 3438 1467 3486; x_wconf 87' lang='lat' dir='ltr'>fuit</span> <span class='ocrx_word' id='word_1_361' title='bbox 1501 3437 1549 3484; x_wconf 87' lang='lat' dir='ltr'>in</span> <span class='ocrx_word' id='word_1_362' title='bbox 1580 3435 1800 3499; x_wconf 89' lang='lat' dir='ltr'>pluribus</span> <span class='ocrx_word' id='word_1_363' title='bbox 1823 3436 1943 3484; x_wconf 74' lang='lat' dir='ltr'>locis</span> 
     </span>
    </p>
   </div>
  </div>
 </body>
</html>
