2228 3938
290 357 361 394 296
900 357 1134 396 JOHANNIS
1167 357 1460 406 BURCHARDI,
1736 361 1948 401 [Novembre
1969 364 2066 405 1503]

293 459 506 523 singulos
528 459 649 506 alios
674 474 785 507 cum
810 458 983 507 libellis
1004 460 1391 524 juramentorum
1414 465 1460 509 et
1481 465 1748 525 posuerunt
1769 478 1940 513 omnes
1962 481 2060 515 ma-

293 558 383 589 nus
403 556 549 604 super
575 540 701 588 libro
720 541 958 604 jurantes.
990 545 1112 590 Item
1136 543 1360 607 subjunxi
1389 544 1518 607 quod
1549 544 1858 608 requirerent
1884 562 1973 595 nos
1999 551 2058 597 D.

295 624 559 671 Adrianum
582 622 640 670 de
657 623 896 687 Caprinis,
916 626 1252 689 Raymundum
1277 625 1334 674 de
1360 626 1674 691 RaymundiS,
1698 628 1919 676 Garziam
1943 631 2062 677 Fer-

293 707 440 755 nandi
469 710 516 755 et
543 721 626 754 ⁴me
663 707 881 755 notarios
906 707 1126 771 publicos
1166 712 1218 757 ut
1255 709 1429 774 singuli
1462 710 1628 758 RRmi.
1663 713 1764 759 DD.
1793 712 2063 762 cardinales

342 858 360 876 «
387 840 552 890 Raphael
565 841 620 878 tit.
636 842 673 879 S.
687 841 832 890 Georgii
851 842 898 879 ad
912 842 1219 879 Velum-Aureum
1239 843 1414 881 diaconus
1434 844 1693 891 cardinalis‚S.
1711 846 1755 883 R.
1767 846 1808 882 E.
1820 846 2056 886 camerarius.

343 917 363 936 «
389 902 549 938 Joannes
569 900 624 938 tit.
645 901 684 938 S.
707 901 830 938 Mariae
848 900 885 937 in
905 900 1039 950 Aquiro
1060 902 1234 940 diaconus
1255 903 1446 941 cardinalis
1466 905 1510 941 de
1532 905 1719 942 Columna.

347 975 364 995 α
387 960 569 998 Ascanius
604 959 718 998 Maria
753 960 886 998 Sl'ortia
907 961 1117 1007 vicecomes,
1140 962 1179 999 S.
1208 961 1283 999 Viti
1307 962 1344 999 in
1375 962 1526 1001 Macella
1550 965 1752 1013 Martyrum
1785 965 1959 1002 diaconus
1990 976 2064 1003 car-

296 1021 442 1067 dinalis,
465 1021 504 1059 S.
529 1020 573 1059 R.
593 1020 632 1058 E.
655 1020 989 1060 vicecancellarius.
2049 1027 2053 1031 '

344 1098 361 1115 «
390 1083 549 1119 Joannes
570 1081 610 1118 S.
633 1081 756 1118 Marioe
773 1081 808 1117 in
830 1081 1017 1118 Dominica
1036 1081 1212 1118 diaconus
1232 1081 1426 1118 cardinalis
1447 1080 1492 1116 de
1512 1080 1674 1117 Medicis,

345 1157 363 1175 «
391 1141 585 1178 Federicus
606 1141 645 1177 S.
669 1141 847 1178 Theodori
867 1141 1041 1178 diaconus
1060 1141 1252 1177 cardinalis
1272 1141 1317 1176 de
1339 1141 1379 1177 S.
1402 1140 1590 1178 Severino.

345 1216 363 1235 «
393 1200 610 1250 Hippolytus
631 1200 671 1237 S.
692 1200 811 1237 Lucioe
831 1200 868 1237 in
889 1199 995 1237 Silice
1017 1201 1190 1238 diaconus
1211 1200 1407 1237 cardinalis
1428 1201 1612 1239 Estensis.

346 1275 363 1294 α
390 1260 556 1297 Julianus
574 1260 614 1298 S.
636 1259 768 1307 Angeli
788 1260 963 1296 diaconus
984 1260 1179 1296 cardinalis
1201 1259 1424 1301 Caesarinus.

345 1338 363 1356 «
390 1321 596 1359 Alexander
615 1320 656 1357 S.
678 1319 863 1357 Eustachii
883 1318 1058 1356 diaconus
1078 1319 1270 1356 cardinalis
1298 1320 1504 1359 FarnesiuS.

347 1398 365 1415 (ι
391 1381 597 1417 Ludovicus
618 1380 656 1416 S.
678 1378 802 1415 Mariae
823 1378 859 1414 in
880 1378 1072 1415 Cosmedin
1096 1378 1272 1415 diaconus
1292 1379 1484 1416 cardinalis
1505 1380 1767 1429 de.Aragonia.

347 1455 366 1477 «
392 1442 587 1478 Amanaeus
607 1439 647 1477 S.
669 1438 807 1491 Nicolsai
825 1438 862 1474 in
880 1438 1032 1475 Carcere
1053 1438 1219 1476 Tulliano
1238 1439 1414 1476 diaconus
1435 1439 1629 1476 cardinalis
1648 1440 1692 1477 de
1712 1440 1874 1478 Albreto.

347 1516 366 1534 «
394 1499 600 1537 Ludovicus
618 1499 659 1537 S.
681 1498 805 1535 Mariae
825 1498 860 1533 in
881 1497 949 1534 Via
967 1499 1058 1535 Lata
1077 1499 1250 1536 diaconus
1271 1499 1463 1537 cardinalis
1485 1500 1632 1548 Borgia.

347 1575 366 1594 «
394 1560 538 1596 Marcus
558 1558 598 1595 S.
620 1557 742 1594 Mariae
762 1557 799 1593 in
819 1556 965 1593 Porticu
984 1557 1159 1595 diaconus
1186 1558 1379 1596 cardinalis
1399 1559 1602 1596 Cornelius.

348 1634 366 1653 (ι
395 1617 611 1654 Franciscus
633 1616 672 1654 S.
697 1615 843 1653 Sabinae
862 1615 1037 1653 diaconus
1055 1616 1249 1654 cardinalis
1269 1617 1451 1654 Elnensis.

349 1694 367 1712 «
396 1677 536 1724 Quibus
557 1674 868 1713 reverendissimis
890 1675 1044 1712 dominis
1072 1676 1318 1714 cardinalibus
1351 1677 1577 1723 sedentibus,
1599 1689 1667 1726 ego
1692 1678 1854 1716 Joannes
1887 1679 2068 1716 Burchar-

301 1739 385 1782 dus,
403 1738 564 1774 decanus
585 1734 815 1776 Basiliensis,
839 1735 944 1772 dictae
965 1735 1063 1772 sedis
1084 1736 1354 1784 protonotarius
1375 1740 1409 1773 et
1428 1737 1604 1785 magister
1620 1738 1905 1775 ceremoniarum
1926 1738 2071 1787 capelloe

302 1796 526 1846 apostolicae,
555 1799 683 1832 tenens
704 1793 741 1830 in
764 1793 932 1830 manibus
951 1794 1042 1831 meis
1066 1795 1158 1832 duos
1182 1795 1470 1843 quinterniones,
1492 1796 1568 1833 alta
1588 1801 1624 1833 et
1643 1797 1861 1846 intelligibili
1887 1809 1974 1835 voce
1993 1791 2071 1834 dixi

301 1858 339 1893 in
367 1856 462 1892 hanc
491 1854 708 1892 sententiam
733 1865 741 1890 :
763 1853 1073 1891 Reverendissimi
1101 1854 1251 1900 domini,
1281 1855 1358 1892 haec
1385 1860 1470 1892 sunt
1500 1856 1658 1904 capitula
1688 1856 1833 1905 publica
1853 1861 1889 1894 et
1915 1856 2069 1906 privata,

302 1927 383 1965 quae
414 1915 522 1963 paulo
551 1918 635 1951 ante
664 1912 828 1949 ordinata
856 1912 1005 1950 fuerunt
1035 1924 1100 1961 per
1130 1913 1452 1950 reverendissimas
1485 1915 1759 1952 Dominationes
1793 1920 1929 1953 vestras
1965 1927 2073 1964 super

304 1975 479 2023 regimine
499 1978 536 2010 et
554 1971 865 2009 administratione
885 1971 994 2008 futuri
1015 1971 1221 2016 Pontificis;
1239 1977 1430 2021 propterea
1452 1973 1481 2010 si
1507 1976 1625 2022 placet
1638 1975 1761 2023 jurare
1783 1975 1827 2012 de
1846 1975 2073 2012 observando

304 2033 565 2071 continentiam
584 2031 793 2080 hujusmodi
812 2030 1063 2079 capitulorum,
1089 2031 1399 2068 reverendissimae
1427 2033 1699 2071 Dominationes
1720 2039 1851 2072 vestrae
1866 2035 2002 2083 jurent.
2029 2035 2074 2072 Et

304 2106 369 2143 pro
389 2097 489 2142 parte
509 2092 716 2129 eorumdem
736 2090 1117 2128 reverendissimorum
1138 2090 1373 2127 cardinalium
1395 2103 1609 2140 responsum
1635 2093 1703 2130 fuit
1722 2094 1818 2142 quod
1839 2093 1955 2142 parati
1966 2098 2076 2131 erant

301 2156 423 2204 jurare
446 2151 685 2199 volebantque
708 2155 746 2187 ut
766 2150 876 2198 aliqui
895 2149 1026 2187 notarii
1045 2154 1168 2186 essent
1178 2150 1222 2186 de
1242 2150 1303 2187 tali
1317 2151 1526 2199 juramento
1545 2152 1676 2200 rogati,
1698 2157 1734 2189 et
1750 2152 1924 2190 nominati
1938 2153 2073 2190 fuimus

306 2221 342 2254 et
372 2212 489 2261 rogati
521 2224 542 2248 a
572 2210 721 2260 prefatis
756 2209 1071 2247 reverendissimis
1105 2209 1260 2246 dominis
1291 2210 1549 2257 cardinalibus,
1583 2211 1808 2249 venerabiles
1838 2212 1907 2250 viri
1938 2213 2076 2250 domini

307 2274 512 2312 Hadrianus
544 2271 588 2308 de
609 2269 773 2318 Caprinis
808 2269 1058 2314 Viterbiensis,
1080 2268 1228 2306 Garsias
1258 2269 1438 2306 Fernandi
1468 2270 1512 2306 de
1538 2270 1726 2308 Bobadilla
1755 2272 2075 2310 Salamanticensis

306 2332 489 2377 (lioecesis,
520 2335 557 2368 et
576 2329 817 2378 Raymundus
843 2329 888 2365 de
907 2327 1135 2376 Raymundis
1168 2327 1425 2366 Cremonensis
1442 2329 1609 2366 dioecesis
1641 2330 1773 2376 clerici,
1795 2335 1830 2367 et
1855 2342 1939 2379 ego,
1959 2335 2000 2368 ut
2030 2333 2076 2368 de

307 2394 405 2430 dicto
421 2392 626 2440 juramento
645 2401 757 2425 unum
777 2387 832 2425 vel
856 2387 961 2436 plura
981 2387 1195 2424 conficerem
1222 2391 1257 2424 et
1278 2387 1428 2435 quilibet
1454 2393 1619 2426 nostrum
1638 2389 1833 2427 conficeret
1853 2391 2074 2429 instrumen-

308 2458 383 2490 tum
404 2456 440 2488 et
455 2450 708 2487 instrumenta.
743 2447 834 2484 Tum
856 2458 926 2495 ego
947 2446 1069 2495 accepi
1090 2446 1219 2483 librum
1245 2447 1524 2495 Evangeliorum
1550 2453 1586 2485 et
1605 2448 1781 2497 incip1ens
1810 2461 1832 2486 a
1850 2450 2075 2488 reverendis-

310 2512 400 2549 simo
431 2509 577 2546 domino
606 2506 790 2545 cardinale
822 2506 1074 2555 Neapolitano,
1105 2506 1243 2543 decano
1271 2507 1363 2543 sacri
1396 2507 1552 2556 collegii,
1588 2513 1623 2545 et
1654 2507 1835 2556 gradatim
1865 2509 2001 2546 vadens
2032 2510 2078 2547 ad

308 2569 504 2620 quemlibet
525 2569 569 2605 de
597 2566 867 2616 praenomiuatis
889 2565 1200 2603 reverendissimis
1224 2566 1393 2613 dominis,
1421 2566 1539 2616 recepi
1564 2579 1586 2604 a
1617 2567 1773 2616 singulis
1800 2568 1962 2617 ipsorum
1977 2569 2080 2617 jura-

307 2635 469 2669 mentum
496 2629 539 2665 de
560 2627 747 2664 servandis
772 2625 877 2663 dictis
897 2625 1063 2674 capitulis
1081 2626 1189 2674 juxta
1211 2637 1334 2663 eorum
1354 2626 1613 2663 continentiam
1643 2631 1680 2664 et
1704 2632 1878 2671 tenorem,
1900 2633 1936 2666 et
1954 2639 2080 2666 omnes

310 2695 345 2728 et
374 2687 509 2737 singuli
540 2699 585 2724 ex
614 2686 772 2735 praefatis
805 2685 1116 2722 reverendissimis
1147 2685 1304 2722 dominis
1337 2685 1582 2723 cardinalibus
1614 2687 1847 2735 corporaliter
1883 2691 2079 2736 tangentes

311 2760 449 2786 sacram
476 2747 690 2795 scripturam
725 2745 778 2782 sic
809 2745 1037 2794 juraverunt,
1074 2745 1181 2782 nobis
1216 2749 1370 2793 quatuor
1403 2746 1553 2782 notariis
1586 2750 1621 2782 et
1654 2746 1811 2783 testibus
1840 2746 2079 2795 infrascriptis

309 2807 531 2852 videntibus,
553 2805 784 2843 audientibus
808 2810 844 2842 et
863 2804 1170 2853 intelligentibus.
1198 2805 1276 2849 Quo
1292 2805 1497 2853 juramento
1525 2816 1590 2853 per
1611 2805 1775 2853 singulos
1796 2805 1963 2854 praesatos
1979 2816 2079 2842 reve-

310 2867 547 2905 rendissimos
573 2864 738 2901 dominos
765 2864 966 2901 cardinales
991 2864 1167 2912 praestito,
1196 2865 1240 2900 de
1266 2865 1435 2901 mandato
1469 2864 1675 2901 eorumdem
1701 2863 2080 2901 reverendissimorum

310 2926 538 2964 dominorum
571 2923 806 2961 cardinalium
827 2923 1043 2960 recessimus
1077 2923 1121 2960 de
1153 2922 1249 2959 dicta
1275 2922 1425 2972 capella,
1454 2928 1490 2960 et
1516 2923 1654 2960 modico
1684 2923 1885 2969 intervallo,
1919 2923 2083 2962 videlicet

312 2986 421 3022 unius
440 2985 538 3021 horae
569 2983 627 3021 vel
646 2984 752 3028 circa,
783 2982 1003 3028 intermisso,
1030 2981 1166 3018 fuimus
1198 2993 1325 3018 rursus
1352 2983 1398 3019 ad
1431 2982 1562 3019 dictam
1585 2981 1758 3031 capellam
1788 2982 1920 3028 vocati,
1941 2982 1978 3019 in
2010 2995 2084 3032 qua

312 3044 510 3093 reperimus
532 3041 871 3080 reverendissimum
892 3041 1077 3078 dominum
1096 3041 1294 3087 Julianum,
1313 3041 1396 3078 olim
1413 3041 1624 3090 episcopum
1642 3041 1843 3078 Ostiensem
1863 3041 2084 3079 cardinalem

315 3105 353 3141 S.
377 3103 473 3139 Petri
494 3102 541 3139 ad
575 3101 738 3146 Vincula,
761 3100 822 3149 qui
853 3100 959 3149 paulo
986 3104 1070 3136 ante
1090 3101 1235 3137 sederat
1266 3100 1302 3136 in
1319 3100 1443 3137 ordine
1472 3099 1706 3137 cardinalium
1734 3101 1931 3146 secundus,
1959 3102 2085 3140 sedere

313 3163 360 3199 ad
381 3172 602 3211 quamquam
633 3160 796 3197 tabulam
815 3164 988 3207 tanquam
1010 3169 1161 3207 papam;
1180 3159 1257 3207 jam
1290 3159 1384 3195 enim
1405 3159 1519 3195 fuerat
1550 3160 1683 3195 electus
1703 3171 1799 3208 papa
1817 3159 1924 3196 nobis
1954 3160 2086 3198 absen-

313 3222 426 3267 tibus,
449 3227 484 3258 et
513 3221 672 3268 elegerat
702 3231 766 3256 seu
787 3224 1035 3267 assumpserat
1054 3218 1122 3254 sibi
1157 3229 1286 3254 nomen
1309 3218 1426 3255 Julius
1449 3229 1544 3266 papa
1564 3218 1611 3263 ΙΙ,
1634 3218 1691 3254 cui
1710 3230 1779 3267 ego
1808 3220 1950 3268 porrexi
1970 3220 2087 3258 dictos

313 3281 407 3318 duos
429 3280 687 3329 quaterniones
717 3278 865 3327 publica
885 3284 920 3316 et
949 3278 1091 3327 privata
1115 3277 1274 3326 capitula
1301 3276 1542 3319 continentes,
1569 3289 1661 3325 quos
1692 3278 1868 3316 sanctitas
1890 3290 1957 3316 sua
1976 3291 2086 3318 manu

317 3340 464 3388 propria
484 3339 698 3387 subscripsit
718 3342 752 3375 et
763 3337 942 3391 ,sig-navit,
965 3342 1000 3374 et
1018 3337 1104 3373 dum
1131 3336 1209 3385 ipse
1229 3335 1398 3373 Pontil'ex
1417 3335 1514 3373 dicta
1533 3335 1692 3385 capitula
1710 3336 1966 3385 subscriberet,
1988 3349 2087 3376 reve-

317 3398 556 3435 rendissimus
586 3397 755 3435 dominus
791 3396 956 3446 Raphael
991 3397 1029 3435 S.
1065 3395 1213 3444 Georgii
1241 3395 1287 3432 ad
1317 3395 1445 3433 Velum
1476 3397 1636 3432 Aureum
1669 3396 1846 3434 diaconus
1875 3397 2083 3444 cardinalis,

323 3457 367 3495 S.
393 3457 440 3494 R.
462 3458 501 3494 E.
525 3457 746 3495 camerarius
767 3456 938 3506 praefatus
964 3455 1014 3493 ibi
1035 3461 1159 3493 astans
1176 3455 1246 3493 alta
1271 3458 1307 3492 et
1326 3454 1541 3503 intelligibili
1560 3466 1646 3492 voce
1665 3456 1757 3493 dixit
1779 3467 1788 3493 :
1811 3471 1830 3490 «
1852 3457 1895 3494 Et
1914 3468 1982 3506 ego
2000 3461 2084 3494 tan-
