<?xml version="1.0" encoding="UTF-8"?>
<!DOCTYPE html PUBLIC "-//W3C//DTD XHTML 1.0 Transitional//EN"
    "http://www.w3.org/TR/xhtml1/DTD/xhtml1-transitional.dtd">
<html xmlns="http://www.w3.org/1999/xhtml" xml:lang="en" lang="en">
 <head>
  <title>
</title>
<meta http-equiv="Content-Type" content="text/html;charset=utf-8" />
  <meta name='ocr-system' content='tesseract 3.04.00' />
  <meta name='ocr-capabilities' content='ocr_page ocr_carea ocr_par ocr_line ocrx_word'/>
</head>
<body>
  <div class='ocr_page' id='page_1' title='image "./diariumsivererum03burcuoft_0214.png"; bbox 0 0 2228 3938; ppageno 0'>
   <div class='ocr_carea' id='block_1_1' title="bbox 309 395 2084 441">
    <p class='ocr_par' dir='ltr' id='par_1_1' title="bbox 309 395 2084 441">
     <span class='ocr_line' id='line_1_1' title="bbox 309 395 2084 441; baseline -0.002 -8"><span class='ocrx_word' id='word_1_1' title='bbox 309 397 377 434; x_wconf 77' lang='lat'>132</span> <span class='ocrx_word' id='word_1_2' title='bbox 914 395 1148 431; x_wconf 75' lang='lat' dir='ltr'>JOHANNIS</span> <span class='ocrx_word' id='word_1_3' title='bbox 1181 395 1476 441; x_wconf 78' lang='lat' dir='ltr'><strong>BURCHARDI,</strong></span> <span class='ocrx_word' id='word_1_4' title='bbox 1857 397 1966 436; x_wconf 80' lang='lat' dir='ltr'>[Avril</span> <span class='ocrx_word' id='word_1_5' title='bbox 1989 400 2084 439; x_wconf 77' lang='lat'>1501]</span> 
     </span>
    </p>
   </div>
   <div class='ocr_carea' id='block_1_2' title="bbox 308 497 2092 3387">
    <p class='ocr_par' dir='ltr' id='par_1_2' title="bbox 308 497 2092 3387">
     <span class='ocr_line' id='line_1_2' title="bbox 310 497 2082 564; baseline -0.001 -16"><span class='ocrx_word' id='word_1_6' title='bbox 310 499 595 548; x_wconf 81' lang='lat' dir='ltr'>introduxit.</span> <span class='ocrx_word' id='word_1_7' title='bbox 629 500 734 545; x_wconf 92' lang='lat' dir='ltr'>Non</span> <span class='ocrx_word' id='word_1_8' title='bbox 767 497 856 544; x_wconf 84' lang='lat' dir='ltr'>fuit</span> <span class='ocrx_word' id='word_1_9' title='bbox 886 497 1014 546; x_wconf 87' lang='lat' dir='ltr'>dicta</span> <span class='ocrx_word' id='word_1_10' title='bbox 1047 498 1123 545; x_wconf 91' lang='lat' dir='ltr'>die</span> <span class='ocrx_word' id='word_1_11' title='bbox 1158 499 1418 558; x_wconf 85' lang='lat' dir='ltr'>celebrata,</span> <span class='ocrx_word' id='word_1_12' title='bbox 1459 498 1571 561; x_wconf 90' lang='lat' dir='ltr'>quia</span> <span class='ocrx_word' id='word_1_13' title='bbox 1605 499 1829 547; x_wconf 79' lang='lat' dir='ltr'>comedia</span> <span class='ocrx_word' id='word_1_14' title='bbox 1859 497 2082 564; x_wconf 88' lang='lat' dir='ltr'>ordinata</span> 
     </span>
     <span class='ocr_line' id='line_1_3' title="bbox 309 580 2080 646; baseline -0.001 -15"><span class='ocrx_word' id='word_1_15' title='bbox 309 600 406 631; x_wconf 92' lang='lat' dir='ltr'>non</span> <span class='ocrx_word' id='word_1_16' title='bbox 431 581 588 646; x_wconf 90' lang='lat' dir='ltr'>potuit</span> <span class='ocrx_word' id='word_1_17' title='bbox 621 580 782 628; x_wconf 86' lang='lat' dir='ltr'>debite</span> <span class='ocrx_word' id='word_1_18' title='bbox 817 581 984 643; x_wconf 83' lang='lat' dir='ltr'>perfici</span> <span class='ocrx_word' id='word_1_19' title='bbox 1007 584 1055 629; x_wconf 89' lang='lat' dir='ltr'>et</span> <span class='ocrx_word' id='word_1_20' title='bbox 1082 597 1160 628; x_wconf 88' lang='lat' dir='ltr'>res</span> <span class='ocrx_word' id='word_1_21' title='bbox 1185 598 1270 645; x_wconf 90' lang='lat' dir='ltr'>pro</span> <span class='ocrx_word' id='word_1_22' title='bbox 1299 599 1356 629; x_wconf 87' lang='lat' dir='ltr'>ea</span> <span class='ocrx_word' id='word_1_23' title='bbox 1379 581 1679 630; x_wconf 85' lang='lat' dir='ltr'>necessarias</span> <span class='ocrx_word' id='word_1_24' title='bbox 1702 581 1865 645; x_wconf 86' lang='lat' dir='ltr'>parari</span> <span class='ocrx_word' id='word_1_25' title='bbox 1888 598 1898 641; x_wconf 89' lang='grc'><strong>;</strong></span> <span class='ocrx_word' id='word_1_26' title='bbox 1930 596 2080 645; x_wconf 87' lang='lat' dir='ltr'>prop-</span> 
     </span>
     <span class='ocr_line' id='line_1_4' title="bbox 312 663 2074 728; baseline -0.001 -14"><span class='ocrx_word' id='word_1_27' title='bbox 312 671 448 714; x_wconf 87' lang='lat' dir='ltr'>terea</span> <span class='ocrx_word' id='word_1_28' title='bbox 471 666 519 713; x_wconf 91' lang='lat' dir='ltr'>in</span> <span class='ocrx_word' id='word_1_29' title='bbox 544 665 675 713; x_wconf 89' lang='lat' dir='ltr'>diem</span> <span class='ocrx_word' id='word_1_30' title='bbox 703 663 1011 722; x_wconf 79' lang='lat' dir='ltr'>dominicam,</span> <span class='ocrx_word' id='word_1_31' title='bbox 1042 667 1068 711; x_wconf 78' lang='lat'><strong>2</strong></span> <span class='ocrx_word' id='word_1_32' title='bbox 1097 665 1275 712; x_wconf 85' lang='lat' dir='ltr'><strong>mensis</strong></span> <span class='ocrx_word' id='word_1_33' title='bbox 1299 665 1430 716; x_wconf 81' lang='lat' dir='ltr'>Maii,</span> <span class='ocrx_word' id='word_1_34' title='bbox 1456 665 1709 723; x_wconf 87' lang='lat' dir='ltr'>translata,</span> <span class='ocrx_word' id='word_1_35' title='bbox 1735 681 1828 728; x_wconf 90' lang='lat' dir='ltr'>qua</span> <span class='ocrx_word' id='word_1_36' title='bbox 1855 669 1909 712; x_wconf 90' lang='lat' dir='ltr'>R.</span> <span class='ocrx_word' id='word_1_37' title='bbox 1937 668 1991 713; x_wconf 88' lang='lat' dir='ltr'>P.</span> <span class='ocrx_word' id='word_1_38' title='bbox 2018 667 2074 712; x_wconf 92' lang='lat' dir='ltr'>D.</span> 
     </span>
     <span class='ocr_line' id='line_1_5' title="bbox 310 747 2079 814; baseline -0.002 -17"><span class='ocrx_word' id='word_1_39' title='bbox 310 749 610 807; x_wconf 88' lang='lat' dir='ltr'>Franciscus,</span> <span class='ocrx_word' id='word_1_40' title='bbox 642 748 899 812; x_wconf 90' lang='lat' dir='ltr'>episcopus</span> <span class='ocrx_word' id='word_1_41' title='bbox 924 747 1228 807; x_wconf 86' lang='lat' dir='ltr'>Ferentinus,</span> <span class='ocrx_word' id='word_1_42' title='bbox 1255 748 1511 796; x_wconf 86' lang='lat' dir='ltr'>celebravit</span> <span class='ocrx_word' id='word_1_43' title='bbox 1530 748 1727 814; x_wconf 87' lang='lat' dir='ltr'>missam</span> <span class='ocrx_word' id='word_1_44' title='bbox 1747 749 2015 796; x_wconf 90' lang='lat' dir='ltr'>solemnem</span> <span class='ocrx_word' id='word_1_45' title='bbox 2033 747 2079 794; x_wconf 93' lang='lat' dir='ltr'>in</span> 
     </span>
     <span class='ocr_line' id='line_1_6' title="bbox 308 829 2082 896; baseline -0.002 -16"><span class='ocrx_word' id='word_1_46' title='bbox 308 832 446 880; x_wconf 87' lang='lat' dir='ltr'>altari</span> <span class='ocrx_word' id='word_1_47' title='bbox 471 833 654 896; x_wconf 88' lang='lat' dir='ltr'>majore</span> <span class='ocrx_word' id='word_1_48' title='bbox 681 831 886 879; x_wconf 74' lang='lat' dir='ltr'>ecclesie</span> <span class='ocrx_word' id='word_1_49' title='bbox 915 834 1179 879; x_wconf 90' lang='lat' dir='ltr'>conventus</span> <span class='ocrx_word' id='word_1_50' title='bbox 1204 831 1251 878; x_wconf 90' lang='lat' dir='ltr'>b.</span> <span class='ocrx_word' id='word_1_51' title='bbox 1285 831 1433 878; x_wconf 88' lang='lat' dir='ltr'>Marie</span> <span class='ocrx_word' id='word_1_52' title='bbox 1455 831 1643 879; x_wconf 84' lang='lat' dir='ltr'>Araceli</span> <span class='ocrx_word' id='word_1_53' title='bbox 1679 832 1738 878; x_wconf 90' lang='lat' dir='ltr'>de</span> <span class='ocrx_word' id='word_1_54' title='bbox 1765 831 1941 879; x_wconf 88' lang='lat' dir='ltr'>sanctis</span> <span class='ocrx_word' id='word_1_55' title='bbox 1967 829 2082 881; x_wconf 89' lang='lat' dir='ltr'>Vic-</span> 
     </span>
     <span class='ocr_line' id='line_1_7' title="bbox 308 913 2080 981; baseline -0.002 -17"><span class='ocrx_word' id='word_1_56' title='bbox 308 922 412 964; x_wconf 87' lang='lat' dir='ltr'>tore</span> <span class='ocrx_word' id='word_1_57' title='bbox 435 919 482 963; x_wconf 91' lang='lat' dir='ltr'>et</span> <span class='ocrx_word' id='word_1_58' title='bbox 504 918 789 974; x_wconf 84' lang='lat' dir='ltr'>Fortunato,</span> <span class='ocrx_word' id='word_1_59' title='bbox 815 914 1124 979; x_wconf 75' lang='lat' dir='ltr'><strong>martyribus,</strong></span> <span class='ocrx_word' id='word_1_60' title='bbox 1147 930 1353 977; x_wconf 88' lang='lat' dir='ltr'>quorum</span> <span class='ocrx_word' id='word_1_61' title='bbox 1380 914 1554 962; x_wconf 87' lang='lat' dir='ltr'>festum</span> <span class='ocrx_word' id='word_1_62' title='bbox 1577 915 1748 963; x_wconf 89' lang='lat' dir='ltr'>eadem</span> <span class='ocrx_word' id='word_1_63' title='bbox 1770 914 1846 981; x_wconf 89' lang='lat' dir='ltr'>die</span> <span class='ocrx_word' id='word_1_64' title='bbox 1870 917 1930 962; x_wconf 78' lang='lat'>20</span> <span class='ocrx_word' id='word_1_65' title='bbox 1951 913 2080 962; x_wconf 88' lang='lat' dir='ltr'>cele-</span> 
     </span>
     <span class='ocr_line' id='line_1_8' title="bbox 308 997 2083 1062; baseline -0.002 -16"><span class='ocrx_word' id='word_1_66' title='bbox 308 1000 493 1047; x_wconf 88' lang='lat' dir='ltr'>bratur.</span> <span class='ocrx_word' id='word_1_67' title='bbox 519 1000 752 1046; x_wconf 84' lang='lat' dir='ltr'>Cantores</span> <span class='ocrx_word' id='word_1_68' title='bbox 777 1000 901 1061; x_wconf 86' lang='lat' dir='ltr'>Pape</span> <span class='ocrx_word' id='word_1_69' title='bbox 924 999 1181 1045; x_wconf 77' lang='lat' dir='ltr'>cantarunt</span> <span class='ocrx_word' id='word_1_70' title='bbox 1200 997 1416 1044; x_wconf 90' lang='lat' dir='ltr'>missam.</span> <span class='ocrx_word' id='word_1_71' title='bbox 1440 999 1767 1046; x_wconf 87' lang='lat' dir='ltr'>Interfuerunt</span> <span class='ocrx_word' id='word_1_72' title='bbox 1788 998 2083 1062; x_wconf 82' lang='lat' dir='ltr'>gubernator</span> 
     </span>
     <span class='ocr_line' id='line_1_9' title="bbox 312 1076 2083 1145; baseline -0.001 -16"><span class='ocrx_word' id='word_1_73' title='bbox 312 1083 449 1129; x_wconf 80' lang='lat' dir='ltr'>Urbis</span> <span class='ocrx_word' id='word_1_74' title='bbox 471 1081 551 1145; x_wconf 83' lang='lat' dir='ltr'>qui</span> <span class='ocrx_word' id='word_1_75' title='bbox 578 1081 709 1130; x_wconf 85' lang='lat' dir='ltr'>stetit</span> <span class='ocrx_word' id='word_1_76' title='bbox 731 1081 779 1128; x_wconf 90' lang='lat' dir='ltr'>in</span> <span class='ocrx_word' id='word_1_77' title='bbox 804 1082 953 1129; x_wconf 87' lang='lat' dir='ltr'>choro</span> <span class='ocrx_word' id='word_1_78' title='bbox 977 1081 1199 1138; x_wconf 77' lang='lat' dir='ltr'>fratrum,</span> <span class='ocrx_word' id='word_1_79' title='bbox 1229 1081 1278 1127; x_wconf 91' lang='lat' dir='ltr'>in</span> <span class='ocrx_word' id='word_1_80' title='bbox 1305 1080 1535 1144; x_wconf 84' lang='lat' dir='ltr'>superiori</span> <span class='ocrx_word' id='word_1_81' title='bbox 1567 1076 1701 1144; x_wconf 83' lang='lat' dir='ltr'>parte</span> <span class='ocrx_word' id='word_1_82' title='bbox 1730 1082 1943 1145; x_wconf 87' lang='lat' dir='ltr'>primus;</span> <span class='ocrx_word' id='word_1_83' title='bbox 1974 1082 2083 1144; x_wconf 87' lang='lat' dir='ltr'>post</span> 
     </span>
     <span class='ocr_line' id='line_1_10' title="bbox 309 1164 2085 1229; baseline -0.002 -15"><span class='ocrx_word' id='word_1_84' title='bbox 309 1183 436 1225; x_wconf 86' lang='lat' dir='ltr'>eum,</span> <span class='ocrx_word' id='word_1_85' title='bbox 466 1168 680 1223; x_wconf 87' lang='lat' dir='ltr'>senator,</span> <span class='ocrx_word' id='word_1_86' title='bbox 707 1164 1118 1229; x_wconf 75' lang='lat' dir='ltr'>prothonotariUS,</span> <span class='ocrx_word' id='word_1_87' title='bbox 1144 1169 1308 1212; x_wconf 89' lang='lat' dir='ltr'>orator</span> <span class='ocrx_word' id='word_1_88' title='bbox 1333 1164 1493 1227; x_wconf 84' lang='lat' dir='ltr'>magni</span> <span class='ocrx_word' id='word_1_89' title='bbox 1523 1164 1657 1212; x_wconf 88' lang='lat' dir='ltr'>ducis</span> <span class='ocrx_word' id='word_1_90' title='bbox 1680 1164 1951 1222; x_wconf 92' lang='lat' dir='ltr'>Lithuanie,</span> <span class='ocrx_word' id='word_1_91' title='bbox 1978 1179 2085 1211; x_wconf 84' lang='lat' dir='ltr'>ora-</span> 
     </span>
     <span class='ocr_line' id='line_1_11' title="bbox 311 1244 2082 1307; baseline -0.003 -10"><span class='ocrx_word' id='word_1_92' title='bbox 311 1255 386 1298; x_wconf 90' lang='lat' dir='ltr'>tor</span> <span class='ocrx_word' id='word_1_93' title='bbox 420 1248 828 1307; x_wconf 88' lang='lat' dir='ltr'>Florentinorum,</span> <span class='ocrx_word' id='word_1_94' title='bbox 869 1251 1234 1296; x_wconf 81' lang='lat' dir='ltr'>conservatores</span> <span class='ocrx_word' id='word_1_95' title='bbox 1270 1263 1460 1296; x_wconf 88' lang='lat' dir='ltr'>camere</span> <span class='ocrx_word' id='word_1_96' title='bbox 1499 1248 1639 1296; x_wconf 82' lang='lat' dir='ltr'>Urbis</span> <span class='ocrx_word' id='word_1_97' title='bbox 1676 1251 1720 1295; x_wconf 89' lang='lat' dir='ltr'>et</span> <span class='ocrx_word' id='word_1_98' title='bbox 1765 1247 1841 1295; x_wconf 90' lang='lat' dir='ltr'>alii</span> <span class='ocrx_word' id='word_1_99' title='bbox 1881 1244 2082 1294; x_wconf 87' lang='lat' dir='ltr'>Romani</span> 
     </span>
     <span class='ocr_line' id='line_1_12' title="bbox 309 1330 2085 1396; baseline -0.002 -16"><span class='ocrx_word' id='word_1_100' title='bbox 309 1333 387 1396; x_wconf 90' lang='lat' dir='ltr'>qui</span> <span class='ocrx_word' id='word_1_101' title='bbox 411 1332 755 1380; x_wconf 86' lang='lat' dir='ltr'>continuarunt</span> <span class='ocrx_word' id='word_1_102' title='bbox 777 1331 919 1380; x_wconf 90' lang='lat' dir='ltr'>etiam</span> <span class='ocrx_word' id='word_1_103' title='bbox 940 1332 988 1378; x_wconf 91' lang='lat' dir='ltr'>in</span> <span class='ocrx_word' id='word_1_104' title='bbox 1010 1331 1319 1379; x_wconf 86' lang='lat' dir='ltr'>inferioribus</span> <span class='ocrx_word' id='word_1_105' title='bbox 1341 1331 1535 1379; x_wconf 89' lang='lat' dir='ltr'>sedibus</span> <span class='ocrx_word' id='word_1_106' title='bbox 1557 1334 1604 1378; x_wconf 89' lang='lat' dir='ltr'>et</span> <span class='ocrx_word' id='word_1_107' title='bbox 1626 1330 1672 1378; x_wconf 94' lang='lat' dir='ltr'>in</span> <span class='ocrx_word' id='word_1_108' title='bbox 1693 1331 1838 1394; x_wconf 89' lang='lat' dir='ltr'>plano</span> <span class='ocrx_word' id='word_1_109' title='bbox 1853 1346 1915 1395; x_wconf 87' lang='lat' dir='ltr'>ex</span> <span class='ocrx_word' id='word_1_110' title='bbox 1937 1346 2085 1394; x_wconf 92' lang='lat' dir='ltr'>oppo-</span> 
     </span>
     <span class='ocr_line' id='line_1_13' title="bbox 309 1414 2084 1478; baseline 0 -15"><span class='ocrx_word' id='word_1_111' title='bbox 309 1417 400 1464; x_wconf 87' lang='lat' dir='ltr'>sito</span> <span class='ocrx_word' id='word_1_112' title='bbox 434 1416 599 1464; x_wconf 86' lang='lat' dir='ltr'>etalio</span> <span class='ocrx_word' id='word_1_113' title='bbox 631 1415 814 1473; x_wconf 90' lang='lat' dir='ltr'>choro;</span> <span class='ocrx_word' id='word_1_114' title='bbox 850 1414 898 1462; x_wconf 91' lang='lat' dir='ltr'>in</span> <span class='ocrx_word' id='word_1_115' title='bbox 930 1414 1263 1478; x_wconf 87' lang='lat' dir='ltr'>superioribus</span> <span class='ocrx_word' id='word_1_116' title='bbox 1294 1414 1375 1477; x_wconf 88' lang='lat' dir='ltr'>qui</span> <span class='ocrx_word' id='word_1_117' title='bbox 1404 1415 1637 1463; x_wconf 86' lang='lat' dir='ltr'>sederunt</span> <span class='ocrx_word' id='word_1_118' title='bbox 1668 1415 1899 1478; x_wconf 83' lang='lat' dir='ltr'>episcopi,</span> <span class='ocrx_word' id='word_1_119' title='bbox 1934 1431 2084 1478; x_wconf 88' lang='lat' dir='ltr'>usquc</span> 
     </span>
     <span class='ocr_line' id='line_1_14' title="bbox 309 1497 2080 1566; baseline 0 -20"><span class='ocrx_word' id='word_1_120' title='bbox 309 1499 367 1546; x_wconf 90' lang='lat' dir='ltr'>ad</span> <span class='ocrx_word' id='word_1_121' title='bbox 400 1499 583 1562; x_wconf 83' lang='lat' dir='ltr'>viginti,</span> <span class='ocrx_word' id='word_1_122' title='bbox 622 1497 693 1545; x_wconf 89' lang='lat' dir='ltr'>vel</span> <span class='ocrx_word' id='word_1_123' title='bbox 728 1497 886 1555; x_wconf 83' lang='lat' dir='ltr'>circa3</span> <span class='ocrx_word' id='word_1_124' title='bbox 921 1497 969 1544; x_wconf 93' lang='lat' dir='ltr'>in</span> <span class='ocrx_word' id='word_1_125' title='bbox 1003 1497 1327 1556; x_wconf 88' lang='lat' dir='ltr'>inferioribus,</span> <span class='ocrx_word' id='word_1_126' title='bbox 1365 1500 1422 1545; x_wconf 88' lang='lat' dir='ltr'>D.</span> <span class='ocrx_word' id='word_1_127' title='bbox 1461 1498 1790 1545; x_wconf 89' lang='lat' dir='ltr'>Bernardinus</span> <span class='ocrx_word' id='word_1_128' title='bbox 1823 1499 2080 1566; x_wconf 83' lang='lat' dir='ltr'>Gambara,</span> 
     </span>
     <span class='ocr_line' id='line_1_15' title="bbox 309 1580 2085 1643; baseline 0 -14"><span class='ocrx_word' id='word_1_129' title='bbox 309 1581 635 1629; x_wconf 79' lang='lat' dir='ltr'>subdiaconus</span> <span class='ocrx_word' id='word_1_130' title='bbox 669 1580 982 1643; x_wconf 86' lang='lat' dir='ltr'>apostolicus,</span> <span class='ocrx_word' id='word_1_131' title='bbox 1019 1585 1225 1642; x_wconf 90' lang='lat' dir='ltr'>quatuor</span> <span class='ocrx_word' id='word_1_132' title='bbox 1260 1580 1505 1628; x_wconf 77' lang='lat' dir='ltr'>auditores</span> <span class='ocrx_word' id='word_1_133' title='bbox 1540 1586 1643 1628; x_wconf 87' lang='lat' dir='ltr'>rote</span> <span class='ocrx_word' id='word_1_134' title='bbox 1682 1585 1729 1629; x_wconf 88' lang='lat' dir='ltr'>et</span> <span class='ocrx_word' id='word_1_135' title='bbox 1762 1581 1842 1628; x_wconf 90' lang='lat' dir='ltr'>alii</span> <span class='ocrx_word' id='word_1_136' title='bbox 1877 1581 2085 1629; x_wconf 86' lang='lat' dir='ltr'>curiales</span> 
     </span>
     <span class='ocr_line' id='line_1_16' title="bbox 309 1662 2085 1729; baseline -0.001 -15"><span class='ocrx_word' id='word_1_137' title='bbox 309 1667 388 1729; x_wconf 91' lang='lat' dir='ltr'>qui</span> <span class='ocrx_word' id='word_1_138' title='bbox 416 1665 761 1714; x_wconf 82' lang='lat' dir='ltr'>continuarunt</span> <span class='ocrx_word' id='word_1_139' title='bbox 786 1664 931 1711; x_wconf 84' lang='lat' dir='ltr'>etiam</span> <span class='ocrx_word' id='word_1_140' title='bbox 959 1662 1006 1709; x_wconf 90' lang='lat' dir='ltr'>in</span> <span class='ocrx_word' id='word_1_141' title='bbox 1039 1663 1198 1726; x_wconf 86' lang='lat' dir='ltr'>plano,</span> <span class='ocrx_word' id='word_1_142' title='bbox 1231 1663 1291 1710; x_wconf 88' lang='lat' dir='ltr'>ad</span> <span class='ocrx_word' id='word_1_143' title='bbox 1317 1662 1569 1711; x_wconf 90' lang='lat' dir='ltr'>incensum</span> <span class='ocrx_word' id='word_1_144' title='bbox 1597 1667 1644 1711; x_wconf 88' lang='lat' dir='ltr'>et</span> <span class='ocrx_word' id='word_1_145' title='bbox 1671 1680 1843 1727; x_wconf 86' lang='lat' dir='ltr'>pacem</span> <span class='ocrx_word' id='word_1_146' title='bbox 1872 1663 1948 1728; x_wconf 87' lang='lat' dir='ltr'>(an</span> <span class='ocrx_word' id='word_1_147' title='bbox 1975 1680 2085 1712; x_wconf 88' lang='lat' dir='ltr'>cum</span> 
     </span>
     <span class='ocr_line' id='line_1_17' title="bbox 309 1745 2083 1810; baseline -0.002 -13"><span class='ocrx_word' id='word_1_148' title='bbox 309 1749 473 1797; x_wconf 90' lang='lat' dir='ltr'>osculo</span> <span class='ocrx_word' id='word_1_149' title='bbox 510 1748 585 1796; x_wconf 91' lang='lat' dir='ltr'>vel</span> <span class='ocrx_word' id='word_1_150' title='bbox 617 1762 725 1795; x_wconf 91' lang='lat' dir='ltr'>cum</span> <span class='ocrx_word' id='word_1_151' title='bbox 767 1746 1088 1793; x_wconf 87' lang='lat' dir='ltr'>instrumento</span> <span class='ocrx_word' id='word_1_152' title='bbox 1110 1745 1166 1810; x_wconf 67' lang='lat'>2²),</span> <span class='ocrx_word' id='word_1_153' title='bbox 1205 1745 1379 1793; x_wconf 85' lang='lat' dir='ltr'>servari</span> <span class='ocrx_word' id='word_1_154' title='bbox 1417 1745 1641 1793; x_wconf 86' lang='lat' dir='ltr'>ordinem</span> <span class='ocrx_word' id='word_1_155' title='bbox 1676 1746 1858 1810; x_wconf 88' lang='lat' dir='ltr'>capelle</span> <span class='ocrx_word' id='word_1_156' title='bbox 1892 1750 2083 1804; x_wconf 82' lang='lat' dir='ltr'>nostre3</span> 
     </span>
     <span class='ocr_line' id='line_1_18' title="bbox 310 1829 2088 1894; baseline -0.001 -16"><span class='ocrx_word' id='word_1_157' title='bbox 310 1831 579 1880; x_wconf 89' lang='lat' dir='ltr'>orationem</span> <span class='ocrx_word' id='word_1_158' title='bbox 601 1834 708 1894; x_wconf 86' lang='lat' dir='ltr'>post</span> <span class='ocrx_word' id='word_1_159' title='bbox 729 1830 928 1878; x_wconf 86' lang='lat' dir='ltr'>missam</span> <span class='ocrx_word' id='word_1_160' title='bbox 950 1830 1064 1878; x_wconf 88' lang='lat' dir='ltr'>fecit</span> <span class='ocrx_word' id='word_1_161' title='bbox 1088 1829 1283 1892; x_wconf 86' lang='lat' dir='ltr'>quidam</span> <span class='ocrx_word' id='word_1_162' title='bbox 1304 1829 1492 1894; x_wconf 85' lang='lat' dir='ltr'>juvenis</span> <span class='ocrx_word' id='word_1_163' title='bbox 1518 1832 1762 1877; x_wconf 90' lang='lat' dir='ltr'>Romanus</span> <span class='ocrx_word' id='word_1_164' title='bbox 1782 1830 1829 1878; x_wconf 89' lang='lat' dir='ltr'>in</span> <span class='ocrx_word' id='word_1_165' title='bbox 1850 1835 1982 1882; x_wconf 86' lang='lat' dir='ltr'>veste</span> <span class='ocrx_word' id='word_1_166' title='bbox 2001 1846 2088 1878; x_wconf 90' lang='lat' dir='ltr'>sua</span> 
     </span>
     <span class='ocr_line' id='line_1_19' title="bbox 310 1912 2087 1977; baseline -0.001 -15"><span class='ocrx_word' id='word_1_167' title='bbox 310 1914 607 1977; x_wconf 87' lang='lat' dir='ltr'>quotidiana,</span> <span class='ocrx_word' id='word_1_168' title='bbox 638 1913 771 1961; x_wconf 88' lang='lat' dir='ltr'>valde</span> <span class='ocrx_word' id='word_1_169' title='bbox 797 1913 1122 1971; x_wconf 74' lang='lat' dir='ltr'>laudabilem,</span> <span class='ocrx_word' id='word_1_170' title='bbox 1151 1912 1248 1975; x_wconf 86' lang='lat' dir='ltr'>qui,</span> <span class='ocrx_word' id='word_1_171' title='bbox 1282 1913 1429 1961; x_wconf 86' lang='lat' dir='ltr'>missa</span> <span class='ocrx_word' id='word_1_172' title='bbox 1455 1914 1589 1963; x_wconf 86' lang='lat' dir='ltr'>finita</span> <span class='ocrx_word' id='word_1_173' title='bbox 1617 1915 1821 1963; x_wconf 82' lang='lat' dir='ltr'>accessit.</span> <span class='ocrx_word' id='word_1_174' title='bbox 1849 1914 1910 1962; x_wconf 88' lang='lat' dir='ltr'>ad</span> <span class='ocrx_word' id='word_1_175' title='bbox 1932 1914 2087 1962; x_wconf 87' lang='lat' dir='ltr'>altare</span> 
     </span>
     <span class='ocr_line' id='line_1_20' title="bbox 309 1995 2082 2065; baseline -0.002 -18"><span class='ocrx_word' id='word_1_176' title='bbox 309 1998 484 2061; x_wconf 84' lang='lat' dir='ltr'>majus,</span> <span class='ocrx_word' id='word_1_177' title='bbox 513 1997 591 2045; x_wconf 90' lang='lat' dir='ltr'>ubi</span> <span class='ocrx_word' id='word_1_178' title='bbox 612 1996 893 2061; x_wconf 77' lang='lat' dir='ltr'>genuflexus</span> <span class='ocrx_word' id='word_1_179' title='bbox 918 1996 1039 2042; x_wconf 86' lang='lat' dir='ltr'>dixit</span> <span class='ocrx_word' id='word_1_180' title='bbox 1059 1995 1210 2043; x_wconf 74' lang='lat' dir='ltr'>Pater</span> <span class='ocrx_word' id='word_1_181' title='bbox 1227 1995 1417 2055; x_wconf 73' lang='lat' dir='ltr'>Noster,</span> <span class='ocrx_word' id='word_1_182' title='bbox 1446 1998 1519 2045; x_wconf 90' lang='lat' dir='ltr'>vel</span> <span class='ocrx_word' id='word_1_183' title='bbox 1545 1998 1675 2061; x_wconf 91' lang='lat' dir='ltr'>quod</span> <span class='ocrx_word' id='word_1_184' title='bbox 1695 1998 1849 2061; x_wconf 84' lang='lat' dir='ltr'>magis</span> <span class='ocrx_word' id='word_1_185' title='bbox 1870 1996 2082 2065; x_wconf 81' lang='lat' dir='ltr'>placuit3</span> 
     </span>
     <span class='ocr_line' id='line_1_21' title="bbox 312 2078 2086 2144; baseline -0.001 -15"><span class='ocrx_word' id='word_1_186' title='bbox 312 2086 358 2129; x_wconf 86' lang='lat' dir='ltr'>et</span> <span class='ocrx_word' id='word_1_187' title='bbox 379 2081 560 2143; x_wconf 83' lang='lat' dir='ltr'>absque</span> <span class='ocrx_word' id='word_1_188' title='bbox 582 2080 812 2144; x_wconf 87' lang='lat' dir='ltr'>petitione</span> <span class='ocrx_word' id='word_1_189' title='bbox 834 2079 947 2142; x_wconf 89' lang='lat' dir='ltr'>quia</span> <span class='ocrx_word' id='word_1_190' title='bbox 970 2095 1067 2126; x_wconf 89' lang='lat' dir='ltr'>non</span> <span class='ocrx_word' id='word_1_191' title='bbox 1097 2078 1347 2126; x_wconf 87' lang='lat' dir='ltr'>videbatur</span> <span class='ocrx_word' id='word_1_192' title='bbox 1370 2079 1648 2144; x_wconf 84' lang='lat' dir='ltr'>hujusmodi</span> <span class='ocrx_word' id='word_1_193' title='bbox 1678 2081 1950 2128; x_wconf 89' lang='lat' dir='ltr'>orationem</span> <span class='ocrx_word' id='word_1_194' title='bbox 1972 2095 2086 2143; x_wconf 92' lang='lat' dir='ltr'>pro-</span> 
     </span>
     <span class='ocr_line' id='line_1_22' title="bbox 313 2162 2085 2227; baseline -0.001 -16"><span class='ocrx_word' id='word_1_195' title='bbox 313 2164 424 2211; x_wconf 88' lang='lat' dir='ltr'>fano</span> <span class='ocrx_word' id='word_1_196' title='bbox 457 2164 739 2222; x_wconf 87' lang='lat' dir='ltr'>convenire,</span> <span class='ocrx_word' id='word_1_197' title='bbox 770 2163 975 2210; x_wconf 86' lang='lat' dir='ltr'>accessit</span> <span class='ocrx_word' id='word_1_198' title='bbox 1001 2166 1224 2209; x_wconf 88' lang='lat' dir='ltr'>oraturus</span> <span class='ocrx_word' id='word_1_199' title='bbox 1249 2162 1308 2209; x_wconf 89' lang='lat' dir='ltr'>ad</span> <span class='ocrx_word' id='word_1_200' title='bbox 1344 2163 1578 2226; x_wconf 89' lang='lat' dir='ltr'>pulpitum</span> <span class='ocrx_word' id='word_1_201' title='bbox 1610 2163 1820 2227; x_wconf 88' lang='lat' dir='ltr'>positum</span> <span class='ocrx_word' id='word_1_202' title='bbox 1852 2163 1902 2210; x_wconf 93' lang='lat' dir='ltr'>in</span> <span class='ocrx_word' id='word_1_203' title='bbox 1930 2163 2085 2227; x_wconf 86' lang='lat' dir='ltr'>capite</span> 
     </span>
     <span class='ocr_line' id='line_1_23' title="bbox 313 2245 2083 2311; baseline -0.001 -16"><span class='ocrx_word' id='word_1_204' title='bbox 313 2247 480 2295; x_wconf 88' lang='lat' dir='ltr'>lateris</span> <span class='ocrx_word' id='word_1_205' title='bbox 515 2246 666 2304; x_wconf 89' lang='lat' dir='ltr'>chori,</span> <span class='ocrx_word' id='word_1_206' title='bbox 704 2246 752 2293; x_wconf 93' lang='lat' dir='ltr'>in</span> <span class='ocrx_word' id='word_1_207' title='bbox 776 2261 870 2309; x_wconf 89' lang='lat' dir='ltr'>quo</span> <span class='ocrx_word' id='word_1_208' title='bbox 902 2246 1093 2293; x_wconf 83' lang='lat' dir='ltr'>stabant</span> <span class='ocrx_word' id='word_1_209' title='bbox 1126 2245 1301 2308; x_wconf 80' lang='lat' dir='ltr'>prelati</span> <span class='ocrx_word' id='word_1_210' title='bbox 1335 2245 1383 2292; x_wconf 90' lang='lat' dir='ltr'>in</span> <span class='ocrx_word' id='word_1_211' title='bbox 1409 2247 1687 2310; x_wconf 90' lang='lat' dir='ltr'>oppositum</span> <span class='ocrx_word' id='word_1_212' title='bbox 1722 2246 2083 2311; x_wconf 83' lang='lat' dir='ltr'>gubernatoris.</span> 
     </span>
     <span class='ocr_line' id='line_1_24' title="bbox 316 2328 2087 2398; baseline -0.001 -20"><span class='ocrx_word' id='word_1_213' title='bbox 316 2330 470 2378; x_wconf 83' lang='lat' dir='ltr'>Finita</span> <span class='ocrx_word' id='word_1_214' title='bbox 494 2330 728 2389; x_wconf 88' lang='lat' dir='ltr'>oratione,</span> <span class='ocrx_word' id='word_1_215' title='bbox 760 2328 1092 2393; x_wconf 87' lang='lat' dir='ltr'>pronunciavit</span> <span class='ocrx_word' id='word_1_216' title='bbox 1121 2328 1355 2376; x_wconf 86' lang='lat' dir='ltr'>officiales</span> <span class='ocrx_word' id='word_1_217' title='bbox 1383 2329 1628 2377; x_wconf 85' lang='lat' dir='ltr'>societatis</span> <span class='ocrx_word' id='word_1_218' title='bbox 1652 2330 1943 2378; x_wconf 88' lang='lat' dir='ltr'>litterarum.</span> <span class='ocrx_word' id='word_1_219' title='bbox 1964 2330 2087 2398; x_wconf 23' lang='lat' dir='ltr'>›In-de</span> 
     </span>
     <span class='ocr_line' id='line_1_25' title="bbox 315 2411 2087 2478; baseline 0 -18"><span class='ocrx_word' id='word_1_220' title='bbox 315 2413 483 2461; x_wconf 91' lang='lat' dir='ltr'>ivimus</span> <span class='ocrx_word' id='word_1_221' title='bbox 507 2414 566 2461; x_wconf 88' lang='lat' dir='ltr'>ad</span> <span class='ocrx_word' id='word_1_222' title='bbox 591 2412 819 2477; x_wconf 83' lang='lat' dir='ltr'>palatium</span> <span class='ocrx_word' id='word_1_223' title='bbox 846 2417 1256 2470; x_wconf 87' lang='lat' dir='ltr'>conservatorum,</span> <span class='ocrx_word' id='word_1_224' title='bbox 1285 2411 1366 2460; x_wconf 93' lang='lat' dir='ltr'>ubi</span> <span class='ocrx_word' id='word_1_225' title='bbox 1387 2411 1568 2461; x_wconf 84' lang='lat' dir='ltr'>invitati</span> <span class='ocrx_word' id='word_1_226' title='bbox 1591 2413 1811 2462; x_wconf 89' lang='lat' dir='ltr'>fecerunt</span> <span class='ocrx_word' id='word_1_227' title='bbox 1831 2412 2087 2478; x_wconf 88' lang='lat' dir='ltr'>prandium</span> 
     </span>
     <span class='ocr_line' id='line_1_26' title="bbox 314 2495 2087 2560; baseline 0 -17"><span class='ocrx_word' id='word_1_228' title='bbox 314 2495 363 2543; x_wconf 90' lang='lat' dir='ltr'>in</span> <span class='ocrx_word' id='word_1_229' title='bbox 389 2497 598 2560; x_wconf 88' lang='lat' dir='ltr'>quadam</span> <span class='ocrx_word' id='word_1_230' title='bbox 623 2497 754 2560; x_wconf 80' lang='lat' dir='ltr'>logia</span> <span class='ocrx_word' id='word_1_231' title='bbox 781 2495 1156 2559; x_wconf 82' lang='lat' dir='ltr'>quadrangulari</span> <span class='ocrx_word' id='word_1_232' title='bbox 1184 2495 1231 2542; x_wconf 92' lang='lat' dir='ltr'>in</span> <span class='ocrx_word' id='word_1_233' title='bbox 1262 2511 1356 2558; x_wconf 90' lang='lat' dir='ltr'>qua</span> <span class='ocrx_word' id='word_1_234' title='bbox 1382 2500 1550 2559; x_wconf 86' lang='lat' dir='ltr'>parate</span> <span class='ocrx_word' id='word_1_235' title='bbox 1578 2497 1769 2544; x_wconf 85' lang='lat' dir='ltr'>fuerunt</span> <span class='ocrx_word' id='word_1_236' title='bbox 1796 2496 2087 2546; x_wconf 86' lang='lat' dir='ltr'>duemense</span> 
     </span>
     <span class='ocr_line' id='line_1_27' title="bbox 314 2571 2091 2644; baseline 0.001 -17"><span class='ocrx_word' id='word_1_237' title='bbox 314 2580 475 2644; x_wconf 84' lang='lat' dir='ltr'>longe,</span> <span class='ocrx_word' id='word_1_238' title='bbox 491 2581 629 2644; x_wconf 86' lang='lat' dir='ltr'>juxta</span> <span class='ocrx_word' id='word_1_239' title='bbox 649 2579 770 2628; x_wconf 90' lang='lat' dir='ltr'>duos</span> <span class='ocrx_word' id='word_1_240' title='bbox 792 2595 973 2637; x_wconf 87' lang='lat' dir='ltr'>muros,</span> <span class='ocrx_word' id='word_1_241' title='bbox 999 2595 1202 2642; x_wconf 86' lang='lat' dir='ltr'>quorum</span> <span class='ocrx_word' id='word_1_242' title='bbox 1227 2579 1322 2626; x_wconf 88' lang='lat' dir='ltr'>duo</span> <span class='ocrx_word' id='word_1_243' title='bbox 1345 2571 1504 2643; x_wconf 84' lang='lat' dir='ltr'>capita</span> <span class='ocrx_word' id='word_1_244' title='bbox 1525 2580 1971 2644; x_wconf 78' lang='lat' dir='ltr'>conjungebantur3</span> <span class='ocrx_word' id='word_1_245' title='bbox 1996 2595 2091 2640; x_wconf 82' lang='lat' dir='ltr'>una</span> 
     </span>
     <span class='ocr_line' id='line_1_28' title="bbox 317 2660 2090 2728; baseline 0 -18"><span class='ocrx_word' id='word_1_246' title='bbox 317 2664 607 2712; x_wconf 87' lang='lat' dir='ltr'>extendebat</span> <span class='ocrx_word' id='word_1_247' title='bbox 639 2679 690 2712; x_wconf 91' lang='lat' dir='ltr'>se</span> <span class='ocrx_word' id='word_1_248' title='bbox 724 2663 838 2711; x_wconf 91' lang='lat' dir='ltr'>illuc</span> <span class='ocrx_word' id='word_1_249' title='bbox 866 2663 960 2711; x_wconf 89' lang='lat' dir='ltr'>alia</span> <span class='ocrx_word' id='word_1_250' title='bbox 992 2663 1058 2710; x_wconf 90' lang='lat' dir='ltr'>ita</span> <span class='ocrx_word' id='word_1_251' title='bbox 1084 2662 1213 2726; x_wconf 88' lang='lat' dir='ltr'>quod</span> <span class='ocrx_word' id='word_1_252' title='bbox 1243 2662 1421 2711; x_wconf 87' lang='lat' dir='ltr'>faceret</span> <span class='ocrx_word' id='word_1_253' title='bbox 1458 2663 1769 2727; x_wconf 81' lang='lat' dir='ltr'>triangulum.</span> <span class='ocrx_word' id='word_1_254' title='bbox 1802 2666 1954 2728; x_wconf 87' lang='lat' dir='ltr'>Caput</span> <span class='ocrx_word' id='word_1_255' title='bbox 1975 2660 2090 2711; x_wconf 75' lang='lat' dir='ltr'>&#39;erat</span> 
     </span>
     <span class='ocr_line' id='line_1_29' title="bbox 317 2746 2088 2811; baseline 0 -17"><span class='ocrx_word' id='word_1_256' title='bbox 317 2764 485 2795; x_wconf 85' lang='lat' dir='ltr'>versus</span> <span class='ocrx_word' id='word_1_257' title='bbox 507 2751 782 2811; x_wconf 84' lang='lat' dir='ltr'>aperturam</span> <span class='ocrx_word' id='word_1_258' title='bbox 805 2746 899 2795; x_wconf 92' lang='lat' dir='ltr'>sive</span> <span class='ocrx_word' id='word_1_259' title='bbox 922 2747 1180 2794; x_wconf 87' lang='lat' dir='ltr'>fenestram</span> <span class='ocrx_word' id='word_1_260' title='bbox 1202 2747 1348 2810; x_wconf 85' lang='lat' dir='ltr'>logie,</span> <span class='ocrx_word' id='word_1_261' title='bbox 1381 2746 1429 2793; x_wconf 92' lang='lat' dir='ltr'>in</span> <span class='ocrx_word' id='word_1_262' title='bbox 1451 2762 1544 2809; x_wconf 88' lang='lat' dir='ltr'>qua</span> <span class='ocrx_word' id='word_1_263' title='bbox 1566 2747 1689 2794; x_wconf 86' lang='lat' dir='ltr'>sedit</span> <span class='ocrx_word' id='word_1_264' title='bbox 1713 2750 1770 2794; x_wconf 89' lang='lat' dir='ltr'>D.</span> <span class='ocrx_word' id='word_1_265' title='bbox 1802 2747 2088 2795; x_wconf 88' lang='lat' dir='ltr'>Franciscus</span> 
     </span>
     <span class='ocr_line' id='line_1_30' title="bbox 317 2828 2090 2893; baseline -0.001 -16"><span class='ocrx_word' id='word_1_266' title='bbox 317 2830 539 2889; x_wconf 88' lang='lat' dir='ltr'>Trochia,</span> <span class='ocrx_word' id='word_1_267' title='bbox 577 2830 876 2879; x_wconf 83' lang='lat' dir='ltr'>camerarius</span> <span class='ocrx_word' id='word_1_268' title='bbox 910 2835 1123 2878; x_wconf 85' lang='lat' dir='ltr'>secretus</span> <span class='ocrx_word' id='word_1_269' title='bbox 1159 2831 1305 2892; x_wconf 91' lang='lat' dir='ltr'>Pape,</span> <span class='ocrx_word' id='word_1_270' title='bbox 1338 2828 1386 2875; x_wconf 92' lang='lat' dir='ltr'>in</span> <span class='ocrx_word' id='word_1_271' title='bbox 1411 2829 1602 2887; x_wconf 90' lang='lat' dir='ltr'>medio;</span> <span class='ocrx_word' id='word_1_272' title='bbox 1640 2829 1688 2876; x_wconf 91' lang='lat' dir='ltr'>in</span> <span class='ocrx_word' id='word_1_273' title='bbox 1722 2829 1898 2893; x_wconf 87' lang='lat' dir='ltr'>capite,</span> <span class='ocrx_word' id='word_1_274' title='bbox 1925 2829 1973 2877; x_wconf 91' lang='lat' dir='ltr'>in</span> <span class='ocrx_word' id='word_1_275' title='bbox 2005 2845 2090 2878; x_wconf 90' lang='lat' dir='ltr'>an-</span> 
     </span>
     <span class='ocr_line' id='line_1_31' title="bbox 318 2911 2092 2977; baseline 0 -16"><span class='ocrx_word' id='word_1_276' title='bbox 318 2914 430 2976; x_wconf 85' lang='lat' dir='ltr'>gulo</span> <span class='ocrx_word' id='word_1_277' title='bbox 452 2914 590 2977; x_wconf 83' lang='lat' dir='ltr'>juxta</span> <span class='ocrx_word' id='word_1_278' title='bbox 614 2929 807 2961; x_wconf 89' lang='lat' dir='ltr'>murum</span> <span class='ocrx_word' id='word_1_279' title='bbox 827 2913 1120 2977; x_wconf 85' lang='lat' dir='ltr'>gubernator</span> <span class='ocrx_word' id='word_1_280' title='bbox 1145 2911 1312 2959; x_wconf 86' lang='lat' dir='ltr'>Urbis:</span> <span class='ocrx_word' id='word_1_281' title='bbox 1341 2914 1451 2975; x_wconf 84' lang='lat' dir='ltr'>post</span> <span class='ocrx_word' id='word_1_282' title='bbox 1476 2927 1583 2960; x_wconf 82' lang='lat' dir='ltr'>euin</span> <span class='ocrx_word' id='word_1_283' title='bbox 1618 2915 1830 2972; x_wconf 85' lang='lat' dir='ltr'>senator,</span> <span class='ocrx_word' id='word_1_284' title='bbox 1863 2915 2092 2976; x_wconf 89' lang='lat' dir='ltr'>protono-</span> 
     </span>
     <span class='ocr_line' id='line_1_32' title="bbox 319 2994 2086 3060; baseline -0.001 -17"><span class='ocrx_word' id='word_1_285' title='bbox 319 2997 484 3054; x_wconf 84' lang='lat' dir='ltr'>tarius,</span> <span class='ocrx_word' id='word_1_286' title='bbox 527 3001 688 3045; x_wconf 86' lang='lat' dir='ltr'>orator</span> <span class='ocrx_word' id='word_1_287' title='bbox 721 2995 884 3060; x_wconf 82' lang='lat' dir='ltr'>magni</span> <span class='ocrx_word' id='word_1_288' title='bbox 916 2995 1049 3043; x_wconf 89' lang='lat' dir='ltr'>ducis</span> <span class='ocrx_word' id='word_1_289' title='bbox 1083 2994 1355 3054; x_wconf 88' lang='lat' dir='ltr'>Lithuanie,</span> <span class='ocrx_word' id='word_1_290' title='bbox 1393 2999 1554 3043; x_wconf 88' lang='lat' dir='ltr'>orator</span> <span class='ocrx_word' id='word_1_291' title='bbox 1586 2995 1994 3053; x_wconf 86' lang='lat' dir='ltr'>Florentinorum,</span> <span class='ocrx_word' id='word_1_292' title='bbox 2031 2998 2086 3043; x_wconf 92' lang='lat' dir='ltr'>D.</span> 
     </span>
     <span class='ocr_line' id='line_1_33' title="bbox 320 3076 2085 3143; baseline -0.001 -18"><span class='ocrx_word' id='word_1_293' title='bbox 320 3078 644 3143; x_wconf 82' lang='lat' dir='ltr'>Hieronymus</span> <span class='ocrx_word' id='word_1_294' title='bbox 678 3078 874 3126; x_wconf 88' lang='lat' dir='ltr'>Porcius</span> <span class='ocrx_word' id='word_1_295' title='bbox 901 3079 1154 3142; x_wconf 87' lang='lat' dir='ltr'>episcopus</span> <span class='ocrx_word' id='word_1_296' title='bbox 1185 3076 1487 3137; x_wconf 87' lang='lat' dir='ltr'>Andriensis,</span> <span class='ocrx_word' id='word_1_297' title='bbox 1518 3079 1574 3125; x_wconf 93' lang='lat' dir='ltr'>D.</span> <span class='ocrx_word' id='word_1_298' title='bbox 1602 3078 1820 3125; x_wconf 87' lang='lat' dir='ltr'>Andreas</span> <span class='ocrx_word' id='word_1_299' title='bbox 1850 3078 1907 3125; x_wconf 91' lang='lat' dir='ltr'>de</span> <span class='ocrx_word' id='word_1_300' title='bbox 1934 3077 2085 3135; x_wconf 86' lang='lat' dir='ltr'>Valle,</span> 
     </span>
     <span class='ocr_line' id='line_1_34' title="bbox 319 3160 2086 3224; baseline 0 -16"><span class='ocrx_word' id='word_1_301' title='bbox 319 3161 574 3224; x_wconf 81' lang='lat' dir='ltr'>episcopus</span> <span class='ocrx_word' id='word_1_302' title='bbox 609 3161 954 3220; x_wconf 69' lang='lat' dir='ltr'>CotroniensiS,</span> <span class='ocrx_word' id='word_1_303' title='bbox 994 3163 1050 3208; x_wconf 91' lang='lat' dir='ltr'>D.</span> <span class='ocrx_word' id='word_1_304' title='bbox 1089 3160 1374 3208; x_wconf 87' lang='lat' dir='ltr'>Franciscus</span> <span class='ocrx_word' id='word_1_305' title='bbox 1404 3160 1657 3224; x_wconf 83' lang='lat' dir='ltr'>episcopus</span> <span class='ocrx_word' id='word_1_306' title='bbox 1689 3160 1992 3220; x_wconf 83' lang='lat' dir='ltr'>Ferentinus,</span> <span class='ocrx_word' id='word_1_307' title='bbox 2030 3163 2086 3208; x_wconf 88' lang='lat' dir='ltr'>D.</span> 
     </span>
     <span class='ocr_line' id='line_1_35' title="bbox 316 3242 2087 3308; baseline -0.001 -17"><span class='ocrx_word' id='word_1_308' title='bbox 316 3243 561 3292; x_wconf 86' lang='lat' dir='ltr'>Johannes</span> <span class='ocrx_word' id='word_1_309' title='bbox 602 3243 829 3306; x_wconf 89' lang='lat' dir='ltr'>Sapieha,</span> <span class='ocrx_word' id='word_1_310' title='bbox 873 3243 1028 3302; x_wconf 91' lang='lat' dir='ltr'>miles,</span> <span class='ocrx_word' id='word_1_311' title='bbox 1074 3247 1238 3290; x_wconf 89' lang='lat' dir='ltr'>orator</span> <span class='ocrx_word' id='word_1_312' title='bbox 1279 3242 1632 3305; x_wconf 88' lang='lat' dir='ltr'>archiepiscopi</span> <span class='ocrx_word' id='word_1_313' title='bbox 1674 3242 1979 3290; x_wconf 90' lang='lat' dir='ltr'>Chiomensis</span> <span class='ocrx_word' id='word_1_314' title='bbox 2006 3242 2087 3308; x_wconf 85' lang='lat'>(1),</span> 
     </span>
     <span class='ocr_line' id='line_1_36' title="bbox 319 3324 2088 3387; baseline 0 -14"><span class='ocrx_word' id='word_1_315' title='bbox 319 3327 531 3375; x_wconf 82' lang='lat' dir='ltr'>Achilles</span> <span class='ocrx_word' id='word_1_316' title='bbox 553 3327 611 3375; x_wconf 92' lang='lat' dir='ltr'>de</span> <span class='ocrx_word' id='word_1_317' title='bbox 635 3326 838 3387; x_wconf 86' lang='lat' dir='ltr'>Grassis,</span> <span class='ocrx_word' id='word_1_318' title='bbox 857 3326 1062 3385; x_wconf 89' lang='lat' dir='ltr'>auditor,</span> <span class='ocrx_word' id='word_1_319' title='bbox 1082 3325 1259 3373; x_wconf 85' lang='lat' dir='ltr'>Marius</span> <span class='ocrx_word' id='word_1_320' title='bbox 1279 3324 1503 3373; x_wconf 90' lang='lat' dir='ltr'>Mellinus</span> <span class='ocrx_word' id='word_1_321' title='bbox 1520 3327 1566 3372; x_wconf 88' lang='lat' dir='ltr'>et</span> <span class='ocrx_word' id='word_1_322' title='bbox 1590 3327 1761 3373; x_wconf 86' lang='lat' dir='ltr'>Petrus</span> <span class='ocrx_word' id='word_1_323' title='bbox 1783 3326 2088 3384; x_wconf 83' lang='lat' dir='ltr'>Mattuccius,</span> 
     </span>
    </p>
   </div>
   <div class='ocr_carea' id='block_1_3' title="bbox 369 3509 1471 3558">
    <p class='ocr_par' dir='ltr' id='par_1_3' title="bbox 369 3509 1471 3558">
     <span class='ocr_line' id='line_1_37' title="bbox 369 3509 1471 3558; baseline -0.001 -10"><span class='ocrx_word' id='word_1_324' title='bbox 369 3510 401 3548; x_wconf 90' lang='lat'>1.</span> <span class='ocrx_word' id='word_1_325' title='bbox 430 3512 503 3558; x_wconf 72' lang='lat' dir='ltr'>Sic,</span> <span class='ocrx_word' id='word_1_326' title='bbox 521 3511 611 3548; x_wconf 85' lang='lat' dir='ltr'>dans</span> <span class='ocrx_word' id='word_1_327' title='bbox 634 3516 715 3549; x_wconf 84' lang='lat' dir='ltr'>tous</span> <span class='ocrx_word' id='word_1_328' title='bbox 737 3511 789 3549; x_wconf 90' lang='lat' dir='ltr'>les</span> <span class='ocrx_word' id='word_1_329' title='bbox 812 3524 914 3557; x_wconf 71' lang='lat' dir='ltr'>mss,</span> <span class='ocrx_word' id='word_1_330' title='bbox 937 3514 1040 3548; x_wconf 83' lang='lat' dir='ltr'>autre</span> <span class='ocrx_word' id='word_1_331' title='bbox 1062 3511 1172 3548; x_wconf 83' lang='lat' dir='ltr'>forme</span> <span class='ocrx_word' id='word_1_332' title='bbox 1194 3509 1238 3546; x_wconf 86' lang='lat' dir='ltr'>de</span> <span class='ocrx_word' id='word_1_333' title='bbox 1256 3509 1471 3547; x_wconf 67' lang='lat' dir='ltr'>Ke‘om‘ensis.</span> 
     </span>
    </p>
   </div>
  </div>
 </body>
</html>
