2228 3938
332 367 400 403 192
937 366 1171 404 JOHANNIS
1203 366 1498 412 BURCHARDI,
1841 368 2114 409 [Fevrier1502]

331 468 566 532 petitione
604 466 710 530 regi
752 469 1072 527 Francorum,
1116 470 1175 517 de
1223 470 1326 533 ejus
1364 485 1622 527 consensu,
1669 468 1962 519 addixerunt
2003 473 2108 536 regi

331 554 660 599 Romanorum
681 549 730 597 in
753 550 854 614 ejus
879 552 1084 600 adventu
1107 556 1303 601 centum
1323 553 1520 601 lanceas
1540 555 1588 600 et
1609 553 1934 618 quadraginta
1956 554 2110 604 millia

331 635 639 683 ducatorum.

395 717 653 766 Dominica
677 717 838 781 prima
861 719 1252 782 quadragesime,
1287 723 1341 768 13
1363 719 1617 777 februarii,
1648 722 1703 767 R.
1735 722 1786 767 P.
1816 722 1873 768 D.
1903 720 2109 784 Stepha—

328 816 435 859 nus,
466 800 867 864 archiepiscopus
896 803 1203 850 Patracensis
1230 806 1277 851 et
1308 803 1566 866 episeopus
1597 803 1931 862 Torcellanus,
1962 803 2109 851 assis-

327 887 434 931 tens
460 886 605 947 Pape,
636 884 900 933 celebravit
925 886 1125 933 missam
1150 886 1394 950 publicam
1416 886 1464 933 in
1491 885 1681 949 capella
1706 886 1894 949 majore
1921 886 2104 950 palatii,

328 969 460 1031 Papa
482 971 738 1031 presente:
765 984 1043 1017 sermonem
1066 969 1180 1018 fecit
1198 973 1494 1034 procurator
1517 970 1704 1018 ordinis
1725 971 2104 1034 predicatorum,

327 1051 523 1098 brevem
549 1054 598 1099 et
623 1052 821 1100 bonum.
852 1053 961 1100 Alia
984 1069 1122 1101 more
1147 1054 1308 1101 solito.

396 1135 539 1183 Feria
574 1135 758 1198 quinta,
807 1140 860 1183 17
902 1137 1120 1201 ejusdem
1158 1137 1339 1184 mensis
1380 1137 1640 1195 februarii,
1684 1136 1733 1183 in
1775 1152 1935 1196 mane,
1977 1138 2110 1186 circa

328 1218 504 1267 horam
528 1219 786 1278 decimam,
818 1221 899 1268 SS.
931 1222 986 1267 D.
1016 1224 1183 1268 noster
1212 1220 1359 1268 exivit
1390 1221 1571 1268 Urbem
1598 1220 1753 1268 iturus
1779 1222 2104 1279 Cerveterem‚

329 1304 611 1362 Cornetum,
645 1306 692 1352 et
724 1319 813 1366 per
849 1319 986 1350 mare
1023 1303 1348 1351 Plumbinum.
1386 1306 1533 1351 Erant
1567 1304 1696 1351 enim
1728 1319 1815 1367 pro
1852 1320 1910 1352 eo
1942 1307 2109 1368 parate

329 1402 411 1433 sex
436 1386 679 1444 triremes,
711 1402 800 1450 pro
826 1402 1031 1449 quarum
1057 1403 1145 1434 usu
1170 1387 1303 1434 missi
1328 1390 1438 1435 sunt
1461 1387 1597 1450 quasi
1621 1402 1790 1434 omnes
1813 1387 2108 1435 incarcerati

329 1468 483 1527 Urbis,
515 1469 661 1517 etiam
692 1486 782 1533 pro
809 1469 966 1517 causis
993 1469 1272 1528 levissimis,
1301 1474 1349 1518 et
1372 1470 1509 1518 multi
1536 1470 1665 1534 capti
1690 1486 1777 1533 per
1809 1470 2035 1518 tabernas
2060 1473 2109 1518 et

330 1551 516 1614 plateas
554 1552 696 1599 Urbis
731 1551 967 1600 violenter
1001 1555 1049 1599 et
1079 1552 1433 1612 fraudulenter,
1459 1556 1602 1616 prout
1634 1552 1741 1600 fieri
1767 1553 1943 1616 potuit,
1971 1555 2019 1601 et
2049 1569 2108 1600 ex

328 1635 544 1697 qualibet
568 1634 718 1683 barca
743 1635 802 1683 de
827 1635 936 1698 ripa
958 1651 1081 1682 unus
1105 1638 1255 1683 nauta
1276 1651 1332 1684 ac
1355 1635 1491 1683 multi
1513 1635 1785 1699 piscatores
1804 1640 1851 1682 et
1871 1635 2109 1684 incisores

328 1716 576 1780 lignorum
615 1733 703 1782 per
743 1718 917 1783 sylvas,
954 1721 1003 1766 et
1038 1717 1217 1766 diversi
1259 1718 1340 1782 qui
1378 1718 1510 1766 ducti
1552 1719 1745 1766 fuerunt
1785 1717 1846 1765 ad
1881 1718 2107 1766 triremes

329 1802 577 1864 predictas
602 1805 649 1849 et
678 1802 860 1850 ibidem
882 1801 1120 1850 violenter
1147 1802 1347 1861 detenti,
1378 1802 1588 1865 demptis
1619 1802 1795 1850 nautis.
1824 1800 1944 1849 Cum
1978 1803 2109 1865 Papa

326 1885 607 1947 equitarunt
641 1885 915 1934 cardInales
953 1901 1052 1944 sex,
1093 1885 1346 1933 videlieet:
1389 1902 1426 1933 s.
1464 1885 1720 1945 Praxedis,
1759 1884 1978 1943 Ursinus,
2019 1887 2108 1933 Cu-

327 1968 562 2027 sentinus,
599 1985 637 2015 s.
673 1967 906 2027 Severini,
939 1967 1154 2016 Estensis
1194 1971 1241 2015 et
1278 1968 1489 2032 Borgia,
1524 1969 1650 2027 dux3
1687 1971 1873 2032 septem
1909 1967 2102 2031 prelati,

326 2050 551 2099 videlicet
589 2051 1038 2114 :archiepiscopus
1076 2051 1359 2110 Tranensis,
1395 2054 1562 2099 sancte
1599 2055 1750 2109 Juste,
1792 2049 2101 2108 BiteetensiS,

326 2133 624 2192 Narniensis,
652 2133 890 2191 Elnensis,
924 2137 973 2181 et
1002 2135 1270 2192 Massanus,
1307 2133 1525 2197 episcopi
1556 2138 1604 2182 61
1629 2137 1685 2182 D.
1712 2133 1974 2191 AdrianuS‚
1997 2132 2106 2180 the-

328 2217 579 2264 saurarius
617 2219 664 2264 et
704 2215 1038 2275 secretarius3
1079 2216 1266 2264 familia
1314 2216 1595 2265 Sanctitatis
1642 2231 1725 2264 5116
1770 2215 1858 2263 fuit
1905 2215 2106 2263 circiter

327 2303 521 2349 centum
553 2303 600 2348 et
623 2299 973 2363 quinquaginta
999 2315 1321 2363 personarum
1352 2300 1478 2348 inter
1509 2316 1631 2362 quos
1661 2300 1858 2347 fuerunt
1885 2315 1968 2346 sex
1994 2314 2107 2346 can-

327 2386 460 2431 tores
483 2383 668 2447 capelle
691 2385 873 2441 nostre,
904 2383 1064 2430 socius
1088 2398 1224 2430 meus
1251 2386 1298 2431 et
1322 2383 1485 2446 plures
1510 2382 1610 2431 alii.
1637 2384 1784 2446 Papa,
1815 2385 1926 2430 ante
1950 2397 2106 2430 reces-

324 2482 447 2525 sum,
470 2466 715 2514 commisit
730 2468 786 2514 D.
808 2466 1045 2514 cardinali
1066 2466 1327 2514 Mutinensi
1350 2466 1478 2530 quod
1500 2466 1688 2514 faceret
1710 2465 1912 2530 singulis
1933 2464 2104 2512 diebus

327 2549 584 2598 dominicis
617 2549 723 2597 fieri
760 2549 1115 2598 intimationem
1152 2549 1298 2597 misse
1337 2554 1384 2598 et
1419 2549 1661 2597 sermonis
1699 2548 1787 2596 sub
1824 2546 2105 2596 Sanctitatis

328 2649 412 2681 sue
437 2633 634 2682 nomine
665 2649 721 2681 ac
754 2632 792 2679 si
824 2633 1064 2681 Sanctitas
1097 2649 1185 2681 sua
1215 2637 1342 2682 esset
1373 2633 1421 2680 in
1457 2633 1580 2681 Urbe
1613 2648 1841 2696 presens,
1875 2631 2002 2693 quod
2033 2633 2106 2677 est

328 2717 507 2765 factum
541 2716 638 2764 suis
670 2716 856 2764 diebus.
898 2716 1198 2765 pernoctavit
1228 2716 1467 2765 Sanctitas
1506 2731 1593 2763 sua
1625 2715 1705 2762 illa
1734 2718 1876 2762 110016
1909 2713 1956 2761 111
1988 2712 2102 2761 Palo

328 2816 440 2848 cum
462 2799 644 2848 familia
665 2816 751 2848 sua
769 2804 816 2847 et
838 2799 1081 2847 cardinale
1103 2799 1362 2847 Cusentino
1382 2816 1392 2857 ;
1417 2798 1510 2846 dux
1526 2813 1637 2845 cum
1660 2796 1847 2846 Estensi
1867 2799 1914 2844 61
1929 2794 2102 2858 Borgia

328 2883 650 2932 cardinalibus
684 2882 980 2946 pernoctavit
1015 2882 1062 2929 in
1102 2881 1363 2941 Cerveteri,
1401 2885 1447 2929 et
1492 2879 1715 2928 similiter
1750 2877 2019 2927 cardinales
2057 2893 2096 2923 S.

327 2966 561 3025 Severini,
588 2982 625 3013 5.
653 2965 880 3014 Praxedis
901 2969 949 3013 et
967 2964 1166 3012 Ursinus
1186 2967 1531 3028 pernoctarunt
1554 2962 1601 3010 in
1629 2961 1871 3010 Palidoro.

393 3051 530 3099 Feria
553 3052 702 3107 sexta,
730 3051 785 3096 18
812 3047 1035 3096 februarii
1061 3047 1285 3111 predicti,
1309 3049 1455 3111 Papa,
1481 3046 1606 3095 facto
1629 3044 1848 3109 prandio,
1873 3043 2103 3119 equitavit

327 3137 638 3182 Cerveterem
658 3130 736 3196 (1),
759 3146 903 3194 quem
929 3123 1116 3193 sequuti
1142 3135 1252 3178 sunt
1276 3131 1370 3178 dux
1394 3132 1440 3178 et
1467 3144 1636 3177 omnes
1657 3127 1924 3176 cardinales
1952 3130 1999 3174 61
2022 3125 2101 3174 alii

378 3306 414 3343 1.
436 3306 485 3342 Le
507 3315 595 3342 mss.
619 3304 662 3340 de
694 3303 864 3340 Florence
889 3302 1009 3339 donne
1029 3304 1050 3339 a
1080 3306 1164 3348 tort,
1190 3304 1379 3340 Civitatem
1399 3307 1561 3349 veterem,
1585 3306 1691 3353 apres
1717 3303 1817 3340 avoir
1837 3303 1956 3340 donne
1984 3303 2104 3350 prece*

329 3363 515 3401 demment
537 3362 684 3400 Velletri
704 3366 751 3400 ou
770 3362 803 3399 16
829 3362 898 3398 (1110
915 3362 959 3398 (16
978 3361 1202 3399 Valentinois
1230 3362 1346 3399 s'etait
1374 3365 1506 3401 1111616.
1536 3363 1723 3400 Burchard
1745 3363 1798 3399 dit
1825 3362 2007 3400 d'ailleurs
2032 3373 2103 3411 que

328 3423 362 3460 16
389 3435 481 3472 pape
510 3427 545 3460 et
574 3435 615 3460 sa
647 3422 741 3460 suite
772 3434 817 3459 ne
835 3420 971 3470 privent
996 3420 1031 3458 la
1061 3432 1136 3458 mer
1157 3434 1228 3471 que
1253 3433 1345 3471 pour
1365 3433 1404 3458 se
1432 3422 1560 3460 rendre
1586 3423 1630 3460 de
1663 3424 1816 3460 Corneto
1847 3425 1869 3459 ῑ1
1895 3421 2100 3460 Ρ10111111110.

331 3484 430 3520 Dans
462 3483 496 3520 la
519 3483 679 3532 depeche
710 3481 797 3532 qu'il
817 3480 998 3519 adressait
1021 3492 1060 3517 ce
1091 3483 1207 3519 meme
1221 3482 1304 3531 jour
1324 3483 1346 3518 ὰ
1370 3481 1404 3519 la
1423 3480 1636 3531 Seigneurie
1656 3483 1700 3520 de
1720 3482 1906 3528 Florence,
1929 3476 2103 3530 Cappello
