2228 3938
335 413 383 449 92
948 412 1182 451 JOHANNIS
1215 412 1512 459 BURCHARDI,
1838 416 1994 456 [Janvier
2015 418 2109 458 1501]

404 513 491 562 Die
521 511 768 571 mercurii,
811 516 838 561 6
867 514 1092 577 januarii,
1144 515 1268 563 festo
1303 515 1560 579 epiphanie
1589 516 1799 576 Domini,
1838 517 1927 566 fuit
1962 518 2109 567 missa

340 595 569 644 solemnis
592 595 639 642 in
667 595 852 658 capella
887 597 1121 660 predicta,
1145 614 1289 661 quam
1315 598 1576 647 celebravit
1606 602 1772 648 Rmus.
1799 603 1855 648 D.
1889 601 2111 650 cardina-

338 679 395 726 lis
419 678 479 742 (1)
490 715 585 726 .....
611 680 740 742 Papa
780 679 929 727 etiam
966 683 1212 743 presente.
1246 684 1350 729 Non
1386 681 1472 729 fuit
1515 697 1692 742 sermo,
1724 682 1869 747 quem
1907 683 2111 733 debebat

340 761 512 810 fecisse
540 763 835 825 procurator
867 762 1049 810 ordinis
1080 778 1325 812 servorum
1352 764 1398 812 b,
1426 764 1594 824 Marie,
1621 765 1846 814 omnibus
1874 765 2111 814 molestus

340 847 388 893 et
425 844 637 892 tediosus
677 844 837 892 nimis.
871 845 991 902 Quia
1025 848 1152 910 Papa
1185 847 1325 895 exivit
1364 847 1521 906 tarde,
1565 851 1821 912 propterea
1864 833 2110 897 sollicitavi

341 928 467 991 apud
502 928 817 976 Sanctitatem
850 944 985 976 suam
1016 931 1064 977 et
1096 932 1299 977 RRmos.
1345 932 1445 978 DD.
1484 931 1758 980 cardinales
1793 932 1922 994 quod
1955 946 2112 979 sermo

340 1011 618 1074 hujusmodi
648 1011 1115 1074 pretermitteretur,
1156 1029 1267 1060 cum
1301 1017 1461 1061 essent
1490 1029 1690 1077 vespere
1731 1015 1794 1062 he
1835 1013 2113 1063 ceremonia

341 1094 471 1143 circa
492 1095 766 1142 clausuram
788 1100 1038 1158 portarum
1075 1096 1312 1145 faciende.
1338 1097 1440 1145 Alia
1465 1112 1600 1145 more
1633 1098 1796 1146 solito.

410 1180 541 1226 Hora
569 1193 899 1241 vesperarum,
938 1179 1103 1226 RRmi.
1138 1181 1237 1227 DD.
1270 1179 1540 1227 cardinales
1581 1181 1870 1229 Cusentinus
1901 1185 1949 1230 et
1980 1181 2116 1229 Muti-

348 1261 512 1309 nensis
545 1265 779 1309 venerunt
803 1262 863 1309 ad
892 1277 1118 1326 vesperas
1160 1262 1220 1311 ad
1243 1262 1492 1311 basilicam
1520 1263 1751 1328 principis
1785 1264 2118 1328 apostolorum

346 1344 519 1407 quibus
555 1344 905 1405 interfuerunt;
944 1345 1174 1393 sederunt
1195 1345 1243 1393 in
1266 1346 1420 1394 choro
1458 1347 1505 1393 in
1535 1347 1689 1410 capite
1726 1347 1866 1395 banci
1903 1363 1931 1396 a
1970 1363 2117 1395 cornu

347 1427 548 1492 epistole
571 1428 737 1476 altaris
755 1443 902 1492 super
923 1429 1110 1476 duobus
1132 1429 1363 1488 cussinis;
1388 1434 1498 1492 post
1521 1445 1605 1478 eos
1622 1430 1670 1477 in
1693 1430 1846 1478 banco
1868 1430 2121 1479 humiliter

347 1511 574 1559 sederunt
604 1512 860 1575 episcopus
895 1511 1236 1568 Cabalicensis,
1272 1513 1528 1576 episcopus
1562 1514 1841 1562 Narniensis
1861 1518 1908 1562 et
1930 1514 2119 1577 episco-

347 1610 435 1657 pus
458 1593 709 1642 lmolensis
736 1595 996 1642 canonicus
1037 1599 1084 1643 et
1112 1598 1318 1659 quatuor
1351 1595 1428 1643 alii
1453 1597 1671 1644 canonici
1701 1597 1827 1645 dicte
1855 1597 2050 1644 basilice
2072 1596 2120 1645 in

349 1677 572 1741 opposito
600 1677 938 1737 cardinalium;
964 1677 1012 1724 in
1031 1677 1173 1725 simili
1201 1678 1358 1726 banco
1382 1681 1438 1726 D.
1464 1679 1657 1726 Brutius
1679 1680 1738 1727 de
1766 1682 1948 1737 Monte,
1976 1693 2123 1727 cano-
2193 1692 2197 1696 ·

350 1760 483 1807 nicus
513 1760 639 1808 dicte
676 1760 871 1808 basilice
908 1761 955 1807 in
981 1761 1174 1824 pluviali
1197 1761 1414 1808 officium
1434 1777 1748 1825 vesperarum
1783 1762 1982 1822 faciens,
2014 1766 2121 1825 post

350 1859 460 1890 eum
486 1843 700 1907 episcopi
720 1843 986 1903 Adriensis,
1009 1844 1336 1892 Crotoniensis
1369 1849 1416 1892 et
1440 1845 1609 1893 decem
1632 1845 1710 1892 alii
1738 1845 1972 1894 canonici.
1995 1845 2123 1894 Fini-

354 1927 413 1975 tis
442 1927 673 1991 vesperis,
706 1927 962 1974 distributa
994 1927 1190 1976 fuerunt
1227 1928 1548 1976 cardinalibus
1583 1928 1814 1991 predictis
1851 1933 1898 1976 et
1925 1927 2122 1991 singulis

355 2010 599 2058 canonicis
622 2010 858 2058 intortitia
873 2010 996 2069 alba,
1023 2015 1071 2058 et
1092 2011 1391 2060 beneficiatis
1414 2015 1461 2059 et
1477 2012 1664 2059 clericis
1687 2012 1904 2076 ejusdem
1926 2011 2123 2059 basilice

353 2093 509 2142 facule
533 2094 640 2142 albe
666 2094 805 2141 unius
826 2093 948 2142 libre
973 2094 1202 2157 quelibet3
1236 2099 1282 2143 et
1305 2095 1525 2142 ordinata
1551 2095 1800 2158 processio
1828 2110 1916 2159 per
1937 2099 2125 2158 portam

352 2177 563 2226 mediam
584 2177 781 2225 basilice
803 2177 1038 2240 predicte,
1064 2177 1340 2226 cantoribus
1364 2177 1664 2226 cantantibus
1679 2177 1941 2242 hymnum:
1961 2177 2126 2225 Hostis

354 2260 584 2320 Herodes,
616 2261 772 2323 impie.
809 2261 927 2307 Cum
958 2275 1176 2307 essemus
1207 2260 1335 2308 circa
1366 2265 1555 2324 portam
1596 2260 1803 2308 mediam
1835 2260 2121 2324 predictam,

355 2343 513 2392 adhuc
534 2343 657 2390 intra
678 2342 942 2403 basilicam,
968 2346 1188 2391 ostensus
1212 2348 1282 2391 est
1304 2343 1482 2408 populo
1506 2343 1659 2391 vultus
1689 2343 1903 2401 Domini3
1929 2358 2023 2408 quo
2046 2357 2125 2390 os-

355 2431 509 2485 tenso,
534 2426 779 2488 prosecuti
802 2442 966 2473 sumus
988 2426 1349 2490 processionem
1371 2430 1589 2473 nostram
1609 2442 1698 2489 que
1722 2425 1911 2473 intravit
1938 2430 2126 2489 portam

355 2525 569 2569 auream,
602 2509 730 2557 circa
764 2525 908 2573 quam
931 2510 989 2557 ab
1027 2515 1164 2558 extra
1191 2514 1294 2558 erat
1325 2510 1619 2572 gubernator
1647 2509 1786 2558 Urbis
1814 2524 1925 2557 cum
1965 2508 2126 2556 multis

354 2592 595 2657 peditibus
619 2597 666 2641 et
695 2592 896 2656 guardia
926 2595 1052 2656 Pape
1076 2592 1456 2640 custodientibus
1475 2597 1522 2641 et
1551 2592 1918 2656 precaventibus
1940 2607 2000 2639 ne
2022 2591 2130 2655 quis

354 2677 607 2726 hominum
628 2684 737 2740 post
758 2676 1027 2724 cardinales
1049 2677 1292 2740 predictos
1314 2680 1503 2740 portam
1527 2692 1725 2724 auream
1747 2676 1970 2734 intraret3
1996 2679 2042 2723 et
2070 2674 2129 2722 ab

358 2761 480 2809 intus
494 2764 541 2808 et
563 2765 698 2808 extra
719 2764 856 2808 erant
873 2759 1089 2824 magistri
1113 2764 1319 2824 quatuor
1337 2764 1384 2807 et
1403 2759 1650 2807 manuales
1665 2758 1858 2805 circiter
1873 2757 2128 2805 duodecim

355 2845 570 2893 locantes
612 2843 796 2907 lapides
831 2849 875 2891 et
908 2848 1185 2891 cementum
1212 2843 1340 2890 intus
1373 2847 1420 2889 et
1441 2840 1639 2889 extrain
1661 2839 1918 2887 sufficienti
1939 2839 2130 2902 quanti-

359 2932 472 2976 tate.
504 2927 789 2975 Intravimus
819 2926 965 2989 igitur
999 2926 1048 2972 in
1080 2925 1175 2973 fine
1210 2924 1553 2988 processioniS,
1585 2925 1748 2970 Rmus.
1777 2924 1831 2970 D.
1873 2921 2128 2970 cardinalis

359 3010 642 3059 Mutinensis
666 3010 755 3056 sibi
778 3009 868 3073 ipsi
895 3008 1096 3056 caudam
1124 3012 1339 3072 portans,
1373 3012 1420 3054 et
1452 3022 1541 3069 ego
1570 3011 1677 3070 post
1700 3021 1829 3064 eum,
1855 3010 1901 3054 et
1922 3009 2030 3069 post
2052 3020 2129 3054 me

361 3093 616 3142 cardinalis
639 3092 925 3141 Cusentinus
948 3092 1093 3139 etiam
1117 3092 1219 3155 ipse
1239 3091 1443 3139 caudam
1465 3105 1615 3154 cappe
1639 3105 1723 3137 sue
1746 3089 1996 3147 deferens;
2022 3091 2130 3152 post

362 3176 672 3225 Cusentinum
692 3175 1121 3227 nullusfamiliaris.
1149 3177 1279 3223 Unus
1303 3189 1360 3222 ex
1383 3173 1479 3221 suis
1502 3173 1725 3237 deposuit
1745 3188 1891 3236 super
1909 3171 2130 3219 liminare

365 3264 502 3325 porte
530 3273 677 3307 auree
707 3258 766 3305 ab
798 3262 930 3306 extra
963 3273 1108 3306 unam
1137 3257 1316 3321 petiam
1351 3272 1545 3304 auream
1576 3256 1750 3304 valoris
1787 3254 2133 3318 quinquaginta

367 3345 669 3401 ducatorum,
687 3345 734 3389 et
749 3341 867 3389 alius
881 3341 1020 3389 aliam
1033 3341 1212 3405 petiam
1228 3344 1509 3404 argenteam
1522 3339 1695 3387 valoris
1713 3339 1761 3386 in
1777 3336 2130 3386 carlenistrium

416 3528 446 3562 t.
476 3525 529 3562 En
547 3525 652 3562 blanc
672 3524 762 3560 dans
783 3528 865 3560 tous
885 3522 938 3560 les
960 3535 1072 3562 mss„
