2228 3938
207 340 431 382 [Septembre
455 341 548 380 1503]
651 338 821 378 RERUM
855 334 1158 391 URBAJVARUM
1185 337 1537 376 COMMENTARII.
1923 339 1996 376 259

273 442 360 490 Die
381 442 568 502 martis,
597 445 624 490 5
657 439 964 504 septembris,
996 441 1210 488 secunda
1239 440 1574 504 exequiarum,
1609 443 1777 489 RmuS.
1810 443 1868 489 D.
1893 457 1997 489 car-

206 524 377 573 dinalis
400 524 754 573 Alexandrinus
775 523 1060 572 celebravit:
1098 523 1258 571 nullus
1287 524 1524 584 interfuit,
1551 540 1644 573 nec
1672 523 1883 572 ministri
1904 540 1996 574 nec

207 608 466 671 capellani,
491 624 582 657 nec
613 607 879 656 caudatarii
904 607 1248 668 cardinalium;
1275 613 1320 656 et
1348 608 1487 656 multi
1509 624 1568 656 ex
1591 608 1790 672 prelatis
1821 612 1869 657 et
1893 623 1996 656 ves-

207 692 308 740 titis
328 707 428 740 non
444 692 718 740 habuerunt
735 690 984 749 candelam
1003 695 1228 754 preterea
1242 706 1340 739 non
1362 691 1561 740 fuerunt
1580 692 1737 756 posita
1757 690 2000 740 intorticia

190 791 359 839 supra
380 778 595 823 castrum
617 774 822 823 doloris:
848 773 1051 822 candele
1080 780 1288 838 quatuor
1309 774 1562 823 unciarum
1595 790 1683 839 pro
1712 775 1995 834 medietate,
2041 764 2045 767 ’

207 859 300 907 hoc
323 863 397 907 est
427 859 486 907 ad
507 874 657 906 unum
681 858 870 907 clavum
889 858 1107 907 candela
1142 848 1280 907 etad
1313 858 1462 906 alium
1489 875 1615 918 non;
1647 859 1757 918 alia,
1791 863 1842 907 ut
1872 858 1998 918 heri,

207 946 410 1005 excepto
459 941 589 1005 quod
635 941 787 990 multa
825 941 1070 990 intorticia
1107 942 1246 1006 juxta
1291 946 1505 990 castrum
1546 942 1742 990 fuerunt
1791 941 1998 990 duarum

207 1024 455 1073 librarum.
482 1024 807 1073 Interfuerunt
839 1025 1109 1074 cardinales
1132 1024 1300 1089 viginti
1325 1041 1450 1073 unus
1481 1024 1608 1072 ultra
1638 1013 1990 1084 celebrantem,

205 1107 454 1156 videlicet:
497 1125 536 1156 s.
580 1108 706 1156 Petri
753 1108 815 1156 ad
860 1109 1084 1168 Vincula,
1128 1108 1491 1168 UlixbonensiS,
1540 1108 1907 1168 Recanatensis,
1954 1124 1995 1156 s,

206 1191 455 1251 Praxedis,
487 1192 887 1255 Caputaquensis,
910 1209 948 1239 s.
975 1191 1157 1250 Crucis,
1183 1191 1458 1250 Grimanus,
1487 1191 1799 1251 ArborensiS,
1827 1193 2006 1239 Cusen-

210 1273 357 1334 tinus,
398 1277 656 1334 Cumanus,
689 1275 1028 1335 Bononiensis,
1062 1275 1239 1323 Montis
1264 1274 1476 1338 Regalis,
1511 1274 1789 1335 Perusinus,
1836 1275 2007 1324 Vulte-

211 1373 374 1416 ranus,
408 1357 468 1406 de
498 1358 672 1418 Flisco,
709 1358 954 1418 Senensis,
990 1358 1222 1417 Medices,
1261 1358 1534 1417 CesarinUS,
1573 1358 1632 1406 de
1667 1357 1915 1417 Farnesio,
1946 1357 2006 1406 de

210 1440 463 1502 Alibretto,
501 1442 1084 1506 Constantinopolitanus;
1120 1447 1167 1491 et
1203 1444 1449 1491 Cumanus
1490 1442 1619 1491 venit
1654 1442 1714 1490 ad
1746 1441 2003 1505 capellam,

210 1523 403 1588 incepta
440 1525 610 1590 missa,
648 1529 695 1574 et
722 1531 984 1589 antequam
1018 1525 1108 1574 iret
1145 1526 1206 1574 ad
1246 1526 1408 1574 locum
1450 1542 1608 1585 suum,
1654 1524 1767 1573 duxi
1804 1540 1916 1573 eum
1947 1524 2008 1573 ad

213 1607 428 1670 singulos
462 1608 752 1668 cardinales,
783 1608 1100 1672 pretermisso
1131 1625 1170 1656 s.
1216 1608 1344 1656 Petri
1375 1608 1437 1655 ad
1468 1607 1693 1666 Vincula,
1724 1606 2004 1670 incipiendo

212 1706 240 1738 a
274 1693 625 1750 Recanatense,
658 1695 706 1739 et
739 1691 799 1739 ad
820 1691 1049 1740 diaconos
1081 1691 1162 1755 qui
1189 1695 1486 1755 receperunt
1517 1690 1662 1756 [eum]
1693 1690 1755 1738 ad
1782 1690 2006 1739 osculum

211 1773 324 1833 oriS,
345 1777 393 1822 et
413 1774 526 1834 hoc,
546 1774 658 1838 quia
673 1790 824 1823 novus
844 1775 975 1824 venit
993 1775 1054 1823 ad
1068 1776 1268 1835 Urbem,
1285 1779 1332 1824 et
1350 1775 1463 1835 hoc,
1481 1774 1692 1839 primum
1711 1790 1856 1838 quam
1876 1774 2008 1823 venit

212 1857 341 1906 inter
362 1858 658 1917 cardinales;
687 1858 860 1907 deinde
881 1859 1032 1908 locavi
1068 1875 1181 1907 eum
1214 1859 1446 1908 inlocum
1468 1875 1609 1907 suum
1641 1858 1767 1907 inter
1796 1860 2006 1922 Caputa-

213 1957 449 2005 quensem
469 1945 517 1990 et
540 1943 900 1991 Bononiensem
922 1943 1211 1991 cardinales
1239 1945 1287 1991 S.
1309 1942 1479 1992 Crucis
1499 1941 1627 1990 venit
1646 1946 1756 2006 post
1783 1941 2007 1990 cardina-

211 2023 310 2072 lem
332 2041 371 2072 s.
394 2024 524 2073 Petri
544 2025 604 2072 ad
621 2025 829 2075 Vincula
843 2026 944 2089 qui,
970 2026 1098 2075 facta
1118 2025 1354 2084 oratione,
1380 2041 1516 2074 more
1536 2025 1694 2085 solito,
1718 2024 1925 2073 accessit
1946 2024 2009 2073 ad

214 2122 252 2154 s.
290 2107 420 2155 Petri
454 2107 516 2157 ad
546 2107 769 2167 Vincula,
797 2108 931 2156 dedit
961 2108 1004 2156 ei
1041 2124 1239 2156 manum
1264 2112 1311 2156 et
1336 2112 1449 2156 sunt
1480 2123 1532 2156 se
1571 2112 1739 2156 mutuo
1776 2107 2005 2166 osculati;

214 2190 343 2254 quod
357 2206 456 2239 non
478 2191 567 2240 fuit
586 2191 949 2240 inconveniens.
978 2192 1071 2240 Alii
1099 2192 1388 2252 cardinaleS,
1413 2192 1551 2240 finita
1581 2192 1747 2251 missa,
1775 2206 2010 2255 porrexe—

214 2278 328 2322 runt
351 2274 509 2322 eidem
529 2290 566 2322 s.
598 2274 724 2324 Petri
748 2275 810 2323 ad
828 2275 1035 2325 Vincula
1061 2291 1254 2335 manus,
1292 2279 1340 2324 et
1362 2278 1472 2323 sunt
1494 2290 1606 2324 eum
1641 2274 1848 2324 osculati
1872 2290 1882 2322 :
1907 2290 2009 2322 non

213 2357 383 2406 suisset
404 2362 567 2407 tamen
594 2358 936 2408 inconveniens
958 2359 1089 2423 quod
1114 2359 1402 2420 cardinales,
1427 2359 1511 2423 qui
1534 2363 1673 2408 erant
1699 2359 1748 2406 in
1774 2357 2004 2416 ecclesia,

215 2438 265 2486 in
283 2439 403 2488 locis
425 2440 540 2500 suis,
570 2445 827 2506 postquam
852 2459 891 2489 s.
930 2442 1057 2490 Petri
1079 2443 1141 2490 ad
1166 2443 1374 2508 Vincula
1397 2443 1510 2491 fecit
1538 2442 1809 2491 orationem
1830 2446 1879 2490 et
1901 2457 2009 2488 sur-

216 2522 354 2582 rexit,
376 2523 639 2572 movissent
658 2539 709 2572 se
733 2524 791 2572 de
819 2525 938 2573 locis
968 2525 1065 2572 suis
1094 2526 1155 2573 ad
1183 2525 1303 2573 duos
1327 2526 1412 2588 vel¹
1436 2530 1532 2575 tres
1557 2541 1730 2589 passus
1762 2541 1790 2572 a
1821 2525 2008 2588 maj0re

217 2604 491 2669 incipiendo
514 2622 666 2670 usque
687 2607 748 2655 ad
768 2607 1010 2656 minorem
1041 2612 1087 2656 et
1117 2609 1418 2671 recepissent
1453 2624 1566 2657 eum
1600 2608 1662 2656 ad
1686 2607 1926 2667 osculum,
1958 2610 2009 2655 et

220 2689 300 2737 alii
320 2694 491 2752 postea
511 2690 779 2751 venientes,
804 2691 932 2739 facta
959 2690 1194 2751 oratione,
1228 2692 1554 2740 accessissent
1574 2691 1635 2739 ad
1657 2706 1768 2739 eum
1796 2693 1844 2738 et
1878 2680 2011 2738 simi-

219 2772 330 2826 liter
351 2789 461 2821 eum
487 2774 800 2838 recepissent,
834 2774 1009 2823 deinde
1036 2774 1282 2824 venissent
1310 2775 1371 2823 ad
1392 2775 1503 2824 loca
1524 2791 1630 2823 sua.
1655 2777 1838 2823 Tamen
1861 2773 2010 2822 etiam

222 2857 351 2919 quod
375 2857 556 2906 factum
579 2862 668 2918 est,
693 2874 792 2907 non
813 2857 902 2906 fuit
925 2859 1070 2907 male.

288 2940 436 2989 Missa
456 2941 607 3001 finita,
628 2957 798 2991 omnes
819 2942 986 3006 viginti
1009 2943 1103 2991 duo
1126 2942 1399 2991 cardinales
1422 2941 1721 2990 intraverunt
1740 2940 2012 2990 sacristiam

225 3024 306 3073 ubi
329 3025 549 3074 fecerunt
568 3025 766 3090 longam
801 3027 1235 3091 congregationem
1270 3042 1416 3090 super
1446 3025 1644 3074 introitu
1672 3024 1932 3083 conclavis,
1965 3027 2015 3073 et

225 3124 322 3156 non
364 3109 452 3157 fuit
488 3108 790 3170 conclusum,
839 3110 926 3159 sed
969 3127 1054 3174 pro
1088 3111 1166 3158 die
1204 3110 1413 3158 crastina
1450 3109 1700 3158 conclusio
1744 3112 2005 3157 reservata.

226 3192 531 3241 Gubernator
553 3209 664 3241 cum
696 3194 926 3242 Romanis
957 3194 1376 3243 conservatoribus
1399 3197 1446 3242 et
1479 3194 1584 3242 aliis
1612 3192 1867 3255 conquesti
1901 3195 2014 3239 sunt

229 3272 286 3321 de
306 3273 500 3324 introitu
517 3276 759 3325 Gallorum
777 3283 823 3326 et
846 3278 1187 3342 Hispanorum.
1208 3278 1317 3326 Fuit
1338 3277 1407 3325 eis
1423 3291 1712 3341 responsum
1735 3275 1866 3338 quod
1885 3275 2011 3323 bene

229 3357 525 3406 custodirent
539 3361 718 3408 Urbem
740 3365 787 3409 et
807 3377 906 3409 non
927 3361 1169 3410 timerent.
1190 3364 1290 3424 Ego
1312 3365 1606 3423 conquestus
1623 3358 1689 3406 fui
1705 3373 1796 3421 pro
1816 3356 2012 3422 publico

230 3438 360 3501 quod
398 3441 686 3491 castellanus
724 3444 867 3493 castri
904 3460 942 3491 s.
985 3445 1155 3507 Angeli
1196 3444 1390 3492 tenebat
1428 3442 1655 3491 continue
1692 3445 1888 3490 catenas
1928 3456 2013 3490 ex·-
