2254 3944
150 388 421 429 [Fevrier1500]
594 385 763 422 RERUM
795 382 1095 421 URBANARUM
1123 382 1476 419 COMMENTARH.
1889 386 1930 420 17

152 490 424 539 vulneribus
448 490 643 538 afficere
664 503 720 537 ac
742 487 1028 551 plerumque
1053 485 1282 533 atrociter
1306 485 1581 533 interficere
1608 501 1706 534 non
1730 485 1935 549 perhor-

151 577 348 623 rescunt
384 573 631 622 invasione
663 574 745 619 aut
778 569 1013 635 periculo,
1052 572 1099 616 et
1129 569 1381 616 redeundo
1418 570 1712 634 pertransire
1748 569 1934 634 possint

151 659 307 707 valeat
329 657 588 706 salubriter
602 653 860 721 provideri.
879 653 954 701 Ad
976 668 1116 700 aures
1133 652 1370 715 siquidem
1393 656 1601 711 nostras,
1621 654 1751 717 quod
1773 653 1938 701 dolen-

152 745 224 790 ter
240 741 509 799 referimus,
528 738 745 804 pervenit
761 737 892 801 quod
914 736 1137 785 nonnulli
1162 736 1413 801 peregrini
1438 740 1484 785 et
1508 737 1759 801 Romipete
1781 753 1837 785 ac
1858 736 1936 785 alii

151 827 211 874 ad
228 826 404 875 Urbem
422 827 470 873 et
483 823 667 873 curiam
687 822 946 886 predictas,
973 823 1072 869 tam
1088 831 1175 884 pro
1191 820 1503 884 indulgentiis
1523 821 1802 886 hujusmodi
1827 836 1939 870 con-

152 908 410 973 sequendis
425 923 568 971 quam
586 906 731 955 etiam
747 905 852 953 aliis
869 920 1037 952 eorum
1053 904 1260 968 negotiis
1276 905 1646 968 pertractandis,
1666 905 1933 963 venientes,

153 1009 238 1041 seu
259 992 369 1040 inde
394 992 697 1049 recedentes,
727 989 945 1054 pecuniis
969 991 1016 1036 et
1039 988 1143 1036 aliis
1162 1004 1254 1051 que
1278 1003 1444 1036 sec-um
1473 987 1769 1046 deferebant,
1794 989 1939 1035 rebus

78 1084 80 1086 ’
153 1075 365 1124 ethonis
396 1074 602 1139 spoliati,
637 1090 692 1122 ac
724 1073 870 1136 aliqui
905 1072 1050 1120 etiam
1082 1072 1324 1120 interfecti
1355 1072 1565 1130 fuerunt,
1603 1072 1732 1135 quod
1758 1071 1807 1118 in
1833 1087 1942 1119 nos-

153 1163 279 1208 tram
306 1161 353 1206 et
379 1158 508 1206 sedis
534 1156 798 1221 apostolice
821 1156 1086 1204 maximum
1106 1155 1431 1220 prejudicium
1455 1158 1503 1203 et
1525 1155 1700 1214 Christi
1723 1154 1940 1203 fidelium

151 1242 464 1308 populorum,
499 1241 667 1289 sedem
684 1241 838 1304 ipsam
864 1239 1056 1289 visitare
1083 1239 1398 1303 cupientium,
1429 1239 1698 1287 devotionis
1724 1239 1942 1287 deminu-

154 1326 282 1375 tione
320 1326 593 1374 redundare
633 1328 815 1389 posset,
857 1323 946 1372 nisi
985 1323 1233 1387 premissis
1265 1339 1351 1387 per
1385 1339 1468 1371 eos
1501 1324 1561 1371 ad
1586 1338 1707 1386 quos
1732 1323 1942 1386 pertinet

154 1426 240 1475 per
278 1413 550 1474 opportuna
590 1408 877 1473 provisionis
913 1408 1131 1456 remedia
1168 1407 1401 1456 obiretur.
1444 1410 1542 1455 Hos
1565 1407 1728 1471 igitur,
1771 1406 1942 1470 quibus

154 1495 203 1541 in
226 1509 484 1558 personam
509 1493 640 1541 beati
675 1493 805 1541 Petri
841 1492 1024 1540 dictum
1059 1494 1131 1539 est
1161 1507 1170 1539 :
1204 1492 1277 1539 Tu
1305 1508 1350 1539 es
1374 1492 1549 1540 Petras
1582 1499 1629 1539 et
1650 1507 1790 1555 super
1821 1492 1945 1539 lzcmc

150 1586 332 1641 petram
363 1578 585 1640 edificabo
624 1577 864 1625 ecclesiam
903 1591 1056 1623 meam
1087 1592 1101 1623 .·
1128 1592 1273 1638 pasce
1308 1591 1411 1622 oves
1446 1591 1595 1634 mea-53
1642 1578 1689 1623 et
1724 1576 1785 1623 ad
1823 1590 1942 1638 quos

157 1643 342 1725 spectat
386 1660 635 1725 premissis
677 1659 902 1724 periculis
950 1659 1141 1706 obviare
1188 1659 1457 1722 cupientes,
1504 1662 1557 1706 ut
1596 1659 1846 1717 debemuS,
1892 1662 1945 1707 ut

160 1744 419 1807 peregrini,
462 1743 715 1807 Romipete
759 1746 807 1790 et
843 1742 922 1789 alii
958 1742 1163 1805 predicti
1196 1742 1375 1805 ubique
1406 1742 1644 1801 locorum,
1685 1742 1943 1806 presertim

159 1827 205 1874 in
242 1827 569 1885 comitatibus,
611 1825 869 1874 territoriis
901 1829 949 1873 et
980 1825 1280 1873 districtibus
1311 1826 1577 1879 civitatum,
1622 1829 1861 1874 terrarum
1897 1830 1945 1874 et

160 1910 377 1959 locorum
403 1913 568 1958 nostro
593 1912 641 1957 et
663 1908 918 1972 temporali
945 1908 1159 1956 dominio
1184 1912 1267 1956 aut.
1291 1909 1412 1957 alios
1438 1909 1719 1957 immediate
1752 1909 1943 1973 subjec-

163 1998 337 2053 torum,
374 1997 476 2042 tute
502 1996 547 2041 et
574 2009 742 2041 secure
772 1991 1065 2056 pertransire
1095 1992 1300 2051 valcant,
1332 1993 1391 2040 de
1423 1996 1696 2057 opportuno
1728 1994 1943 2042 remedio

159 2077 428 2142 providere,
461 2080 596 2125 motu
621 2076 832 2140 proprio,
869 2092 966 2123 non
991 2076 1051 2123 ad
1077 2076 1280 2141 alicujus
1313 2077 1454 2125 nobis
1488 2094 1633 2141 super
1655 2077 1750 2126 hoc
1784 2078 1943 2126 oblate

159 2160 405 2225 petit-ionis
429 2160 710 2209 instantiam
735 2161 819 2208 sed
844 2160 904 2207 de
930 2163 1096 2208 nostra
1121 2176 1257 2208 mera
1281 2161 1630 2209 deliberatione
1656 2165 1703 2209 et.
1727 2178 1787 2210 ex
1811 2166 1944 2211 certa

161 2247 328 2293 nostra
363 2244 581 2302 scientia,
623 2244 869 2292 universos
901 2247 948 2291 et
981 2244 1195 2307 singulos
1234 2244 1600 2308 gubernatores,
1644 2248 1859 2294 rectores
1898 2251 1939 2293 ct

162 2328 359 2376 vicarios
388 2328 438 2376 in
468 2328 814 2392 temporalibus
842 2330 1036 2376 nostros
1068 2331 1115 2375 et
1147 2328 1367 2393 ejusdem
1396 2329 1610 2385 Ecclesie
1646 2329 1853 2378 barones
1888 2347 1942 2378 ac-

161 2411 471 2470 feudatarios,
513 2411 885 2459 communitates
918 2414 966 2459 et
1001 2411 1338 2460 universitates
1378 2412 1643 2471 civitatum,
1681 2416 1937 2472 terrarum,

164 2498 451 2554 castrorum,
484 2495 704 2543 villarum
737 2499 785 2543 et
807 2495 1027 2544 locorum
1057 2499 1224 2544 nostro
1259 2499 1307 2544 et
1336 2497 1465 2544 dicte
1498 2513 1697 2548 romane
1730 2497 1942 2546 Ecclesie

168 2578 418 2641 temporali
436 2578 651 2626 dominio
666 2578 950 2642 hujusmodi
970 2579 1181 2626 mediate
1201 2579 1275 2627 vel
1298 2579 1579 2628 immediate
1595 2581 1942 2644 subjectorum.

167 2676 367 2709 necnon
383 2660 602 2719 ducatus,
629 2660 1007 2719 marchionatus,
1032 2661 1306 2720 comitatus,
1337 2654 1569 2721 civitates,
1596 2667 1740 2721 terre,
1767 2666 1943 2715 castra,

167 2744 276 2792 ville
293 2745 459 2793 etloca
485 2760 787 2808 quecumque
809 2761 837 2792 a
858 2744 987 2792 dicta
1011 2745 1227 2793 Ecclesia
1249 2761 1556 2810 quocumque
1584 2747 1721 2795 titulo
1737 2747 1946 2795 mediate

168 2827 237 2876 vel
280 2827 562 2876 immediate
623 2828 916 2886 obtinentes,
979 2831 1147 2877 tenore
1199 2830 1498 2893 presentium
1559 2830 1845 2894 requirimus
1901 2834 1947 2878 et

171 2913 477 2971 mandamuS,
510 2912 675 2975 eisque
703 2915 942 2960 eteorum
973 2913 1170 2961 cuilibet
1202 2913 1251 2961 in
1275 2914 1450 2962 virtute
1477 2917 1642 2963 sancte
1673 2914 1947 2963 obedientie

167 2999 215 3043 et
254 2996 342 3046 sub
378 2995 894 3044 excommunicationis
929 2997 977 3043 in
1016 2996 1228 3061 singulos
1264 3013 1320 3046 ac
1352 2998 1595 3046 interdicti
1634 2998 1947 3047 ecclesiastici

169 3080 215 3127 in
259 3079 633 3127 communitates
672 3082 719 3127 et
756 3079 1089 3128 universitates
1132 3081 1227 3129 late
1267 3082 1506 3130 sententie
1552 3082 1690 3146 penis
1730 3082 1948 3129 districtc

168 3161 485 3226 precipiendo
516 3163 820 3221 mandamus,
857 3166 1095 3227 quatenus
1126 3164 1216 3228 ipsi
1241 3167 1290 3212 et
1313 3180 1480 3214 eorum
1506 3165 1678 3229 singuli
1703 3166 1752 3213 in
1778 3181 1947 3214 eorum

169 3246 441 3309 provinciiS,
489 3246 761 3305 territoriiS,
808 3247 1119 3295 comitatibus
1159 3251 1205 3295 et
1246 3248 1561 3307 districtibus,
1603 3249 1862 3313 barigellos
1901 3252 1945 3295 et

170 3329 476 3378 marescallos
500 3346 555 3378 ac
586 3329 706 3378 alios
730 3329 964 3378 officiales
988 3334 1035 3379 et
1059 3332 1417 3380 commissarios
1449 3333 1529 3396 qui
1560 3333 1803 3389 continue,
1843 3345 1948 3393 pre-

174 3411 311 3475 cipue
338 3428 463 3461 anno
488 3413 700 3477 presenti
712 3413 881 3478 jubilei
898 3414 1120 3474 durante,
1147 3415 1224 3463 die
1246 3419 1490 3479 noctuque
1515 3432 1570 3464 ac
1595 3415 1783 3479 quoties
1809 3429 1950 3476 expe-

174 3494 311 3542 diens
334 3495 494 3554 fuerit,
527 3495 627 3546 vias
652 3501 700 3545 et
724 3500 898 3546 stratas
923 3514 977 3546 ac
1010 3498 1102 3547 alia
1127 3513 1295 3546 eorum
1323 3499 1432 3547 loca
1454 3514 1541 3562 per
1570 3514 1663 3560 que
1695 3495 1947 3559 Romipete

365 3622 396 3649 τ.
426 3623 475 3649 111.
1508 3638 1510 3640 v
1734 3615 1757 3650 2
