2254 3944
360 388 378 422 4
965 392 1195 430 JOHANNIS
1231 390 1524 434 BURCHARm,
1864 389 2022 429 [αἰωνίαν
2040 391 2135 430 1500]

427 493 480 538 V.
515 493 633 538 Dato
665 492 791 553 quod
819 509 914 539 non
943 494 1192 556 gauderet,
1224 508 1321 541 non
1350 491 1525 555 poterit
1553 505 1762 554 persona
1792 490 1896 553 ejus
1927 489 2131 538 detineri

359 572 418 619 ad
440 573 716 620 instantiam
734 575 909 638 judicis
930 577 1160 624 secularis
1177 592 1263 639 pro
1286 575 1447 624 debito
1470 591 1604 632 cam,
1623 588 1716 635 quo
1738 572 1888 621 laicus
1912 571 2132 620 dubitare

361 660 541 718 posset.

424 741 503 787 VI.
530 739 744 789 Clericus
766 743 1053 792 criminosus
1073 749 1116 793 et
1137 743 1377 808 fugitivus,
1405 759 1487 790 seu
1516 744 1766 805 suspectus
1793 741 1851 788 de
1880 740 2009 804 fuga,
2035 754 2131 788 non

358 828 515 884 potest
533 824 638 887 capi
663 841 690 872 a
709 825 831 874 laico
859 843 956 875 non
982 827 1267 891 particulare
1292 826 1528 874 interesse
1557 824 1766 872 habente
1797 823 1858 871 ad
1884 822 2127 881 effectum,
2172 838 2176 842 ’

358 910 406 951 ut
425 912 670 968 presentet
689 909 837 971 judici
862 927 968 958 suo.

415 991 515 1037 VII.
551 989 765 1038 Clericus
796 992 1089 1040 interficiens
1125 996 1311 1055 patrem
1339 1006 1476 1038 suum
1509 1006 1592 1039 seu
1629 990 1953 1050 sacerdotem,
1989 990 2134 1038 etiam'

358 1071 636 1134 proditorie,
662 1090 758 1121 non
781 1079 853 1122 est
875 1075 1125 1123 actualiter
1145 1074 1498 1138 degradandus.

424 1159 547 1205 VIII.
574 1156 789 1205 Clericus
813 1158 1059 1221 depositus
1084 1158 1144 1206 ob
1164 1158 1356 1220 aliquod
1378 1157 1626 1216 delictum,
1653 1160 1911 1204 contumax
1933 1157 1981 1203 in
2003 1157 2141 1219 peni-

362 1240 558 1287 tentiam
598 1241 953 1303 suscipiendam
991 1246 1037 1288 et
1076 1239 1432 1303 incorrigibilis,
1476 1239 1621 1287 etiam
1661 1243 1770 1302 post
1809 1239 2137 1298 anathemata,

361 1323 750 1386 comprimendus
771 1329 842 1372 est
860 1341 947 1387 per
959 1325 1175 1388 judicem
1198 1323 1482 1372 secularem.

428 1409 486 1453 IX
521 1407 735 1456 Clericus
768 1407 982 1455 incidens
1011 1408 1059 1455 in
1096 1407 1278 1455 nudum
1313 1406 1774 1454 assassinamentum
1815 1422 1912 1455 non
1945 1406 2142 1470 punitur

361 1490 496 1552 penis
518 1491 845 1553 superioribus
869 1493 920 1555 (Ι,
948 1491 1006 1539 de
1028 1491 1290 1539 homicidio
1313 1490 1360 1537 in
1380 1493 1462 1539 Vr>
1483 1489 1731 1553 capitulo).

426 1574 590 1621 RRmi.
617 1577 717 1621 DD.
745 1575 1014 1623 cardinales
1041 1576 1254 1634 Ursinus,
1280 1573 1531 1637 Capuanus
1556 1573 1709 1621 vocati
1732 1589 1760 1620 a
1781 1576 1863 1621 SS.
1889 1576 1943 1621 D.
1972 1579 2139 1623 nostro

360 1673 446 1720 per
469 1674 613 1705 unum
637 1674 694 1705 ex
714 1658 1052 1721 parafrenariis
1080 1659 1177 1706 suis
1199 1661 1507 1706 recesserunt
1529 1656 1588 1704 de
1611 1657 1896 1720 repetitione
1924 1658 2143 1721 predicta

361 1746 621 1804 antequam
641 1745 695 1789 R.
724 1745 774 1789 P.
798 1745 853 1789 D.
881 1742 1137 1805 episcopus
1158 1743 1422 1791 Pennensis
1441 1747 1684 1807 argueret.

429 1824 567 1872 Feria
592 1824 747 1882 tertia,
781 1825 949 1873 ultima
975 1825 1194 1889 ejusdem
1221 1826 1421 1884 mensis,
1451 1826 1610 1889 vigilia
1637 1820 2021 1874 circumcisiOnis
2051 1828 2144 1873 Do-

362 1907 497 1965 mini,
525 1908 718 1955 suerunt
740 1923 936 1971 vespere
958 1909 1153 1971 papales
1175 1909 1222 1955 in
1244 1909 1430 1972 capella
1449 1910 1634 1973 majore
1656 1910 1819 1973 palatii
1844 1909 2135 1973 supradicta,

363 1993 492 2054 Papa
519 1995 769 2053 presente3
801 1991 974 2052 quibus
997 1991 1160 2048 finitis,
1185 1991 1413 2054 publicati
1449 1995 1558 2039 sunt
1592 1992 1700 2039 novi
1730 1992 1967 2039 officiales
2001 1991 2141 2039 Urbis

363 2074 442 2136 qui
462 2074 742 2137 juraverunt
759 2074 1041 2121 fidelitatem
1057 2080 1104 2123 et
1123 2074 1446 2123 obedientiam
1464 2076 1546 2122 SS.
1570 2078 1627 2122 D.
1647 2080 1812 2122 nostro
1830 2091 1965 2123 more
1983 2075 2140 2123 solito.

429 2157 569 2204 Feria
589 2162 759 2219 quarta
779 2162 1026 2220 sequente,
1060 2161 1077 2204 1
1109 2157 1288 2209 mensis
1306 2157 1531 2221 januarii,
1557 2157 1640 2204 fuit
1663 2158 1811 2205 missa
1839 2158 2071 2206 solemnis
2097 2157 2146 2204 in

363 2239 534 2287 eadem
556 2240 755 2303 capella,
783 2256 926 2303 quam
948 2240 1208 2289 celebravit
1230 2244 1377 2287 Rmus
1400 2243 1456 2287 D.
1492 2241 1749 2288 cardinalis
1770 2241 2142 2299 Alexandrinus,

364 2323 509 2371 etiam
531 2328 753 2387 presente
779 2326 926 2387 Papa;
954 2339 1229 2371 sermonem
1253 2323 1365 2371 fecit
1388 2324 1681 2371 D..Michael
1703 2327 1896 2373 Vernus
1920 2323 2149 2371 Mediola-

364 2407 527 2454 nensis
551 2423 661 2454 cum
689 2407 880 2455 modica
906 2407 1046 2455 laude
1071 2411 1118 2455 et
1145 2407 1349 2455 honore.
1379 2406 1534 2454 Finita
1559 2407 1724 2464 missa,
1758 2409 1843 2454 SS.
1876 2409 1931 2454 D.
1961 2410 2144 2466 noster,

366 2489 476 2536 data
502 2490 856 2549 benedictione,
892 2490 1076 2538 vocavit
1109 2490 1169 2537 ad
1197 2506 1247 2538 se
1281 2493 1335 2537 R.
1373 2490 1421 2537 in
1449 2489 1642 2538 Christo
1671 2493 1722 2537 P.
1758 2492 1815 2536 D.
1854 2489 2144 2548 Johannem,

366 2573 785 2636 archiepiscopum
821 2573 1132 2637 Ragusinum,
1167 2574 1304 2637 cujus
1338 2573 1534 2621 virtutes
1567 2572 1829 2636 plurimum
1862 2571 2075 2620 laudavit
2103 2574 2151 2619 et

368 2655 481 2702 fecit
503 2671 613 2703 eum
636 2656 920 2704 cancellarie
949 2656 1212 2720 apostolice
1238 2661 1489 2719 regentem
1519 2659 1566 2703 et
1595 2655 1719 2702 Rmi.
1747 2658 1803 2702 D.
1830 2655 1932 2702 vice
1957 2654 2152 2702 cancel-

367 2737 471 2786 larii
492 2739 653 2787 locum
675 2735 939 2798 tenentem,
966 2740 1046 2802 qui
1069 2739 1317 2787 Sanctitati
1343 2755 1428 2786 sue
1451 2738 1630 2802 gratias
1653 2738 1749 2801 egit
1772 2743 1818 2786 et
1842 2738 2020 2800 pedem
2045 2738 2151 2801 ejus

372 2823 680 2870 deosculatus
704 2828 794 2870 est.

438 2891 552 2953 Postv
570 2907 842 2969 prandium,
876 2907 957 2952 SS.
994 2907 1049 2952 D.
1079 2908 1245 2952 noster
1271 2904 1350 2951 ivit
1376 2919 1461 2952 seu
1479 2906 1697 2966 portatus
1720 2907 1793 2950 est
1814 2918 1901 2966 per
1924 2902 2154 2950 deambu-
2227 2958 2237 2963 ι

372 2984 595 3036 latorium
619 2990 676 3037 de
704 2989 878 3053 palatio
914 3003 998 3035 suo
1033 2988 1092 3035 ad
1124 2992 1334 3035 castrum
1366 3004 1404 3034 s.
1442 2987 1629 3050 Angeli,
1655 2986 1734 3034 ubi
1760 2986 1934 3034 deinde
1952 2986 2066 3034 vidit
2092 2989 2149 3034 D.

376 3072 647 3132 Lucretiam
671 3071 912 3135 Borgiam,
931 3071 1080 3117 filiam
1101 3086 1254 3128 suam,
1276 3075 1386 3117 ante
1407 3074 1619 3117 castrum
1639 3086 1677 3116 s.
1697 3069 1869 3132 Angeli
1883 3068 2154 3132 predictum

377 3149 690 3216 equitantem,
741 3155 916 3201 ituram
962 3152 1028 3218 (ut
1068 3152 1349 3215 existimavi)
1384 3153 1444 3199 ad
1489 3151 1745 3200 ecclesiam
1779 3154 2156 3198 Lateranensem

380 3252 490 3284 cum
510 3237 643 3299 equis
666 3237 858 3284 circiter
879 3241 1071 3284 centum
1094 3252 1298 3299 quorum
1320 3234 1667 3298 quinquaginta
1687 3233 1760 3281 vel
1782 3233 1910 3280 circa
1927 3232 2157 3296 precede-

380 3320 511 3379 bant,
543 3335 746 3382 quorum
785 3320 977 3366 ultimus
1002 3323 1102 3367 erat
1125 3322 1178 3366 R.
1203 3322 1258 3366 D.
1290 3321 1477 3378 Petrus,
1510 3316 1765 3380 episcopus
1802 3315 2071 3364 Calmensis
2093 3315 2155 3380 (1)

432 3447 463 3480 l.
494 3443 708 3489 Calmenmis,
730 3448 830 3480 autre
852 3444 963 3479 forme
985 3444 1028 3478 de
1049 3444 1263 3484 Catinensis,
1288 3445 1508 3487 adanensis,
1531 3443 1764 3488 Callincnse‘s,
1787 3443 2046 3487 Curinolcnsis,
2069 3445 2153 3486 etc.,

384 3503 590 3552 Carignola,
613 3504 705 3539 dans
723 3502 757 3539 la
777 3514 948 3550 royaume
969 3503 1033 3539 des
1055 3502 1318 3539 Deux-Siciles.
1586 3496 1589 3499 ζ
