2228 3938
319 370 389 406 242
620 376 623 380 ’
758 409 761 412 ,
926 371 944 406 J
949 370 1108 408 OHANN
1113 372 1156 407 lS
1191 370 1484 413 BURCHARDI,
1864 373 1988 412 ’[Ασὺῑ
2005 376 2099 414 1503]

391 471 591 518 Interim
637 476 969 520 convenerunt
1005 473 1055 520 in
1099 473 1316 521 Minerva
1361 471 1606 520 sexdecim
1650 473 1945 531 cardinales,
1977 474 2099 521 hora

319 553 609 602 duodecima
661 555 852 618 pulsata
898 556 973 604 vel
1018 556 1167 617 circa,
1216 557 1441 606 videlicet
1487 554 1850 618 Neapolitanus,
1901 554 2097 603 Ulixbo-

318 636 497 696 nensis,
547 639 894 686 Recanatensis
941 642 989 687 et
1035 657 1072 687 s.
1124 642 1374 700 PraxediS,
1429 639 1674 702 episcopi;
1725 637 2094 697 Alexandrinus,

317 737 354 765 s.
391 721 577 780 CruciS,
612 722 914 785 Agrigensis,
948 723 1255 782 Arborensis,
1297 723 1604 782 Cusentinus,
1646 722 2002 780 Salernitanus,
2037 721 2097 768 de

316 803 470 851 Flisco
496 808 543 852 et
566 805 898 868 Legionensis,
929 807 1223 872 presbyteri3
1250 808 1480 866 MediceS,
1512 823 1550 853 S.
1585 805 1818 864 Severini,
1850 808 2097 854 Casanova

315 888 363 934 et
402 886 668 946 d’Albreto,
706 888 931 947 diaconi;
969 889 1049 952 qui
1086 889 1442 953 deputaverunt
1476 890 1766 948 Johannem,
1812 889 2094 952 episcopum

314 971 629 1034 Ragusinum,
680 974 1057 1036 gubernatorem
1104 975 1248 1022 Urbis
1295 978 1342 1022 et
1381 975 1737 1038 deputaverunt
1775 972 1818 1021 ei
1857 974 2094 1020 ducentos

313 1054 519 1116 pedites,
568 1059 615 1102 et
654 1057 1006 1104 commiserunt
1043 1057 1258 1105 officium
1295 1058 1555 1106 camerarii
1585 1060 1639 1104 D.
1681 1056 2006 1115 Salernitano,
2047 1059 2094 1104 et

311 1137 441 1198 quod
478 1137 568 1201 ipsi
601 1139 916 1202 providerent
947 1141 1103 1204 portis
1138 1144 1306 1200 Rome,
1341 1143 1400 1189 de
1432 1141 1663 1189 Romanis
1695 1144 1743 1188 et
1772 1139 2093 1203 scriptoribus

311 1235 448 1268 more
485 1221 643 1270 solito.
678 1226 892 1286 Ruptum
927 1224 1016 1271 fuit
1052 1240 1216 1273 coram
1249 1225 1319 1272 eis
1351 1241 1440 1288 per
1470 1223 1798 1288 plumbatores
1837 1223 2092 1287 plumbum

308 1302 571 1352 Alexandri
602 1306 722 1354 sexti
751 1309 798 1354 et
830 1307 1179 1355 ordinaverunt
1214 1311 1263 1355 ut
1290 1308 1463 1355 anulus
1488 1307 1748 1355 Piscatoris
1780 1307 1982 1354 daretur
2013 1305 2093 1354 da-

310 1387 449 1447 tario,
483 1389 613 1451 quod
644 1390 827 1438 factum
854 1394 927 1438 est
952 1407 1040 1454 per
1062 1391 1360 1439 cardinalem
1388 1394 1702 1439 Casanovam.
1737 1390 2090 1438 Commiserunt

307 1487 344 1517 s.
375 1472 582 1519 Praxedi
615 1476 661 1520 et
700 1474 962 1522 Cusentino
998 1479 1049 1521 ut
1080 1476 1297 1523 facerent
1328 1475 1652 1522 inventorium
1684 1474 1925 1521 bonorum
1959 1476 2087 1536 Pape

307 1554 356 1601 in
393 1570 616 1613 camera,
654 1559 701 1602 et
732 1556 870 1603 finita
898 1560 970 1604 est
1003 1558 1313 1620 congregatio
1340 1558 1472 1605 circa
1496 1557 1671 1605 horam
1710 1556 2082 1604 octodecimam.

304 1640 418 1685 Post
455 1638 733 1701 prandium,
761 1639 966 1702 predicti
1003 1639 1276 1688 cardinales
1306 1656 1415 1688 cum
1455 1640 1597 1687 cleris
1641 1654 1833 1688 camere
1868 1639 2087 1686 fecerunt

305 1720 631 1769 inventorium
677 1723 865 1786 argenti
915 1725 961 1770 et
1005 1722 1259 1771 mobilium
1299 1723 1645 1786 pretiosiorum
1688 1727 1734 1770 et
1772 1720 2082 1785 reperierunt

302 1819 509 1869 regnum
536 1807 583 1852 et
611 1805 732 1853 duas
757 1806 999 1869 pretiosas
1024 1807 1239 1870 thyaras,
1273 1822 1443 1855 omnes
1467 1806 1638 1854 anulos
1663 1805 1836 1869 quibus
1861 1804 1910 1851 in
1931 1803 2081 1851 missa

303 1889 435 1951 Papa
460 1888 613 1936 utitur
630 1891 678 1936 et
699 1892 827 1936 totas
842 1889 1114 1937 credentias
1133 1892 1261 1953 Pape
1276 1890 1590 1948 celebrantiS,
1616 1892 1663 1937 et
1678 1891 1907 1952 quantum
1928 1886 2080 1950 possit

303 1974 429 2019 stare
470 1971 518 2018 in
556 1976 664 2020 octo
704 1973 862 2035 capsis
901 1973 998 2021 sive
1037 1972 1227 2036 magnis
1264 1972 1511 2032 forreriis;
1558 1988 1669 2020 vasa
1715 1973 1950 2035 argentea
1985 1985 2077 2033 que

299 2051 496 2101 fuerunt
541 2054 590 2101 in
632 2055 793 2118 prima
827 2071 1024 2103 camera
1067 2058 1176 2118 post
1214 2071 1461 2103 cameram
1506 2058 1633 2119 Pape
1670 2055 1729 2103 de
1770 2069 1863 2117 qua
1892 2055 1949 2100 D.
1986 2051 2076 2100 Mi-

296 2135 536 2184 chelettus
571 2138 686 2186 Neri
718 2153 815 2186 non
850 2138 937 2185 fuit
972 2155 1163 2186 memor
1196 2143 1243 2187 et
1269 2155 1364 2187 una
1397 2142 1615 2202 capsetta
1640 2138 1696 2185 de
1723 2151 1956 2200 cupresso
1982 2150 2074 2199 que

295 2219 452 2267 fuerat
468 2236 579 2268 cum
595 2220 730 2268 viridi
751 2238 910 2285 panno
930 2225 1165 2285 cooperta
1190 2227 1237 2271 et
1256 2223 1404 2271 etiam
1425 2239 1514 2286 per
1530 2222 1640 2270 illos
1657 2237 1753 2269 non
1774 2221 1876 2268 visa
1900 2220 1949 2267 in
1979 2235 2074 2282 qua

293 2301 489 2351 fuerunt
511 2304 699 2368 lapides
725 2308 773 2353 et
799 2305 931 2353 anuli
969 2306 1166 2369 pretiosi
1196 2306 1375 2354 valoris
1415 2306 1579 2370 viginti
1615 2306 1826 2369 quinque
1857 2302 2066 2350 millium

293 2385 582 2434 ducatorum
626 2388 699 2435 vel
747 2388 896 2447 circa,
933 2392 981 2436 et
1005 2389 1163 2436 ‘multe
1197 2389 1453 2453 scripture,
1486 2390 1818 2453 juramentum
1854 2385 2071 2435 cardina-

290 2467 426 2527 lium,
475 2470 608 2519 bulla
650 2471 931 2520 investiture
973 2473 1108 2536 regni
1155 2473 1457 2537 Neapolitani
1505 2475 1553 2520 et
1586 2472 1729 2536 plura
1765 2467 2063 2535 hujusmodi.

294 2553 346 2599 D.
376 2553 707 2602 Ferdinandus
731 2557 1003 2614 Ponzettus,
1032 2556 1239 2604 clericus
1273 2573 1486 2616 camere,
1516 2572 1594 2604 me
1625 2558 1868 2620 presente,
1898 2566 2069 2602 conve-

290 2635 358 2682 nit
383 2652 494 2684 cum
518 2638 765 2701 magistris
790 2639 1028 2687 Michaele
1054 2642 1102 2688 et.
1128 2640 1324 2699 Buccio,
1353 2640 1588 2704 lignariis,
1620 2640 1679 2688 de
1700 2641 1859 2687 castro
1885 2635 2065 2685 doloris
2118 2682 2121 2685 .

287 2720 514 2782 ponendo
562 2738 651 2785 per
691 2723 904 2770 medium
956 2723 1097 2771 trium
1135 2724 1391 2788 longorum
1443 2724 1660 2788 lapidum
1707 2722 1977 2786 positorum
2014 2718 2063 2766 in

286 2803 447 2852 medio
482 2805 688 2854 ecclesie
721 2823 759 2853 s.
795 2807 941 2867 Petri,
968 2807 1287 2871 longitudinis
1317 2823 1585 2856 cannarum
1621 2806 1864 2863 undecim,
1905 2807 1954 2851 et
1987 2817 2063 2850 su-

286 2901 374 2948 pra
415 2890 599 2936 tectum
647 2905 913 2937 cannarum
959 2891 1214 2950 undecim;
1262 2891 1414 2939 latera
1454 2891 1600 2954 longa
1641 2889 1814 2953 palmis
1859 2884 2060 2950 quinde-

286 2968 396 3030 cim,
436 2970 576 3035 larga
610 2972 785 3036 palmis
825 2973 1099 3034 duodecim,
1137 2974 1231 3022 alta
1266 2974 1440 3038 palmis
1483 2989 1592 3032 sex3
1643 2971 1933 3021 catalectum
1968 2984 2055 3032 pro

284 3054 638 3118 quinquaginta
680 3056 937 3104 intorticiis
972 3058 1111 3121 juxta
1152 3061 1363 3106 castrum
1409 3061 1455 3105 et
1491 3060 1684 3106 centum
1722 3061 1769 3104 et
1809 3054 2056 3118 octoginta

281 3137 490 3200 quinque
515 3139 741 3202 capsettis
766 3156 916 3203 supra
941 3140 1380 3190 deambulatorium
1404 3157 1494 3205 pro
1519 3139 1797 3198 intorticiis,
1834 3138 2056 3187 similiter

278 3223 325 3267 et
355 3221 563 3269 scamnis
596 3237 682 3285 pro
714 3222 913 3270 funestis
945 3212 990 3271 et
1021 3230 1215 3272 centum
1241 3225 1435 3288 prelatis
1466 3241 1553 3288 pro
1594 3224 1749 3287 pretio
1781 3227 1974 3272 centum
2006 3226 2052 3270 et

274 3303 547 3366 quindecim
586 3304 870 3353 ducatorum
910 3306 971 3353 ad
1001 3306 1238 3355 rationem
1265 3307 1434 3355 decem
1456 3307 1762 3356 carlenorum
1790 3322 1880 3370 pro
1908 3306 2050 3354 duca-

273 3386 359 3444 tis;
396 3387 644 3436 credentia
675 3404 763 3453 pro
795 3388 1087 3450 celebrante,
1122 3394 1168 3439 et
1199 3390 1328 3454 quod
1361 3391 1594 3440 deberent
1628 3390 1800 3439 fecisse
1831 3393 2045 3439 castrum

268 3475 313 3516 et
343 3470 435 3518 alia
460 3471 622 3519 omnia
651 3488 738 3535 per
771 3476 922 3521 toturn
951 3473 1077 3522 diem
1106 3474 1384 3523 crastinum.
1418 3474 1613 3523 Interim
1647 3478 1775 3538 Papa
1806 3474 1955 3533 stetit,
1993 3474 2044 3520 ut
