2254 3944
196 386 471 428 [ravum-1500]
637 383 806 421 RERUM
839 382 1143 420 URBANARUM
1179 384 1526 423 COMMENTARII.
1932 388 1976 424 19

196 503 362 550 penas,
394 490 491 534 tam
521 486 679 534 reales
709 501 854 548 quam
881 485 1181 549 personales,
1212 503 1363 550 usque
1390 487 1452 535 ad
1475 487 1795 551 privationem
1826 487 1976 535 inclu-

197 570 294 619 sive
322 573 369 618 et
405 570 465 618 ad
502 570 692 618 illarum
720 568 1030 617 executiones
1052 569 1160 617 fieri
1187 573 1235 618 et
1264 570 1435 633 exequi
1462 570 1641 618 faciant
1665 586 1776 619 cum
1801 570 1975 619 effectu

197 670 347 717 usque
376 655 436 702 ad
460 653 659 702 totalem
684 655 731 700 et
757 652 999 716 integram
1034 653 1415 702 satisfactionem
1439 654 1620 713 damni,
1652 670 1977 718 expensarum

196 740 244 784 et
269 737 504 785 interesse
534 736 890 799 predictorum,
926 752 1025 785 non
1052 737 1358 786 obstantibus
1389 737 1641 802 premissis
1666 754 1721 786 ac
1746 738 1978 786 constitu—

196 820 406 869 tionibus
438 824 485 868 et
510 819 900 868 ordinationibus
934 821 1232 884 apostoliciS,
1270 822 1545 884 ceterisque
1577 821 1839 870 contrariis
1871 821 1978 885 qui-

195 905 508 967 buscumque.
552 906 612 952 Ut
643 907 804 951 autem
839 903 1123 968 hujusmodi
1162 907 1329 952 nostre
1366 905 1532 952 littere
1569 905 1629 953 ad
1667 920 1978 954 communem

195 987 409 1036 omnium
455 986 677 1035 notitiam
723 987 1043 1046 deducantur,
1085 987 1190 1036 illas
1228 988 1277 1035 in
1312 988 1456 1036 valvis
1504 988 1702 1036 basilice
1743 989 1978 1053 principis

193 1071 526 1135 apostolorum
552 1086 607 1118 ac
635 1070 840 1119 ecclesie
867 1071 1209 1119 Lateranensis
1226 1072 1285 1119 de
1303 1072 1433 1120 Urbe
1459 1071 1610 1136 affigi,
1640 1075 1687 1119 et
1711 1072 1759 1119 in
1783 1071 1980 1120 audien-

194 1154 259 1202 tia
282 1157 450 1203 nostra
474 1153 750 1202 litterarum
777 1154 1195 1203 contradictarum
1218 1154 1314 1218 legi
1334 1157 1382 1202 et
1405 1154 1643 1218 publicari
1669 1156 1974 1214 mandamus,

193 1244 241 1286 ut
266 1237 317 1284 hi
342 1254 463 1302 quos
489 1237 650 1285 littere
667 1237 943 1302 hujusmodi
972 1240 1295 1295 concernunt,
1324 1238 1454 1301 quod
1479 1238 1539 1286 ad
1571 1238 1702 1302 ipsos
1732 1254 1829 1287 non
1864 1255 1978 1302 per-

195 1321 414 1369 venerint
458 1324 540 1369 aut
588 1320 717 1384 ipsas
755 1321 1104 1384 ignoraverint,
1156 1321 1337 1369 nullam
1382 1321 1573 1385 possint
1620 1321 1979 1370 excusationem

192 1404 488 1468 pretendere
536 1420 621 1452 seu
669 1404 994 1467 ignorantiam
1040 1404 1268 1468 allegare,
1321 1420 1432 1452 cum
1477 1420 1576 1453 non
1615 1405 1677 1452 sit
1716 1404 1979 1452 verisimile

193 1488 322 1552 apud
360 1487 491 1552 ipsos
527 1503 788 1536 remanere
835 1488 1136 1552 incognitum
1174 1488 1303 1551 quod
1342 1491 1442 1536 tam
1482 1491 1709 1551 patenter
1756 1487 1980 1536 omnibus

194 1571 343 1620 fuerit
368 1572 687 1636 publicatum.
716 1572 948 1621 Volentes
975 1573 1190 1635 insuper,
1220 1575 1264 1619 et
1293 1572 1464 1619 eadem
1491 1571 1783 1619 auctoritate
1808 1572 1979 1619 decer-

195 1658 367 1703 nentes
411 1655 540 1718 quod
586 1657 841 1718 presentes
884 1653 1046 1701 littere
1097 1654 1143 1701 in
1187 1654 1408 1717 predicta
1452 1654 1653 1702 basilica
1690 1656 1737 1701 et
1775 1653 1980 1702 ecclesia

195 1738 357 1795 affixe,
387 1741 433 1785 et
460 1738 509 1785 in
534 1736 782 1785 audientia
807 1736 1032 1799 predicta
1054 1737 1178 1784 lecte
1203 1739 1250 1784 et
1272 1736 1517 1800 publicate
1542 1737 1742 1791 fuerint,
1775 1736 1979 1800 perinde

197 1821 326 1885 ipsos
357 1837 527 1869 omnes
559 1824 604 1868 et
636 1820 868 1883 singulos,
898 1824 946 1868 ut
979 1819 1245 1883 prefertur,
1280 1819 1491 1868 monitos
1523 1823 1730 1878 arctent,
1767 1835 1823 1867 ac
1847 1819 1885 1866 si
1911 1819 1978 1867 eis

195 1904 421 1953 omnibus
455 1907 502 1951 et
532 1903 733 1967 singulis
765 1902 1088 1966 personaliter
1122 1905 1170 1950 et
1193 1901 1555 1965 presentialiter
1583 1902 1725 1961 lecte,
1753 1902 1976 1950 intimate

194 1990 242 2035 et.
278 1987 518 2034 insinuate
548 1986 768 2033 fuissent.
810 1985 936 2033 Nulli
976 2000 1095 2048 ergo
1125 1985 1384 2034 hominum
1415 1985 1559 2033 liceat
1588 1985 1714 2033 hanc
1749 1985 1975 2049 paginam

192 2072 412 2117 nostram
435 2068 781 2132 requisitionis,
818 2067 1077 2116 voluntatis
1110 2071 1156 2115 et
1183 2068 1369 2116 decreti
1395 2067 1662 2132 infringere
1690 2068 1762 2115 vel
1788 2067 1831 2115 ei
1856 2083 1976 2115 ausu

194 2152 459 2201 temerario
490 2152 757 2200 contraire.
787 2151 834 2200 Si
867 2151 974 2214 quis
998 2155 1162 2199 autem
1192 2152 1286 2200 hoc
1317 2155 1561 2200 attentare
1592 2151 1971 2215 presumpserit.

193 2235 574 2300 indignationem
599 2235 947 2299 omnipotentis
969 2234 1055 2283 Dei
1079 2251 1135 2283 ac
1156 2235 1419 2284 beatorum
1447 2235 1579 2283 Petri
1602 2238 1647 2283 et
1677 2235 1809 2283 Pauli
1840 2251 1979 2298 apos-

197 2318 409 2367 tolorum
434 2319 554 2383 ejuS,
584 2335 635 2366 se
659 2319 851 2367 noverit
875 2318 1207 2366 incursurum.

256 2403 433 2451 Datum
459 2405 627 2460 Rome,
657 2402 787 2466 apud
815 2405 1038 2450 sanctum
1065 2404 1265 2450 Petrum
1291 2417 1418 2449 anno
1443 2401 1796 2450 incarnationis
1822 2401 1976 2449 domi-

192 2485 300 2533 nice
325 2483 824 2542 MCCCCLxxxxlx‚
858 2501 988 2533 nono
1014 2484 1247 2533 kalendas
1272 2484 1453 2539 martii,
1482 2484 1793 2547 pontificatus
1819 2484 1974 2532 nostri

194 2584 322 2616 anno
348 2572 534 2617 octavo.
568 2589 589 2610 u

258 2650 401 2699 Feria
421 2655 612 2715 quarta,
639 2654 698 2698 26
721 2650 837 2699 dicti
860 2650 1040 2698 mensis
1065 2650 1318 2709 februarii,
1341 2651 1618 2699 intimatum
1642 2651 1730 2698 fuit
1754 2651 1814 2698 de
1840 2667 1975 2698 man-

187 2734 306 2783 ¹dato
346 2736 431 2782 SS.
468 2737 525 2782 D.
562 2734 717 2782 nostri
753 2734 978 2782 omnibus
1015 2733 1344 2782 cardinalibus
1381 2735 1511 2797 quod
1547 2734 1678 2782 dicta
1715 2733 1815 2791 die,
1849 2733 1975 2781 hora

192 2831 321 2865 nona
350 2816 557 2875 decima,
594 2817 846 2865 mitterent
877 2817 1084 2865 familias
1114 2833 1225 2865 suas
1258 2820 1395 2865 extra
1424 2821 1619 2882 portam
1650 2816 1696 2865 b.
1731 2817 1884 2864 Marie
1913 2817 1973 2864 de

195 2900 377 2966 Populo
414 2900 609 2950 obviam
635 2901 965 2949 Illustrissimo
998 2901 1110 2949 duci
1141 2900 1398 2951 Valentino
1432 2900 1641 2949 venienti
1673 2904 1720 2948 et
1751 2900 1974 2947 omnibus

191 2983 490 3043 oratoribus,
522 2984 951 3032 conservat-oribus
983 2987 1030 3032 et
1059 2984 1347 3033 officialibus
1374 2984 1515 3032 Urbis
1540 2987 1587 3031 et
1612 2999 1814 3032 romane
1840 2983 1974 3031 curie

126 3087 129 3091 ·
192 3066 630 3126 abbreviatoribus‚
669 3068 1008 3131 scriptoribus,
1049 3071 1164 3125 etc.,
1202 3067 1331 3131 quod
1366 3067 1692 3131 personaliter
1728 3067 1856 3114 irent
1889 3067 1975 3114 ob-

191 3149 316 3198 viam
348 3150 522 3198 eidem.
555 3150 642 3199 Die
672 3150 862 3198 veneris
894 3151 1115 3214 proxime
1144 3150 1397 3214 preterita,
1429 3153 1482 3197 21
1517 3150 1682 3214 hujus,
1713 3148 1973 3197 cardinalis

195 3233 397 3282 Ursinus
427 3234 509 3281 ivit
540 3234 730 3282 obviam
768 3233 879 3282 duci
912 3233 1135 3297 predicto
1171 3250 1323 3297 usque
1360 3235 1421 3281 ad
1458 3234 1702 3281 civitatem
1741 3232 1971 3281 Castella—

195 3330 324 3374 nam,
354 3320 401 3364 et
425 3317 502 3365 die
527 3317 714 3365 sabbati
740 3320 818 3375 22,
849 3316 1112 3365 cardinalis
1138 3316 1197 3364 de
1227 3316 1460 3364 Farnesio
1483 3316 1566 3364 ivit
1597 3316 1786 3364 obviam
1812 3315 1970 3361 eidem

197 3412 349 3462 usque
380 3401 441 3448 ad
473 3402 699 3450 eumdem
729 3401 891 3450 locum
926 3419 934 3448 :
971 3397 1066 3450 hoc
1096 3416 1256 3459 mane,
1292 3402 1456 3448 Rmus.
1494 3402 1750 3463 Capuanus
1781 3400 1828 3444 et
1859 3411 1968 3444 cum

196 3495 256 3529 eo
293 3482 452 3531 socius
488 3500 628 3533 meus
662 3486 906 3533 venerunt
945 3481 1134 3533 obviam
1172 3468 1393 3547 predicto
1436 3482 1547 3530 duci
1591 3484 1729 3528 extra
1771 3481 1969 3542 pontem
