2228 3938
326 333 396 369 268
932 330 1165 367 JOHANNIS
1192 329 1487 376 ssuRcHARm,
1761 333 1978 376 [Septembre
2002 338 2096 379 1503]

330 434 704 482 commemoravi
743 433 949 498 singulis,
977 433 1299 482 cardinalibus
1340 433 1468 495 quod
1499 437 1755 497 postquam
1795 449 2009 484 essemus
2049 438 2096 485 in

331 516 560 576 conclavi,
595 519 759 564 Rmus.
800 519 855 564 D.
901 517 1155 565 cardinalis
1196 516 1487 564 camerarius
1519 515 1656 579 [esset
1696 517 1970 579 quesiturus
2009 536 2096 584 per

327 599 538 663 singulas
573 614 808 658 cameras,
844 602 892 647 et
925 600 1012 648 sub
1040 599 1177 648 lectis
1211 603 1258 646 et
1289 598 1338 645 in
1370 598 1534 662 cappis
1567 598 1606 646 si
1645 600 1750 662 quis
1786 607 2098 664 apportasset

327 697 467 730 enses
493 682 588 729 sive
611 682 704 729 alia
724 697 884 739 arma;
906 682 1107 744 proinde
1131 682 1277 729 velint
1298 697 1403 730 esse
1430 682 1599 729 attenti
1625 697 1685 729 ne
1708 682 1825 730 talia
1847 685 2098 747 reperian-

324 768 431 812 tur:
460 769 680 812 cantores
705 769 1038 828 precesserunt
1062 780 1255 813 crucem
1289 767 1538 812 cantantes
1561 780 1752 812 versus:
1789 764 1908 813 Veni
1932 776 2094 816 sancte

324 846 530 911 Spiritus
557 853 600 895 et
627 848 731 896 illos
758 864 924 895 versus
954 848 1252 911 repetierunt
1286 863 1419 911 sepe,
1444 863 1692 910 quousque
1720 863 1936 896 essemus
1960 850 2095 913 juxta

328 930 476 978 altare
508 931 662 994 majus
697 930 877 994 capelle
913 945 1088 993 magne
1128 930 1208 978 ubi
1246 931 1339 978 duo
1375 946 1434 978 ex
1472 930 1564 977 illis
1599 930 1827 978 dixerunt
1865 931 2089 980 versum:

327 1013 509 1060 Emitte
522 1014 740 1075 spiritum
757 1021 972 1071 tuum...
995 1014 1029 1072 fx)
1048 1013 1304 1071 renovabis,
1330 1021 1414 1061 etc.
1441 1013 1710 1060 Cardinalis
1728 1014 2088 1077 Neapolitanus,

326 1095 444 1143 dixit
480 1095 766 1154 orationem,
805 1100 850 1143 et
888 1095 1050 1143 statim
1085 1095 1280 1144 fuerunt
1315 1099 1504 1158 portata
1537 1100 1741 1143 cornuta
1777 1096 1836 1143 ad
1874 1112 2091 1145 cameras

326 1178 624 1241 singulorum
664 1179 979 1227 cardinalium
1021 1178 1099 1241 qui
1142 1178 1334 1226 fuerunt
1375 1183 1642 1241 presentes.
1696 1178 1915 1227 Intimavi
1967 1180 2094 1228 infra

322 1260 518 1308 missam
538 1261 737 1324 singulis
759 1261 1099 1319 credenzeriis,
1126 1261 1252 1323 quod
1272 1261 1489 1308 facerent
1513 1261 1673 1309 venire
1695 1266 1917 1319 cornuta,
1943 1263 2092 1310 missa

321 1343 472 1391 finita.
500 1344 607 1391 Fuit
630 1344 839 1391 maxima
876 1359 1100 1407 pressura
1128 1345 1175 1390 in
1198 1344 1413 1392 conclavi
1451 1360 1601 1407 usque
1638 1344 1698 1391 ad
1721 1344 1889 1391 horam
1916 1344 2093 1407 vigesi-

321 1441 468 1473 mam.
490 1429 603 1474 Post
623 1427 895 1489 prandium,
920 1427 1213 1474 intraverunt
1237 1443 1320 1474 sex
1342 1427 1612 1474 cardinales
1635 1427 1847 1485 insimul,
1873 1427 2094 1475 videlicet

322 1510 705 1567 Beneventanus,
738 1509 1084 1567 Salernitanus,
1114 1509 1448 1571 Legionensis,
1483 1509 1739 1568 Adrianus,
1776 1513 2024 1558 Casanova
2050 1515 2097 1558 et

321 1591 567 1639 Senensis.
594 1594 769 1638 Postea
795 1591 1049 1638 cardinalis
1074 1591 1437 1654 Neapolitanus,
1475 1608 1536 1639 ex
1562 1592 1729 1639 ordine
1766 1607 1894 1651 meo,
1924 1608 2094 1640 ascen-

318 1673 386 1720 dit
411 1674 471 1720 ad
501 1673 738 1736 capellam
772 1688 983 1736 parvam,
1014 1673 1091 1721 ubi
1126 1673 1300 1721 sedens
1328 1673 1467 1737 juxta
1502 1674 1649 1721 altare
1684 1675 1860 1738 majus,
1901 1676 2093 1738 accepit

308 1756 640 1820 juramentum
666 1772 694 1804 a
718 1756 918 1820 singulis
938 1756 1217 1804 custodibus
1242 1756 1529 1819 supradictis
1555 1757 1603 1804 in
1627 1757 1801 1814 forma,
1827 1761 1874 1805 et
1900 1757 1959 1804 ab
1986 1757 2090 1805 aliis

314 1839 527 1902 quinque
564 1840 808 1902 deputatis
840 1838 1061 1886 similiter
1084 1839 1142 1886 de
1166 1839 1431 1886 intimando
1465 1843 1511 1887 et
1537 1840 1850 1902 significando
1883 1840 2088 1903 collegio

314 1921 353 1968 si
379 1921 535 1984 alique
560 1925 730 1984 gentes
754 1922 985 1969 intrarent
1011 1923 1207 1980 Urbem,
1234 1922 1449 1985 exceptis
1475 1925 1532 1970 D.
1563 1922 1620 1970 de
1646 1925 1795 1970 Trans
1821 1926 1869 1970 et
1894 1925 2088 1970 oratore

312 2003 529 2063 Senensi,
550 2004 629 2066 qui
648 2020 744 2051 non
764 2008 1104 2052 veneruntnec
1118 2005 1406 2067 juraverunt
1424 2024 1433 2063 ;
1460 2008 1719 2068 propterea
1733 2022 1831 2053 non
1851 2010 2087 2053 venerunt

315 2086 376 2133 ad
397 2086 786 2145 custodiendum,
815 2103 924 2134 cum
961 2103 1176 2134 essemus
1197 2087 1245 2135 in
1278 2088 1510 2136 conclavi.
1547 2091 1711 2136 Rmus.
1746 2092 1802 2136 D.
1833 2088 2086 2136 cardinalis

314 2169 613 2218 camerarius
629 2169 1001 2217 commisitmihi
1022 2170 1150 2232 quod
1166 2171 1397 2219 adderem
1423 2175 1593 2233 quarte
1630 2171 1848 2219 custodie
1874 2171 2088 2219 Francis-

312 2268 438 2311 cum,
465 2252 884 2316 archiepiscopum
901 2253 1230 2311 Crainensem,
1258 2254 1387 2316 quod
1409 2254 1519 2313 feci,
1548 2254 1813 2317 quijuravit
1837 2258 1946 2317 post
1967 2254 2085 2302 alios

310 2335 359 2383 in
381 2335 601 2382 manibus
624 2335 882 2383 cardinalis
917 2352 954 2383 s.
991 2336 1202 2399 Georgii;
1236 2341 1332 2383 tres
1358 2341 1730 2384 conservatores
1761 2341 1807 2383 et
1832 2337 1989 2399 capita
2009 2353 2083 2384 re-

310 2417 525 2480 gionum.
553 2419 688 2465 Prior
708 2421 756 2466 et
778 2423 965 2480 septem
988 2419 1273 2481 caporiones
1295 2420 1581 2482 juraverunt
1607 2419 1826 2466 similiter
1851 2419 1899 2466 in
1930 2419 2079 2466 mani-

311 2500 400 2547 bus
449 2501 704 2548 cardinalis
744 2517 780 2547 s.
825 2502 1043 2564 Georgii,
1092 2506 1139 2549 et
1176 2502 1254 2549 alii
1301 2501 1510 2564 quinque
1548 2517 1645 2550 non
1675 2501 1973 2565 juraverunt.
2012 2501 2084 2548 Ad

310 2581 585 2630 instantiam
609 2583 862 2630 cardinalis
901 2600 937 2631 s.
965 2584 1199 2642 Severini,
1238 2583 1477 2631 admissus
1499 2585 1586 2632 fuit
1609 2584 1658 2630 in
1680 2583 1994 2632 conclavistas
2022 2585 2079 2630 D.

307 2664 547 2712 Adrianus
567 2666 627 2713 de
648 2666 883 2725 Viterbio,
910 2667 1203 2714 secretarius
1233 2667 1443 2730 collegii.
1472 2669 1584 2714 Post
1605 2666 1776 2714 horam
1801 2666 2081 2729 vigesimam

308 2748 518 2806 tertiam,
546 2748 799 2795 cardinalis
819 2764 856 2796 s.
882 2748 1071 2812 Georgii
1095 2749 1380 2812 conquisivit
1406 2752 1562 2797 totum
1585 2749 1810 2796 conclave
1833 2751 1881 2796 et
1899 2747 2080 2795 dimisit

307 2829 445 2876 nobis
480 2830 599 2876 duos
633 2831 897 2878 familiares
931 2837 1131 2895 propter
1161 2832 1521 2880 multitudinem
1544 2831 1874 2878 cardinalium.

376 2912 462 2958 Die
487 2912 743 2970 dominica,
786 2917 840 2960 17
868 2914 1177 2976 septembris,
1216 2914 1346 2962 circa
1380 2914 1551 2962 horam
1581 2913 1818 2960 decimam
1841 2915 2078 2973 quartam,

315 2994 474 3041 socius
504 3010 639 3041 meus
662 2995 778 3043 dixit
804 2996 1003 3042 missam
1027 2996 1271 3059 publicam
1293 3013 1302 3054 3
1344 2996 1476 3044 dedit
1500 3010 1669 3058 pacem
1691 2994 1802 3058 ‘sine
1833 2992 2084 3041 credentia

314 3079 572 3138 antequam
594 3077 890 3140 porrigerem
916 3078 1181 3126 celebranti
1202 3094 1363 3141 panno
1390 3077 1684 3125 mundatam.
1714 3077 1877 3124 Dicto:
1907 3076 1950 3122 A
1958 3091 2085 3139 qmcs

315 3158 426 3216 Dei,
463 3165 775 3206 surrexerunt
810 3160 1078 3207 cardinales
1111 3161 1169 3207 ad
1200 3176 1371 3222 pacem
1411 3175 1555 3222 quam
1590 3158 1699 3207 dedi
1734 3158 1886 3206 tribus
1908 3158 2085 3221 priori—

314 3241 404 3289 bus
433 3241 653 3288 ordinum
687 3246 732 3289 et
763 3242 826 3288 illi
857 3257 966 3289 cum
996 3242 1165 3290 ordine
1202 3242 1335 3300 aliis3
1382 3242 1531 3289 Credo
1570 3246 1616 3289 et
1648 3242 1872 3306 prefatiO,
1900 3247 1947 3288 ut
1976 3241 2082 3288 heri

317 3327 365 3370 et
401 3323 643 3371 orationes
676 3324 787 3381 due,
823 3324 955 3370 Deus
989 3325 1070 3387 qui
1097 3325 1294 3388 famulis
1332 3325 1440 3382 tuis,
1473 3324 1581 3382 alia,
1621 3324 1679 3370 de
1711 3324 1824 3371 sede
1861 3327 2078 3371 vacante.

315 3405 472 3452 Finita
500 3406 661 3464 missa,
691 3406 780 3453 suit
814 3406 1123 3469 congregatio
1156 3406 1475 3453 cardinalium
1506 3406 1554 3452 in
1585 3406 1770 3468 capella
1802 3405 1970 3468 majori
2003 3405 2081 3452 ubi
