2228 3938
225 376 320 417 [Ju'm
337 375 430 416 1501]
660 372 827 410 RERUM
862 369 1163 409 URBANARUM
1196 368 1547 407 COMMENTARII.
1938 369 2005 406 149

226 492 341 543 gum
363 492 402 526 s.
428 477 557 526 Petri
577 492 664 540 per
682 479 871 540 portam
888 473 1112 523 Viridarii
1137 477 1184 521 et
1209 472 1257 519 in
1293 471 1466 520 eodem
1490 472 1645 536 burgo
1674 477 2005 520 convenerunt

207 553 336 610 'cum
370 561 439 610 eis
469 572 637 610 o‘mnes
669 558 760 607 alie
788 562 958 623 gentes
996 556 1123 619 regis
1160 555 1360 603 Francie
1394 555 1442 602 in
1481 556 1607 603 Urbe
1641 555 1923 613 existenteS‚
1956 559 2003 603 et

226 644 450 693 omnibus
498 643 640 692 simul
683 639 1013 706 congregati&
1063 640 1367 688 incesserunt
1409 639 1628 687 ordinate
1668 653 1755 702 per
1804 642 2003 702 pontem

226 745 266 776 s.
296 727 484 792 Angeli,
514 726 621 775 ituri
652 724 904 789 Neapolim
930 739 1018 788 pro
1045 723 1331 772 executione
1353 722 1421 771 rei
1444 722 1535 770 sibi
1563 721 1842 770 commisse.
1876 724 2005 785 Papa

227 814 328 859 erat
364 809 412 858 in
443 809 648 858 cameris
676 808 805 857 horti
841 807 985 856 castri
1015 806 1218 871 predicti
1243 821 1325 855 seu
1358 821 1503 870 supra
1537 805 1662 853 illius
1690 805 1888 868 logiam,
1924 805 2003 853 ubi

225 908 336 942 cum
356 909 534 958 magna
558 892 877 941 delectatione
907 891 1023 939 vidit
1054 905 1224 938 omnes
1247 891 1600 953 pretereuntes.
1639 888 1864 936 Gentium
1897 902 2003 936 om-

226 975 358 1025 nium
377 976 592 1040 peditum
612 975 891 1040 hujusmodi
910 975 1105 1022 fuerunt
1134 972 1391 1021 duodecim
1412 970 1564 1019 millia
1588 974 1634 1019 et
1658 970 1877 1033 equitum
1907 970 2002 1019 duo

225 1059 376 1108 millia
400 1059 471 1108 vel
491 1059 636 1108 circa.
665 1061 844 1108 Gentes
866 1057 1146 1123 hujusmodi
1168 1062 1371 1120 sequute
1391 1058 1503 1103 sunt
1522 1053 1686 1125 viginti
1707 1069 1792 1102 sex
1813 1054 2002 1103 carocie

223 1157 334 1192 cum
355 1144 548 1208 triginta
568 1159 653 1191 sex
672 1143 953 1192 bombardis
976 1142 1058 1207 (1).

290 1227 470 1276 Eadem
491 1227 585 1287 die,
614 1227 777 1292 vigilia
803 1226 1133 1291 apostolorum
1164 1226 1291 1274 Petri
1322 1230 1370 1274 et
1399 1225 1551 1284 Pauli,
1586 1224 1778 1272 fuerunt
1801 1238 2003 1287 vespere

225 1311 467 1359 solemnes
487 1311 537 1358 in
557 1310 743 1375 capella
764 1311 948 1374 majore
969 1309 1149 1373 palatii,
1177 1311 1306 1374 Papa
1331 1312 1575 1373 presente,
1601 1323 1738 1356 more
1763 1307 1931 1367 solito;
1957 1312 2004 1355 et

225 1394 378 1442 suerat
395 1395 566 1443 eadem
596 1394 672 1444 die
695 1393 1018 1442 cardinalibus
1037 1393 1314 1441 intimatum
1341 1392 1472 1456 quod
1493 1392 1569 1440 die
1596 1391 1806 1441 crastina
1832 1394 2000 1439 Rmus.

226 1479 281 1525 D.
319 1477 575 1526 cardinalis
608 1480 976 1526 Beneventanus
1008 1483 1138 1526 esset
1168 1476 1499 1525 celebraturus
1526 1476 1726 1524 missam
1758 1475 2004 1539 publicam

226 1561 274 1609 in
306 1561 506 1610 basilica
535 1577 575 1609 s.
613 1561 764 1609 Petri.
806 1564 860 1609 In
891 1565 1054 1620 nocte,
1084 1563 1217 1625 Papa
1242 1560 1441 1608 mutavit
1467 1559 1767 1623 propositum
1801 1561 1850 1607 et
1876 1558 2006 1606 circa

227 1645 421 1692 tertiam
447 1645 618 1692 horam
647 1645 804 1693 noctis
837 1644 951 1693 fecit
977 1645 1201 1692 intimare
1231 1643 1594 1707 processionem
1626 1658 1714 1706 pro
1735 1657 1860 1702 cras,
1884 1641 2006 1690 hora

228 1727 534 1787 duodecima,
572 1727 634 1775 ad
665 1727 916 1775 basilicam
943 1744 982 1775 s.
1018 1727 1164 1787 Petri,
1202 1727 1427 1775 omnibus
1451 1726 1784 1786 conventibus,
1809 1740 2005 1774 monas-

231 1812 362 1860 teriis
383 1816 431 1860 et
449 1811 667 1860 ecclesiis
696 1811 862 1871 Urbis;
893 1816 941 1860 et
962 1812 1010 1859 in
1035 1811 1246 1859 diluculo
1268 1810 1363 1858 diei
1393 1810 1510 1859 fecit
1530 1809 1743 1858 intimari
1777 1809 2003 1857 omnibus

230 1878 557 1944 cardinalibus
582 1896 709 1958 quod
730 1895 904 1943 eodem
932 1910 1075 1943 mane
1102 1894 1241 1942 fieret
1262 1894 1510 1958 processio
1538 1893 1583 1941 in
1610 1892 1904 1957 paramentis
1924 1909 2005 1943 ru-

229 1979 332 2027 beis
361 1995 389 2026 a
409 1994 603 2027 camera
627 1978 897 2042 paramenti
927 1979 989 2027 ad
1018 1978 1267 2027 basilicam
1289 1994 1327 2025 s,
1365 1978 1511 2036 Petri,
1545 1977 1594 2025 in
1621 1992 1718 2041 qua
1743 1979 1909 2025 Rmus.
1943 1979 2001 2025 D.

226 2062 484 2111 cardinalis
506 2063 759 2125 Capuanus
792 2067 919 2111 esset
943 2062 1272 2111 celebraturus
1300 2061 1498 2110 missam
1521 2060 1808 2121 solemnem,
1832 2060 1882 2108 in
1911 2075 2007 2124 qua

225 2145 552 2210 publicaretur
567 2146 678 2210 lega
704 2149 752 2194 et
772 2146 1099 2195 confederatio
1126 2146 1253 2195 inter
1279 2147 1362 2194 SS.
1391 2148 1448 2194 D.
1478 2149 1698 2193 nostrum
1720 2149 1768 2194 et
1794 2146 2006 2193 Franco-

224 2245 333 2277 rum
351 2244 407 2277 ac
430 2229 768 2294 Hispaniarum
789 2246 947 2294 reges.

291 2313 456 2361 Martis
486 2313 750 2377 sequentis,
783 2317 843 2362 29
869 2314 993 2378 junii
1028 2314 1247 2378 predicti,
1279 2314 1402 2364 festo
1435 2314 1765 2378 apostolorum
1798 2314 1927 2363 Petri
1958 2318 2005 2362 et

227 2399 383 2458 Pauli,
406 2399 455 2446 in
476 2415 638 2458 mane,
661 2399 820 2448 clerus
847 2398 1004 2459 Urbis,
1028 2398 1240 2463 religiosi
1263 2403 1311 2446 et
1328 2397 1572 2447 seculares
1593 2398 1794 2461 quilibet
1813 2398 1872 2446 de
1897 2413 2004 2446 mo-

227 2481 438 2529 nasterio
467 2482 540 2529 vel
563 2488 800 2530 conventu
834 2498 921 2530 seu
954 2481 1160 2531 ecclesia
1183 2481 1282 2529 suis
1314 2485 1550 2530 venerunt
1586 2480 2006 2545 processionaliter

227 2563 288 2611 ad
310 2564 559 2612 basilicam
591 2580 630 2611 S.
674 2564 818 2624 Petri,
850 2565 911 2612 ad
936 2581 1082 2628 quam
1115 2565 1262 2613 etiam
1298 2567 1427 2628 Papa
1448 2580 1569 2615 ,cum
1603 2563 1924 2611 cardinalibus
1958 2568 2004 2611 et

227 2646 420 2710 prelatis
465 2647 643 2710 paratis
689 2647 939 2695 descendit
986 2647 1413 2712 processionaliter
1462 2647 1551 2694 sub
1598 2646 1886 2703 baldachino
1943 2646 2002 2694 de

275 2787 307 2820 1.
337 2798 356 2816 «
377 2783 427 2820 Le
448 2783 760 2831 vingt-huictieme
776 2784 861 2831 j0ur
892 2784 941 2823 du
964 2783 1053 2820 mois
1074 2784 1120 2820 de
1137 2782 1306 2832 juin.....
1329 2782 1373 2818 de
1392 2782 1526 2819 devant
1554 2782 1669 2818 Rome
1688 2781 1924 2829 deslogerent
1952 2781 2005 2818 les

226 2842 399 2887 Francois
416 2847 453 2880 et
471 2854 518 2879 au
542 2843 655 2891 partir
673 2842 826 2880 meirent
844 2843 988 2891 pietons
1008 2847 1045 2880 et
1071 2841 1240 2880 artillerie
1260 2842 1407 2887 devant,
1429 2852 1517 2878 avec
1543 2840 1576 2877 le
1596 2841 1690 2878 train
1711 2841 1777 2878 des
1798 2841 2003 2887 sommiers,

226 2906 263 2938 et
277 2902 433 2950 charroy
452 2902 501 2939 du
518 2902 677 2951 bagaige
697 2903 742 2939 de
762 2902 919 2940 l'urmee.
946 2903 995 2940 Ce
1015 2902 1078 2951 qui
1097 2902 1210 2939 tenoit
1229 2901 1274 2938 de
1293 2901 1383 2950 long
1403 2901 1485 2950 plus
1505 2900 1549 2936 de
1570 2900 1667 2937 deux
1689 2900 1804 2937 milles
1824 2900 1869 2937 de
1888 2912 1999 2950 pays.

227 2962 295 2997 Les
327 2973 419 3008 gens
438 2961 594 2998 d'armes
622 2973 668 2999 en
688 2962 761 2999 bon
790 2963 896 2999 ordre
923 2966 959 2999 et
988 2962 1047 2999 bel
1067 2974 1175 3010 arroy
1203 2961 1431 2998 marcherent
1455 2963 1574 3009 apres,
1606 2963 1747 2997 montez
1767 2965 1803 2997 et
1833 2972 1952 2997 armez
1972 2961 2006 2998 la

227 3020 328 3056 lance
354 3031 418 3056 sur
441 3020 477 3057 la
494 3023 632 3067 cuisse,
659 3026 694 3059 et
712 3021 748 3058 la
771 3026 865 3059 teste
889 3033 934 3058 en
954 3022 1107 3065 l'armet,
1136 3028 1218 3058 tous
1245 3033 1289 3058 en
1315 3020 1453 3070 poinct,
1485 3031 1622 3057 comme
1647 3031 1740 3068 pour
1764 3020 1889 3057 devoir
1905 3032 2006 3058 com-

227 3080 358 3116 batn-e.
379 3079 482 3116 Ainsi
509 3083 700 3128 passerent
717 3092 783 3129 par
811 3080 846 3117 la
866 3080 949 3118 ville
975 3082 1020 3118 de
1046 3082 1175 3127 Rome,
1205 3091 1367 3118 sonnans
1393 3083 1589 3128 trompetes
1615 3084 1652 3116 et
1678 3078 1836 3117 clairons
1863 3084 1899 3117 et
1917 3092 2004 3129 gros

229 3139 377 3175 tabours
397 3140 443 3176 de
474 3139 636 3186 Suisses,
659 3140 691 3177 si
719 3151 789 3188 que
815 3144 984 3178 tonnerre
1011 3141 1133 3178 n'eust
1164 3140 1198 3177 la
1229 3143 1305 3177 este
1335 3143 1408 3188 otiy
1414 3167 1485 3177 .....
1527 3140 1668 3176 Devant
1693 3138 1725 3175 le
1758 3140 1934 3177 chasteau
1960 3140 2004 3175 de

227 3197 354 3235 Sainct
373 3199 493 3247 Ange,
514 3210 587 3235 aux
607 3202 788 3236 ereneaux
807 3200 916 3236 d'une
939 3200 1048 3237 basse
1068 3200 1203 3249 galerie
1222 3199 1334 3237 estoit
1354 3198 1386 3235 le
1406 3210 1513 3247 pape,
1535 3198 1795 3246 accompaigne
1818 3197 1863 3233 de
1887 3196 2005 3243 grand

227 3256 377 3299 nombre
397 3258 443 3294 de
461 3258 688 3304 cardinaulx,
713 3258 1018 3308 d’arehevesques
1038 3263 1075 3296 et
1097 3271 1290 3308 evesques,
1319 3263 1354 3295 et
1370 3259 1471 3295 aussi
1490 3269 1578 3295 avec
1597 3257 1660 3305 luy
1683 3257 1791 3294 estoit
1811 3257 1843 3292 le
1870 3256 1941 3291 duc
1960 3255 2006 3291 de

228 3315 454 3354 Valentinois
474 3323 511 3354 et
529 3317 713 3366 plusieurs
741 3317 930 3367 seigneurs
950 3319 995 3356 de
1015 3319 1144 3356 Rome.
1176 3319 1221 3355 Et
1245 3330 1292 3354 au
1314 3318 1485 3366 passaige
1506 3317 1551 3353 de
1571 3317 1714 3353 l'armee
1740 3316 1772 3351 le
1794 3315 1864 3350 diet
1887 3313 2003 3350 sainct

228 3375 321 3411 Pere
337 3375 459 3413 donna
486 3376 715 3414 benediction
735 3377 963 3426 apostolique
995 3383 1030 3416 et
1049 3377 1082 3415 le
1096 3377 1213 3427 jubile
1234 3380 1255 3413 a
1274 3382 1357 3414 tous
1379 3377 1430 3413 les
1453 3375 1609 3420 Faneois
1629 3380 1666 3411 et
1684 3374 1855 3410 Alemans
1887 3372 1949 3420 qui
1970 3371 2005 3408 la

228 3438 408 3483 estoyent..
426 3435 470 3472 Et
486 3439 593 3483 apres
612 3448 654 3473 ce
674 3435 818 3473 l'armee
836 3437 918 3474 issit
931 3438 975 3474 de
996 3438 1110 3475 Rome
1131 3442 1165 3474 et
1190 3437 1339 3473 adressa
1363 3448 1442 3473 vers
1462 3435 1494 3471 le
1516 3435 1699 3481 royaulme
1720 3433 1764 3468 de
1792 3432 1964 3480 Naples...
1986 3447 2004 3465 »

225 3493 258 3530 J.
280 3492 451 3538 ‹l'Auton,
472 3494 581 3542 ehap.
610 3508 641 3534 ι,
663 3506 704 3542 p.
733 3497 858 3532 171-2.
