2202 3918
360 401 430 438 380
969 396 1203 434 JOHANNIS
1236 394 1532 442 BURCHARDI,
1915 401 2019 443 [Mars
2041 404 2132 446 1505]

362 502 679 551 cardinalium
702 500 1041 564 Hispanorum.
1069 498 1390 547 Interfuerunt
1416 497 1562 546 etiam
1578 498 1675 546 dux
1697 498 1881 560 Urbini,
1906 503 2136 569 princeps

361 587 693 635 Salernitanus
716 589 762 633 et
789 584 925 634 multi
951 583 1121 647 prelati
1150 582 1228 647 (1).

425 670 646 728 VeneriS,
672 673 696 716 7
714 667 896 724 martii,
922 670 977 714 R.
996 669 1052 714 D.
1070 666 1326 730 episcopus
1347 666 1609 715 celebravit
1624 666 1823 715 missam
1842 668 1888 716 in
1905 669 2133 732 Minerva,

361 754 436 803 cui
459 754 783 803 interfuerunt
818 752 990 799 decem
1020 753 1067 798 et
1091 755 1200 799 octo
1238 750 1526 809 cardinales,
1571 750 1725 798 relatu
1757 751 1982 801 aliorum.
2025 756 2139 803 Ora-
2175 804 2177 807 ,

360 837 543 885 tionem
566 836 739 884 fecit...
771 836 830 882 de
862 834 968 882 aliis
995 833 1176 891 nescio,
1216 833 1329 896 quia
1357 841 1455 881 non
1487 832 1703 881 interfui.
1740 835 1919 882 Eadem
1956 835 2051 895 die,
2088 837 2138 885 in

362 936 490 978 sero,
523 920 641 968 obiit
666 918 942 983 patriarcha
964 915 1316 965 Alexandrinus
1340 933 1398 964 ex
1424 919 1578 979 peste,
1608 916 1688 979 qui
1713 917 1955 967 dominica
1981 919 2071 968 fuit
2088 920 2138 968 in

361 1003 549 1067 capella
575 1006 718 1066 Pape,
745 1005 792 1050 et
817 1003 926 1065 post
948 999 1222 1064 prandium,
1249 999 1297 1046 in
1323 1002 1578 1048 contractu
1594 1000 1892 1048 matrimonii
1909 1001 2132 1065 prefecti,

362 1103 524 1136 sanus.
553 1087 660 1135 Fuit
689 1085 907 1149 sepultus
930 1084 1003 1132 vel
1039 1083 1285 1147 depositus
1329 1082 1494 1131 nescio
1542 1083 1733 1146 quando
1770 1084 1846 1132 vel
1878 1084 1977 1144 ubi,
2027 1085 2138 1149 quia

362 1174 548 1219 secrete
570 1170 659 1218 fuit
685 1169 886 1217 factum.

427 1253 654 1312 Sabbato,
691 1255 718 1300 8
752 1251 939 1310 martis,
987 1250 1244 1314 episcopus
1299 1249 1598 1298 Civitatensis
1647 1251 1909 1299 celebravit
1942 1251 2135 1300 missam

318 1387 321 1390 Δ
363 1335 648 1394 solemnem,
679 1335 726 1382 in
750 1333 956 1382 ecclesia
981 1334 1028 1381 b.
1066 1332 1218 1380 Marie
1253 1334 1398 1391 Nove,
1433 1332 1491 1380 de
1519 1333 1566 1380 b.
1600 1334 1774 1392 Maria,
1805 1350 1895 1397 pro
1921 1335 2139 1384 anniver-

363 1418 489 1466 sario
510 1418 667 1466 obitus
691 1419 744 1464 Β.
773 1416 1017 1464 Francisci
1037 1415 1346 1464 Ceccharella
1377 1415 1593 1463 Romani.
1618 1416 1951 1465 Intersuerunt
1970 1418 2136 1481 viginti

362 1506 460 1550 tres
498 1500 788 1558 cardinales,
826 1499 1051 1546 videlicet
1076 1498 1438 1558 Recanatensis,
1469 1515 1507 1546 s.
1546 1499 1792 1558 Praxedis,
1833 1516 1872 1546 s.
1919 1502 2132 1566 Georgii,

362 1583 735 1641 Alexandrinus,
781 1598 818 1629 s.
860 1581 1045 1640 Crucis,
1081 1581 1442 1644 AgrigentinUS,
1492 1581 1766 1640 Grimanus‚
1821 1583 2132 1643 Arborensis,

364 1665 629 1730 Regiensis,
657 1665 964 1723 Cusentinus,
992 1666 1248 1722 Cumanus,
1277 1662 1612 1722 Bononiensis,
1635 1664 2001 1724 Volaterranus,
2022 1667 2139 1714 Flis—

363 1765 466 1808 cus,
493 1749 754 1807 Adrianus,
785 1764 822 1794 s.
851 1746 982 1796 Petri
1010 1746 1071 1794 ad
1100 1745 1302 1804 vincula,
1342 1745 1590 1804 Columna,
1624 1746 1878 1807 Ascanius,
1905 1748 2134 1810 MediceS,

363 1832 639 1891 Cesarinus,
663 1830 920 1895 Aragonia,
950 1829 1169 1878 Elnensis
1192 1831 1239 1877 et
1263 1829 1543 1892 Gurgensis.

428 1915 681 1964 Dominica
707 1915 876 1978 quinta
911 1913 1302 1977 quadragesime,
1338 1916 1365 1960 9
1390 1913 1578 1973 martis,
1609 1916 1665 1962 D.
1698 1915 1971 1979 Raynaldus
2008 1915 2138 1980 epis-

361 2014 511 2062 copus
534 1997 864 2056 FlorentinuS,
890 1997 1119 2045 assistens
1143 1999 1289 2059 Pape,
1315 1995 1576 2044 celebravit
1598 1997 1796 2045 missam
1823 1999 2066 2061 publicam
2087 2000 2137 2047 in

358 2082 545 2145 capella
569 2081 761 2145 majori,
793 2080 992 2129 absente
1025 2083 1172 2144 Papa.
1198 2081 1483 2127 Sermonem
1508 2079 1620 2128 fecit
1640 2084 1933 2143 procurator
1954 2082 2137 2131 ordinis

354 2166 402 2213 h.
428 2165 577 2213 Marie
598 2179 864 2212 servorum.

422 2252 572 2306 Lune,
616 2251 673 2295 10
707 2247 895 2306 martis,
932 2246 1017 2294 fuit
1056 2246 1304 2311 publicum
1345 2246 1686 2295 consistorium
1728 2248 1777 2295 in
1814 2248 1924 2297 aula
1952 2249 1998 2296 in
2040 2266 2135 2313 qua

360 2330 684 2379 obedientiam
722 2329 1043 2394 prestiterunt
1079 2334 1295 2378 oratores
1330 2328 1392 2394 (2)
1432 2329 1563 2394 regis
1607 2331 1804 2379 Polonie
1853 2332 1934 2395 qui
1975 2333 2134 2396 prima
2191 2400 2193 2403 .

361 2415 506 2478 hujus
528 2414 822 2461 intraverant
852 2413 1052 2461 Urbem.
1083 2415 1195 2461 Post
1217 2412 1406 2460 finitum
1438 2413 1780 2461 consistorium
1801 2414 2135 2477 equitaverunt

361 2499 421 2545 ad
453 2498 652 2545 domum
685 2513 796 2544 cum
834 2496 1068 2544 cardinali
1100 2496 1299 2561 Regino,
1334 2510 1444 2544 cum
1476 2512 1570 2560 quo
1605 2497 1829 2545 fecerunt
1855 2498 2130 2560 prandium.

361 2580 613 2644 Proposite
651 2580 848 2628 fuerunt
888 2583 985 2628 tres
1023 2579 1414 2639 commissiones3
1467 2579 1673 2642 primam
1722 2582 1778 2627 D.
1829 2579 1887 2628 de
1934 2580 2131 2642 Planca,

358 2664 622 2712 secundam
647 2667 702 2712 D.
728 2664 945 2711 Justinus
974 2662 1215 2722 Carosius,
1251 2663 1447 2712 tertiam
1473 2665 1528 2711 D.
1557 2663 1952 2723 Bartholomeus3
1980 2663 2133 2713 inter-

356 2748 552 2795 fuerunt
576 2747 846 2796 cardinales
871 2750 919 2795 et
940 2746 1110 2795 ceteri.

421 2830 676 2879 Dominica
715 2831 1008 2894 palmarum,
1054 2832 1109 2876 16
1156 2829 1334 2889 martii,
1372 2831 1457 2879 SS.
1499 2833 1556 2878 D.
1596 2833 1765 2879 noster
1799 2830 2048 2880 benedixit
2085 2835 2133 2880 et

360 2913 602 2962 distribuit
625 2913 810 2976 palmas
840 2928 976 2962 more
1011 2912 1180 2972 solito3
1221 2913 1463 2976 predictas
1500 2914 1617 2962 duas
1648 2913 1832 2977 palmas
1868 2916 2132 2962 tenuerunt

409 3099 443 3135 1.
470 3097 565 3145 Voy.
589 3094 827 3141 Giustiniani,
844 3098 875 3135 t,
897 3097 961 3141 ΙΙΙ,
984 3108 1020 3144 p.
1043 3097 1124 3141 437,
1148 3097 1183 3141 8,
1203 3100 1238 3133 et
1257 3096 1309 3132 les
1330 3099 1452 3132 autres
1474 3099 1597 3133 notes.

403 3159 439 3193 2.
470 3157 518 3193 Le
539 3156 705 3192 discours
723 3154 959 3191 d’obedience
987 3156 1040 3192 fut
1062 3158 1244 3203 prononce
1265 3166 1330 3203 par
1351 3155 1516 3203 l'eveque
1541 3155 1586 3191 de
1615 3153 1786 3200 Ploczko‚
1810 3155 1958 3192 Erasmo
1979 3155 2098 3194 Vitelli
2120 3168 2129 3194 :

358 3217 390 3253 le
411 3216 502 3252 Pere
519 3214 676 3251 Theiner
698 3215 743 3251 l'a
759 3213 881 3263 public
911 3215 1002 3250 dans
1029 3225 1088 3250 ses
1113 3216 1341 3250 Monumenca
1367 3215 1505 3250 Histor.
1523 3215 1665 3257 Polou„
1686 3218 1716 3251 t.
1745 3215 1791 3258 II,
1823 3227 1846 3264 p
1888 3216 1975 3253 300.
1999 3215 2133 3253 Giusti-

358 3275 457 3311 niani
479 3273 626 3310 ecrivait
646 3276 666 3309 a
687 3273 721 3309 la
741 3274 823 3310 date
845 3273 893 3308 du
914 3274 958 3309 15
974 3284 1070 3308 mars
1093 3284 1102 3309 ε
1127 3287 1145 3306 «
1166 3271 1222 3308 Gli
1247 3272 1380 3309 oratori
1405 3272 1567 3320 polacchi
1592 3284 1681 3309 sono
1702 3273 1875 3311 ammessi
1900 3274 1958 3311 all'
1980 3274 2133 3312 udienza.

360 3334 417 3370 del
438 3334 553 3381 Papa,
576 3345 594 3370 e
613 3333 661 3380 gli
682 3332 855 3380 regalano
876 3331 1047 3377 zibellini,
1077 3331 1262 3376 ermellini,
1296 3331 1340 3368 ed
1369 3331 1473 3368 altro.
1504 3332 1559 3369 Gli
1587 3332 1763 3370 chiedono
1791 3333 1852 3382 poi
1872 3333 1961 3370 aiuti
1980 3333 2131 3370 control

361 3392 507 3438 Turchi,
528 3392 587 3429 dai
609 3392 707 3441 quali
728 3404 818 3429 sono
839 3391 1133 3429 continuamente
1153 3391 1338 3438 depredati
1359 3402 1368 3428 ε
1390 3402 1449 3427 ma
1468 3391 1606 3428 credesi
1628 3393 1694 3428 che
1714 3404 1787 3430 non
1815 3396 2020 3430 otterranno
2040 3391 2131 3430 altro

362 3452 427 3487 che
447 3451 567 3499 grazie
589 3451 768 3500 spirituali
788 3451 822 3488 di
844 3450 1008 3499 giubilei,
1026 3450 1160 3499 perche
1180 3453 1200 3488 e
1227 3462 1318 3487 vano
1338 3453 1477 3488 tentare
1503 3451 1539 3487 di
1557 3451 1610 3488 sar
1628 3451 1747 3489 uscire
1767 3451 1891 3490 denari
1910 3451 2004 3489 della
2021 3451 2132 3489 borsa

363 3510 418 3546 del
441 3511 554 3559 Papa.
579 3526 594 3545 n
620 3512 660 3548 T.
681 3511 743 3556 111,
764 3522 800 3559 p.
823 3511 907 3547 453.

2192 3882 2195 3883 ¹
2195 3681 2202 3838 —-..l-.2.
