2228 3938
331 394 399 449 196
782 424 784 427 v
934 408 1166 446 JonANNJs
1201 396 1496 455 BuaanRoi,
1654 401 1659 405 “
1876 410 1983 451 [Mars
2006 412 2096 453 1502]

331 529 518 572 manus,
563 511 909 569 SalernitanuS,
946 512 1342 575 CaputaquensiS,
1377 502 1680 570 MutinensiS,
1718 504 1964 571 Senensis,
1996 508 2102 562 Me:

329 598 459 645 dices
497 601 545 643 ct
584 595 857 644 Cesarinus
903 594 1144 642 Intimatio
1190 595 1336 643 misse
1378 598 1424 642 et
1471 586 1708 642 sermonis
1745 595 1834 643 suit
1869 595 1999 643 facta
2035 589 2099 645 ‘de

329 679 555 728 mandato
579 681 724 742 Pape,
754 680 896 741 prout
917 677 969 724 in
998 678 1184 725 duabus
1210 669 1583 742 precedentibus
1610 674 1882 737 dominicis,
1915 684 1962 727 et
1985 679 2100 743 quia

328 766 410 813 SS.
438 766 491 811 D.
518 765 698 819 noster,
725 764 834 808 ante
865 775 1111 809 recessum
1134 777 1273 809 suum
1298 762 1358 808 ab
1379 752 1523 818 Urbe,
1552 775 1649 808 non
1677 761 1917 809 concessit
1938 761 2099 810 indul-

327 847 514 912 gentias
541 844 940 893 interessentibus
967 843 1124 891 missis
1156 844 1358 907 publicis
1387 843 1434 890 in
1456 837 1642 907 capella
1670 843 1887 907 predicta
1906 843 2099 893 duabus

326 929 695 994 precedentibus
715 930 765 977 et
786 927 1001 992 presenti
1023 927 1266 975 dominica
1291 926 1535 986 dicendas,
1561 929 1726 974 Rmus.
1756 929 1815 975 D.
1836 921 2098 976 cardinalis

325 1013 676 1063 Alexandrinus
707 1011 909 1075 signavit
934 1026 1080 1074 super
1108 1009 1388 1075 hujusmodi
1413 1009 1762 1073 indulgentiam
1791 1020 2097 1071 concessam,

326 1113 469 1160 quam
489 1096 556 1144 illi
572 1095 652 1159 qui
678 1094 877 1158 singulis
903 1093 1074 1142 diebus
1090 1093 1344 1141 dominicis
1368 1093 1648 1156 hujusmodi
1671 1108 1947 1143 sermonem
1964 1088 2099 1144 fece-⁴·

324 1165 460 1238 runt,
481 1179 805 1244 publicarunt,
834 1193 969 1225 more
989 1177 1137 1225 solito
1158 1193 1168 1224 ε
1200 1179 1305 1224 erat
1326 1176 1496 1224 cedula
1519 1176 1703 1225 tenoris
1727 1171 1975 1240 sequentis
1995 1194 2005 1226 :

388 1284 409 1308 «
435 1265 567 1311 Motu
592 1260 788 1326 proprio
813 1260 1036 1308 omnibus
1059 1264 1106 1308 et
1133 1260 1334 1322 singulis
1362 1259 1533 1307 Christi
1561 1259 1785 1307 fidelibus
1812 1261 1894 1323 qui
1925 1254 2099 1309 officiis

325 1347 581 1395 missarum
602 1344 902 1408 publicarum
934 1358 1028 1406 que
1055 1346 1206 1392 Rome
1236 1343 1285 1391 in
1312 1342 1498 1406 capella
1529 1342 1713 1407 majore
1756 1340 1919 1406 palatii
1944 1338 2097 1393 nostri

324 1429 451 1494 apud
477 1434 525 1479 S,
551 1431 764 1487 Petrum,
785 1431 829 1486 2,
861 1430 905 1485 3,
932 1431 977 1485 4,
1005 1431 1031 1475 5
1048 1426 1298 1474 dominicis
1324 1420 1564 1490 preteritis
1585 1426 1955 1490 quadragesime
1973 1428 2099 1476 cele?-

325 1514 538 1569 brantur,
577 1509 894 1567 interfuerint,
940 1514 1126 1572 septem
1157 1525 1308 1556 annos
1336 1501 1384 1557 et
1420 1508 1622 1556 totidem
1657 1507 1998 1573 quadragenas
2035 1512 2096 1560 de

324 1611 434 1643 vera
455 1592 754 1656 indulgentia
773 1592 823 1639 in
844 1587 1000 1638 forma
1019 1590 1233 1638 Ecclesie
1256 1585 1491 1638 consueta
1513 1591 1824 1639 concedimus
1846 1597 1894 1640 et
1921 1593 2097 1658 elargi-‘ss

323 1694 454 1736 mur,
494 1675 780 1723 mandantes
815 1672 1138 1737 indulgentias
1170 1672 1449 1736 hujusmodi
1480 1672 1920 1734 interessentibus,
1959 1676 2094 1725 more

323 1760 480 1818 solito,
510 1758 746 1817 nunciari,
782 1757 830 1804 in
867 1756 1161 1825 contrarium
1189 1755 1493 1814 facientibus,
1526 1771 1624 1804 non
1657 1751 1960 1806 obstantibus
1988 1759 2097 1822 qui-

323 1843 620 1906 buscumque
660 1840 921 1899 concessis,
963 1845 1097 1887 motu
1131 1839 1346 1903 proprio,
1389 1839 1438 1886 in
1471 1840 1716 1902 presentia
1745 1835 1799 1887 D.
1835 1844 1891 1889 N.
1925 1858 2048 1905 pape
2080 1842 2091 1889 i

320 1926 582 1983 Johannes,
617 1923 871 1973 cardinalis
903 1922 1271 1981 Alexandrinus,
1308 1925 1356 1970 et
1384 1922 1681 1986 presentium
1713 1923 1814 1972 sola
1846 1920 2093 1988 signatura

322 2009 545 2057 sufficiat.
576 2027 599 2051 »
1536 2001 1541 2005 ’

385 2091 524 2140 Feria
547 2091 778 2149 secunda,
803 2090 932 2138 circa
959 2091 1153 2140 tertiam
1179 2091 1350 2139 horam
1374 2089 1544 2150 noctiS,
1581 2093 1663 2139 SS.
1699 2091 1756 2139 D.
1775 2085 1959 2140 'Noster
1980 2103 2091 2141 cum·

321 2174 642 2224 cardinalibus
680 2179 728 2223 et
762 2174 945 2222 familia
977 2190 1081 2234 sua,
1124 2173 1253 2222 venit
1285 2176 1562 2231 Cornetum,
1590 2168 1678 2221 'ubi
1716 2169 1979 2238 permansit
2007 2192 2094 2240 per

322 2262 470 2306 totam
506 2257 634 2306 diem
660 2262 966 2321 sequentem;
1001 2257 1112 2320 [die]
1146 2251 1373 2304 mercurii
1405 2255 1625 2319 proxima
1663 2258 1866 2305 recessit
1897 2258 2007 2307 inde
2043 2261 2092 2307 et

322 2342 447 2390 venit
475 2341 722 2390 Civitatem
743 2344 971 2390 Veterem
997 2334 1077 2387 ubi
1104 2339 1404 2403 pernoctavit
1430 2355 1540 2387 cum
1569 2340 1791 2388 omnibus
1825 2355 1908 2389 sex
1935 2341 2092 2390 cardi*

322 2423 509 2471 nalibus
532 2423 760 2487 predictis
781 2438 837 2471 ac
859 2422 991 2470 omni
1006 2421 1189 2470 familia
1209 2427 1257 2471 et
1284 2418 1430 2482 duce,
1462 2422 1538 2470 die
1559 2419 1682 2486 jovis
1703 2424 1939 2487 sequenti,
1964 2425 2093 2474 venit

320 2498 381 2555 ad
402 2507 586 2566 Palum,
609 2506 689 2555 ubi
710 2506 933 2554 similiter
953 2506 1252 2569 pernoctavit
1274 2505 1354 2570 (1).
1640 2501 1645 2506 ’
1836 2502 1839 2504 ’

379 2591 604 2649 Veneris,
633 2594 682 2637 11
710 2589 873 2639 martii
897 2582 1174 2654 supradicti,
1199 2589 1326 2637 circa
1340 2589 1510 2638 horam
1532 2592 1718 2650 XXIIll,
1748 2591 1939 2640 intravit
1964 2586 2094 2656 pala*

367 2753 400 2788 1.
430 2767 496 2789 «...
519 2752 588 2796 Qui
608 2750 787 2788 s'intende
805 2750 871 2787 che
889 2750 915 2786 il
932 2750 1033 2798 Papa
1052 2754 1088 2787 et
1108 2750 1222 2795 Duca,
1245 2751 1359 2787 sendo
1380 2750 1508 2789 sabato
1528 2750 1565 2788 in
1593 2753 1770 2790 cammino
1796 2743 1862 2801 per
1883 2758 2028 2792 tornare
2044 2755 2090 2793 ad

320 2811 434 2849 Roma
458 2822 523 2860 per
553 2822 665 2855 mare,
696 2810 840 2847 hebono
860 2813 981 2858 tempo
1011 2809 1160 2847 sinistro
1190 2814 1227 2847 et
1259 2809 1450 2848 contrario.
1472 2810 1517 2847 Et
1546 2811 1568 2847 il
1600 2811 1701 2848 Duca
1732 2811 1799 2848 che
1819 2824 1880 2849 era
1897 2812 1933 2849 in
1954 2824 1999 2850 su
2018 2825 2091 2850 uno

271 2904 273 2908 .
319 2871 483 2919 galeone,
515 2870 581 2907 che
610 2869 744 2918 meglio
767 2869 799 2905 si
818 2868 931 2906 dit'ese
952 2868 1043 2905 delle
1071 2869 1165 2906 onde
1191 2869 1250 2906 del
1278 2881 1389 2914 mare,
1420 2868 1573 2912 lamehe,
1594 2874 1741 2918 passato
1759 2871 1784 2907 il
1801 2871 1926 2917 Monte
1945 2871 2089 2921 Argen:

319 2931 409 2968 torio
440 2929 589 2967 havessi
614 2928 708 2966 della
738 2928 885 2974 fatiche,
904 2932 1039 2973 tamen,
1070 2940 1170 2966 come
1189 2928 1251 2977 piu
1275 2928 1454 2972 animoso,
1484 2930 1596 2976 passo
1623 2929 1745 2967 avanti
1777 2934 1814 2967 et
1830 2929 1948 2967 ari-ivo
1963 2930 2091 2968 Dome-

318 2990 399 3026 nica
416 3001 497 3026 sera
512 3000 534 3025 a
554 2988 722 3033 Corneto,
754 2998 814 3025 ma
839 3000 911 3025 non
941 2998 1050 3024 sanza
1080 2986 1239 3035 pericolo
1264 2986 1301 3023 di
1333 2998 1372 3023 se
1404 2991 1441 3023 et
1467 2998 1581 3035 paura
1601 2989 1738 3036 grande
1758 2989 1825 3026 che
1852 2988 1877 3025 il
1897 2990 1998 3037 Papa
2018 3002 2089 3028 non

315 3048 406 3085 fussi
426 3048 582 3096 capitato
602 3046 711 3086 male.
738 3047 787 3083 Le
811 3046 914 3095 galee
941 3047 1034 3083 dove
1061 3057 1123 3082 era
1151 3045 1175 3082 il
1207 3046 1308 3094 Papa
1328 3050 1363 3082 et
1382 3044 1405 3082 li
1427 3046 1624 3092 Cardinali,
1647 3059 1719 3084 non
1739 3049 1898 3097 potendo
1919 3049 2090 3086 resistere

317 3109 362 3144 ad
389 3107 460 3144 tale
485 3106 642 3151 fortuna,
667 3107 762 3154 dopo
800 3106 953 3154 qualche
986 3105 1154 3142 dibattito
1183 3109 1219 3142 et
1250 3105 1286 3141 di
1321 3117 1467 3142 manera
1500 3106 1567 3142 che
1587 3118 1660 3143 non
1689 3106 1755 3142 che
1775 3106 1809 3142 al
1835 3107 1935 3154 Papa
1965 3117 2025 3143 ma
2056 3105 2089 3144 ai

319 3165 466 3204 marinai
483 3177 591 3214 parve
609 3176 730 3202 essere
749 3164 787 3200 in
817 3165 968 3212 qualche
987 3164 1158 3213 pericolo,
1189 3177 1262 3201 non
1292 3177 1402 3201 sanza
1431 3165 1615 3210 lachrime,
1636 3165 1704 3201 che
1725 3165 1944 3213 comprendo
1963 3177 2036 3203 non
2053 3166 2088 3202 vi

319 3227 352 3263 su
373 3225 561 3263 Cardinale
575 3236 647 3261 non
670 3224 856 3272 piagnessi
877 3228 912 3266 et
933 3224 1040 3260 etiam
1068 3224 1258 3261 vomitassi
1288 3223 1407 3260 iusino
1428 3223 1495 3260 alle
1527 3227 1663 3269 curate,
1686 3235 1843 3271 presono
1873 3236 1937 3273 per
1955 3225 2088 3273 partito

316 3297 378 3334 per
398 3284 512 3322 salute
531 3284 620 3331 loro,
642 3283 767 3320 cedere
784 3281 855 3318 alla
880 3282 1038 3328 fortuna,
1055 3287 1091 3319 et
1110 3294 1220 3319 senza
1245 3282 1378 3318 andare
1405 3281 1466 3329 piu
1488 3281 1625 3326 avantI,
1648 3281 1679 3319 si
1701 3282 1897 3320 ridussono
1919 3283 1957 3320 in
1975 3281 2087 3337 Porto

315 3344 482 3389 Hercule,
503 3343 623 3381 donde
653 3353 718 3391 per
733 3346 829 3379 terra
849 3352 889 3377 se
917 3353 962 3378 ne
979 3352 1070 3378 sono
1089 3340 1222 3379 tornati
1242 3341 1289 3378 ad
1308 3341 1479 3386 Corneto,
1501 3344 1536 3377 et
1557 3341 1701 3378 domani
1722 3354 1744 3379 a
1765 3353 1845 3380 sera
1866 3354 2022 3380 saranno
2040 3343 2087 3380 ad

314 3403 624 3441 Civitavecchia.;.
644 3417 662 3436 »
702 3402 817 3439 Rome
845 3401 906 3449 vnj
928 3401 1043 3438 martii
1080 3402 1185 3438 1501.
1220 3399 1396 3445 Servitor,
1419 3400 1635 3437 Franciscus
1673 3401 1869 3450 Cappellus
1896 3402 2086 3440 mandata-

314 3460 399 3499 rius.
427 3477 443 3494 »
468 3461 579 3508 (Clas.
598 3461 644 3504 X,
668 3460 756 3498 dist.
778 3471 815 3505 ιι,
838 3459 918 3498 filza
936 3461 997 3505 50,
1013 3471 1078 3497 ac.
1097 3459 1195 3507 130.)
1217 3460 1265 3497 Le
1279 3451 1371 3508 pape
1392 3462 1514 3496 rentra
1533 3459 1625 3496 1610
1643 3472 1740 3497 mars
1760 3461 1921 3499 ziRome.
1945 3475 2009 3498 α...
2029 3457 2087 3498 Ad

314 3519 403 3557 hora
423 3521 523 3569 xxmj
545 3524 564 3558 e
578 3523 717 3558 enti-ato
736 3519 760 3556 il
777 3517 875 3568 Papa
894 3519 928 3556 in
944 3519 1060 3557 Roma
1074 3531 1139 3557 eon
1155 3518 1355 3557 bonissima
1369 3529 1450 3556 cera
1460 3523 1496 3556 et
1515 3518 1624 3557 molto
1642 3519 1771 3559 lieto...
1784 3535 1802 3554 ι)
1820 3520 1889 3567 (Id.
1905 3516 1971 3557 ac.
1987 3521 2084 3567 174.)
