2228 3938
231 382 331 424 [Juin
352 382 441 424 1501]
676 380 842 418 RERUM
876 377 1179 415 URBANARUM
1211 377 1562 416 COMMENTARII.
1942 380 2010 416 147

234 485 458 550 gentibus
492 482 771 547 Hieronymi
801 479 1019 545 Gaglioffi
1046 479 1288 544 Aquilani,
1318 479 1502 528 inimici
1527 480 1599 528 sui
1625 479 1861 544 capitaliS,
1897 496 2011 543 quo-

233 575 485 618 rum‘unus
510 583 598 632 per
632 566 797 631 plures
829 563 932 613 dies
969 567 1082 613 ante
1117 563 1208 628 ipsi
1241 566 1296 611 D.
1344 564 1600 613 Francisco
1636 563 1910 628 predixerat
1953 579 2008 612 ac

232 655 576 717 premonuerat
597 650 726 714 quod
744 649 846 713 ipse
872 664 984 696 cum
1018 648 1162 696 sociis
1185 653 1313 696 esset
1338 654 1448 696 eum
1476 648 1838 707 interfecturus,
1862 647 2009 696 etiam

233 736 282 784 in
302 736 448 784 domo
483 735 607 783 Rmi.
636 737 694 782 D.
725 731 980 781 cardinalis
1008 732 1261 791 Senensis3
1290 733 1339 780 in
1372 748 1467 796 qua
1494 732 1680 780 delatus
1721 731 1893 780 eadem
1932 730 2008 779 die

232 819 351 869 obiit
374 823 483 884 post
504 819 676 867 horam
698 832 1028 881 vesperarum,
1053 816 1168 864 etin
1189 832 1297 864 sero
1317 816 1537 880 ejusdem
1562 816 1656 865 diei
1681 819 1900 880 portatus
1919 814 2009 863 fuit

231 903 293 951 ad
312 902 569 952 ecclesiam
589 901 636 950 b.
663 899 811 949 Marie
837 899 896 948 de
919 899 1283 956 Consolatione,
1310 899 1360 946 in
1378 915 1474 963 qua
1498 899 1588 950 sibi
1606 899 1822 963 elegerat
1845 897 2009 962 sepul-

198 999 201 1002 ’
232 991 411 1046 turam,
432 989 483 1035 et
503 984 682 1034 ibidem
706 983 942 1048 sepultuS.
972 983 1263 1047 Requiescat
1287 983 1336 1031 in
1359 999 1498 1047 pace.
1528 985 1700 1031 Amen.

295 1071 475 1119 Eadem
499 1069 597 1128 die,
621 1068 752 1117 circa
773 1068 945 1116 horam
974 1066 1259 1131 vigesimam
1290 1067 1574 1128 secundam,
1609 1067 1738 1115 venit
1765 1083 1852 1131 per
1875 1071 2010 1131 prata

231 1158 278 1203 et
300 1154 494 1203 intravit
516 1152 695 1202 Urbem
720 1168 809 1217 per
830 1144 1025 1215 portam
1047 1150 1281 1202 Viridarii
1299 1153 1357 1199 D.
1384 1151 1659 1200 Bernardus
1673 1151 1791 1199 alias
1815 1150 2010 1199 Berault

232 1240 397 1287 Stuart
429 1238 488 1286 de
526 1236 717 1300 Uhign·i‚
757 1235 914 1294 mileS,
951 1236 1233 1299 capitaneus
1269 1236 1488 1299 gentium
1526 1235 1654 1300 regis
1691 1234 1910 1295 Francie,
1950 1235 2011 1283 ad

231 1337 436 1385 regnum
473 1311 844 1384 Neapolitanum
878 1318 1112 1378 euntium,
1142 1318 1225 1382 qui
1261 1325 1487 1383 receptus
1523 1318 1665 1367 suita
1693 1318 2009 1367 familiaribus

230 1407 358 1468 Pape
392 1408 441 1452 et
461 1402 689 1469 bmnium
728 1401 1065 1461 cardinalium,
1096 1417 1231 1451 more
1266 1402 1423 1451 solito.
1468 1402 1706 1466 Equitavit
1743 1407 1878 1450 recta
1914 1402 2006 1460 via,

229 1487 416 1536 medius
452 1487 579 1536 inter
613 1489 960 1536 Zamorensem
997 1490 1045 1534 et
1088 1488 1508 1550 Cupersanensem
1555 1502 1640 1534 seu
1678 1486 2009 1534 'Bitectensem

230 1571 503 1635 episcopos,
531 1571 592 1620 ad
612 1570 843 1634 palatium
864 1573 994 1633 Pape
1019 1585 1163 1633 quem
1187 1569 1392 1633 reperiit
1417 1570 1466 1616 in
1487 1584 1682 1635 camera
1706 1568 1949 1633 Papagalli
1964 1572 2011 1617 et

231 1670 342 1703 cum
369 1670 426 1702 eo
460 1653 730 1702 cardinales
755 1670 793 1701 s.
827 1653 1072 1712 Praxedis,
1099 1652 1494 1713 Alexandrinum,
1526 1655 1803 1716 Capuanum
1829 1656 1877 1701 et
1903 1654 2010 1700 Mu-

233 1737 474 1786 tinensem
501 1740 550 1786 et
581 1736 963 1796 referendari0s3
997 1736 1086 1785 fuit
1119 1736 1298 1784 ibidem
1324 1740 1548 1800 receptus
1577 1751 1607 1784 a
1638 1738 1768 1800 Papa
1789 1736 1850 1784 ad
1872 1735 2009 1800 pedis

233 1820 471 1881 osculum,
497 1823 673 1884 etpost
703 1820 874 1869 decem
896 1820 971 1868 vel
1004 1819 1259 1870 duodecim
1295 1836 1370 1870 ex·
1391 1819 1489 1868 suis
1521 1819 1605 1884 (1).
1640 1823 1770 1884 Papa
1800 1819 1906 1868 risit
1930 1819 2012 1867 ali-

233 1904 516 1968 quantulum
545 1920 657 1952 cum
682 1919 741 1952 eo
765 1908 813 1953 et
834 1909 944 1967 post
970 1919 1145 1967 parum
1170 1904 1351 1952 dimisit
1384 1920 1495 1952 eum
1524 1904 1604 1967 qui
1630 1903 1858 1967 equitavit
1882 1903 2009 1951 inter

231 1987 650 2052 archiepiscopum
673 1987 972 2051 Ragusinum
987 1992 1034 2035 et
1059 1987 1338 2052 episcopum
1355 1991 1715 2047 Zamorensem,
1743 1987 2009 2036 associatus

229 2071 289 2120 ab
314 2071 420 2120 aliis
443 2071 525 2134 qui
553 2086 666 2122 eum
695 2075 1000 2135 receperant,
1027 2087 1179 2135 usque
1211 2071 1272 2120 ad
1299 2072 1499 2121 domum
1528 2071 1931 2132 vicecancellarii,
1961 2071 2008 2118 in

229 2171 323 2218 qua
347 2159 422 2204 est
442 2155 729 2220 hospitatus.
757 2156 1089 2204 lutei-fuerunt
1113 2161 1159 2205 et
1178 2159 1233 2204 R.
1262 2160 1319 2206 D.
1342 2157 1600 2222 episcopus
1620 2156 1935 2205 Trecorensis
1962 2160 2010 2206 et

229 2242 394 2289 orator
416 2239 544 2303 regis
561 2239 783 2311 Francie,
801 2243 964 2287 orator
982 2239 1112 2304 regis
1135 2240 1325 2304 Anglie,
1344 2246 1563 2289 oratores
1588 2240 1725 2289 ducis
1746 2239 2004 2298 Sabaudie,

276 2424 311 2459 1.
339 2437 358 2456 «
379 2422 429 2459 Ce
449 2414 579 2471 propre
601 2423 697 2471 jour,
719 2422 772 2460 les
799 2422 1004 2460 lieutenans
1025 2423 1074 2460 du
1093 2435 1172 2472 roy,
1200 2428 1237 2461 et
1262 2423 1443 2472 plusieurs
1469 2425 1535 2461 des
1561 2423 1765 2473 capitaines
1792 2423 1837 2461 de
1863 2423 2008 2461 l'armee

229 2482 274 2518 de
294 2481 432 2518 France
447 2482 589 2519 feurent.
602 2482 703 2519 veoir
721 2483 754 2520 le
772 2494 866 2531 pape
877 2483 1017 2520 dedans
1031 2482 1065 2520 le
1084 2483 1201 2532 palais
1222 2484 1266 2520 de
1286 2484 1416 2530 Rome,
1438 2487 1487 2521 οὺ
1506 2486 1715 2521 trouverent
1726 2484 1843 2532 grand
1856 2483 2007 2521 nombre

227 2540 272 2576 de
291 2540 517 2586 cardinaulx,
551 2545 588 2578 et
607 2541 799 2589 seigneurs
825 2541 870 2578 de
897 2542 930 2578 la
962 2542 1060 2579 ville.
1084 2543 1126 2580 Et
1154 2543 1189 2580 la
1207 2543 1316 2580 estoit
1340 2543 1413 2581 lors
1444 2544 1478 2581 le
1508 2544 1682 2593 seigneur
1700 2543 1746 2580 de
1767 2543 1994 2581 Grandmont

227 2599 490 2637 ambassadeur
507 2611 599 2649 pour
617 2599 651 2637 le
664 2613 742 2649 roy.
761 2601 809 2638 Le
825 2613 918 2650 pape
939 2603 1163 2640 nonobstant
1175 2602 1263 2650 qu'il
1274 2603 1580 2652 feustespaignol
1596 2607 1632 2640 et
1644 2602 1808 2639 mauvais
1822 2602 2008 2648 Francois,

226 2659 417 2697 toutesfois
443 2659 634 2696 dissimula
659 2664 727 2697 son
754 2660 892 2697 vouloir
918 2665 954 2699 et
980 2673 1068 2698 avec
1080 2661 1236 2710 joyeuse
1261 2663 1368 2699 chere
1394 2666 1518 2699 receut
1545 2661 1599 2699 les
1625 2661 1825 2710 capitaines
1840 2661 2010 2707 franceis

167 2770 171 2774 ὁ
225 2719 271 2756 de
291 2718 437 2756 l’armee
470 2719 515 2755 de
536 2720 687 2765 France,
709 2724 747 2758 et
773 2721 818 2757 de
840 2720 1022 2769 plusieurs
1050 2721 1181 2759 choses
1194 2721 1371 2771 joyeuses
1397 2721 1476 2758 leur
1502 2721 1596 2759 teint
1626 2732 1774 2770 propos.
1795 2722 1827 2757 A
1858 2720 2010 2758 messire

225 2779 384 2817 Berauld
410 2779 550 2824 Stuart,
583 2778 786 2817 lieutenant
807 2779 954 2828 general
987 2781 1036 2817 du
1063 2793 1142 2830 roy,
1176 2782 1299 2818 donna
1323 2793 1374 2817 un
1406 2781 1568 2818 coursier
1587 2780 1677 2829 gris,
1708 2780 1794 2817 bien
1819 2779 2003 2828 puissmt,

222 2838 336 2876 moult
353 2838 462 2885 viste,
483 2844 519 2876 et
538 2842 611 2876 tres
638 2838 739 2889 leger
754 2842 776 2876 a
795 2840 829 2877 la
848 2840 959 2887 main,
980 2852 1068 2877 avec
1088 2840 1140 2878 les
1160 2839 1293 2878 bardes
1313 2845 1394 2878 tant
1413 2841 1533 2878 riches
1552 2846 1589 2877 et
1606 2839 1721 2877 belles
1742 2851 1813 2889 que
1839 2840 2002 2877 chascun

224 2911 268 2936 eu
297 2898 363 2936 feit
381 2898 600 2938 merveilles.
635 2899 689 2936 En
715 2899 836 2937 divers
871 2903 1101 2949 passetemps
1128 2899 1208 2937 illec
1237 2900 1319 2938 finit
1338 2913 1379 2938 ce
1404 2901 1490 2950 jour
1511 2901 1671 2949 jusques
1705 2911 1754 2936 au
1781 2899 1855 2936 soir
1884 2911 1954 2948 que
1974 2899 2007 2936 le

224 2960 383 2999 cardinal
403 2961 449 2998 de
471 2959 766 3006 Saint-Severin,
788 2971 947 3008 evesque
978 2961 1023 2997 de
1052 2959 1262 3006 Maillesais‚
1295 2965 1332 2998 et
1350 2961 1444 2998 frere
1470 2961 1519 2997 du
1540 2964 1656 2997 comte
1688 2960 1734 2996 de
1755 2959 1912 3008 Gayace,
1938 2958 2007 3004 ,seit

225 3032 298 3056 aux
317 3019 410 3057 diets
430 3019 629 3069 capitaines
650 3019 823 3066 Franqois
837 3032 887 3056 uu
902 3021 1067 3068 banquet
1084 3022 1165 3058 tant
1184 3019 1360 3067 solennel,
1379 3032 1450 3068 que
1465 3020 1509 3057 de
1523 3023 1644 3057 toutes
1661 3019 1814 3056 viandes
1835 3018 2007 3067 exquises

225 3083 263 3116 et
281 3078 443 3127 plaisans
459 3080 627 3117 deduicts
646 3079 767 3117 furent
786 3091 915 3127 repeus
934 3084 971 3116 et
987 3080 1163 3129 l'estoyez.
1191 3080 1339 3117 Dedans
1358 3092 1408 3117 un
1423 3080 1544 3129 jardin
1564 3079 1627 3128 qui
1649 3078 1757 3117 estoit
1779 3091 1826 3115 au
1847 3078 2007 3115 cardinal

224 3138 408 3188 Ascaigne
437 3139 513 3177 seut
532 3139 618 3177 faict
645 3139 753 3188 celuy
777 3139 952 3187 banquet,
985 3140 1120 3188 auquel
1146 3144 1316 3190 estoyent
1346 3151 1536 3189 orangers,
1564 3138 1793 3184 citronniers,
1819 3142 1855 3175 et
1874 3149 2005 3186 grena-

225 3197 338 3243 diers,
359 3202 396 3236 et
413 3202 535 3236 autres
560 3199 686 3235 arbres
705 3198 884 3236 fruictiers
910 3198 955 3235 de
977 3199 1174 3248 singuliere
1192 3199 1334 3245 estime,
1364 3204 1401 3237 et
1425 3200 1536 3236 sseurs
1563 3199 1758 3236 odorantes
1779 3199 1824 3234 de
1844 3198 2005 3234 diverses

225 3260 394 3305 especes.
423 3259 470 3305 ¹Et
504 3258 558 3295 les
577 3259 762 3303 ohannes,
791 3258 1038 3304 menestriers,
1064 3258 1278 3307 tragediens
1309 3264 1346 3297 et
1370 3258 1592 3303 comediens,
1626 3262 1711 3295 tous
1739 3269 1806 3306 par
1839 3256 1958 3300 ordre,
1980 3267 2002 3303 y

226 3319 435 3363 exercerent
457 3317 536 3355 leur
554 3318 711 3356 mestier.
740 3317 855 3367 Celuy
876 3318 1040 3367 banquet
1059 3318 1148 3367 finy,
1176 3318 1229 3356 les
1261 3319 1433 3365 Francois
1454 3318 1606 3355 allerent
1631 3316 1785 3365 prendre
1815 3316 1932 3362 conge
1953 3314 2001 3350 du

224 3374 350 3413 Sainct
379 3377 483 3422 Pere,
515 3381 552 3415 et
568 3376 686 3414 dirent
716 3377 823 3415 adieu
854 3380 876 3415 a
901 3377 978 3415 leur
1008 3379 1129 3416 hoste.
1164 3378 1209 3415 Et
1240 3391 1279 3416 ce
1309 3378 1406 3424 faict,
1436 3379 1688 3415 retournerent
1713 3386 1760 3411 au
1787 3385 1904 3422 camp,
1938 3373 2003 3420 qui

219 3446 370 3472 encores
391 3436 498 3473 estoit
515 3436 650 3473 devant
668 3437 783 3474 Rome
800 3440 821 3474 a
842 3437 1008 3485 sejour...
1031 3452 1050 3470 »
1072 3439 1161 3474 Jean
1180 3438 1352 3482 d'Auton,
1375 3438 1482 3485 chap.
1505 3448 1602 3480 xmx,
1619 3447 1660 3482 p.
1683 3434 1768 3477 169,
1793 3434 1874 3469 170.
1899 3431 1998 3480 Voy.

223 3495 323 3532 aussi
342 3494 495 3542 Sanuto,
516 3498 543 3532 t.
566 3496 628 3540 IV,
649 3495 720 3536 col.
746 3497 805 3533 61.
