2202 3918
268 393 339 429 370
876 389 1108 426 JOHANNIS
1144 388 1438 435 BURCHARDI,
1713 389 1926 429 [Novembre
1950 390 2042 431 1504]

270 494 319 541 in
338 492 569 551 mamilla,
595 492 808 540 secundo
831 492 879 538 in
901 495 1118 555 pectore,
1146 491 1289 540 tertio
1311 491 1408 539 ictu
1435 491 1484 537 in
1509 490 1666 553 capite
1698 506 1848 553 usque
1886 492 1946 539 ad
1968 507 2065 543 ce-.

269 577 491 635 rebrum,
517 580 563 623 et
587 575 704 639 ipsis
727 576 1146 623 retrocedentibus
1173 578 1222 624 et
1254 574 1582 622 dubitantibus
1613 589 1720 621 eam
1756 590 1854 622 non
1895 575 2039 633 mori,

267 659 461 707 intravit
483 675 607 706 unus
633 661 681 706 et
702 657 906 706 abscidit
934 658 977 705 ei
999 662 1163 723 guttur
1184 675 1337 722 usque
1367 658 1427 705 ad
1453 673 1563 705 ossa
1586 657 1716 705 colli.
1755 657 1861 704 Fuit
1883 658 2043 706 statim

268 742 550 789 nunciatum
571 744 593 788 J
602 741 695 789 ulie
721 741 881 789 sorori
903 756 988 789 sue
1005 758 1098 804 que
1120 741 1248 789 misit
1275 757 1364 805 pro
1397 756 1470 800 ea,
1508 744 1555 788 et
1575 739 1691 787 fecit
1729 755 1837 788 eam
1861 741 1972 788 duci
1997 741 2046 788 in

268 828 484 872 castrum
503 824 790 884 Bassanelli,
816 824 897 871 ubi
926 828 997 872 est
1022 825 1227 888 sepulta.
1256 824 1577 872 Detinuerunt
1598 822 1744 871 etiam
1759 825 1797 870 N
1803 839 1978 871 annem
2001 828 2047 871 et

264 907 606 972 presbyterum
629 907 959 955 Guillielmum
983 907 1193 967 Andree,
1222 924 1379 971 nuper
1398 923 1485 971 per
1505 922 1582 954 me
1605 905 1898 966 ordinatum,
1924 922 2044 969 quos

266 990 509 1038 duxerunt
533 991 594 1038 ad
616 990 915 1049 Mall‘ianum,
943 991 1000 1038 ad
1024 993 1079 1038 D.
1094 990 1406 1038 Laurentium
1426 990 1485 1037 de
1508 992 1642 1049 Cera,
1667 988 1748 1037 ubi
1764 988 1961 1036 suerunt
1983 989 2042 1036 ab

265 1074 367 1138 ejus
391 1073 594 1121 notariis
619 1073 906 1133 examinati;
935 1078 983 1122 et
1004 1074 1227 1137 deposuit
1246 1076 1439 1122 Nannes
1480 1088 1530 1121 se
1566 1074 1787 1136 portasse
1825 1071 1884 1119 de
1917 1072 2042 1120 Urbe

261 1173 500 1205 venenum
525 1172 620 1221 quo
642 1158 834 1206 volebat
864 1157 1019 1221 ipsam
1051 1157 1400 1222 Hieronymam
1433 1171 1720 1215 venenasse,
1753 1158 1811 1203 D.
1845 1154 2041 1214 Julium,

261 1240 365 1304 ejus
386 1240 555 1300 filium,
585 1243 633 1289 et
656 1240 822 1304 plures
845 1240 965 1288 alios
984 1256 1040 1288 ac
1062 1255 1231 1289 omnes
1257 1240 1569 1305 presbyteros
1591 1240 1651 1288 de
1676 1238 1839 1288 Stabia
1859 1242 1906 1285 et
1930 1253 2044 1301 qua—

259 1326 373 1371 tuor
395 1323 577 1372 incolas
603 1323 823 1388 ejusdem
849 1328 997 1384 terre,
1027 1327 1074 1372 et
1099 1339 1150 1372 se
1171 1324 1332 1372 facere
1353 1323 1617 1382 dominam,
1642 1326 1690 1371 et
1710 1321 1862 1369 multa
1875 1321 1969 1369 alia
1983 1321 2042 1369 de

259 1406 517 1455 adulterio.
559 1407 841 1455 Gullielmus
873 1407 932 1456 de
968 1408 1161 1456 Andrea
1195 1408 1253 1455 de
1292 1407 1527 1456 adulterio
1562 1406 1812 1454 confessus
1846 1407 1943 1464 est3
1983 1404 2042 1452 de

258 1505 443 1538 veneno
477 1490 601 1538 dixit
626 1506 676 1538 se
699 1491 906 1538 nescire.
934 1493 986 1538 In
1014 1506 1125 1539 sero
1161 1491 1403 1553 sequenti,
1437 1489 1714 1538 licentiatus
1744 1488 1830 1536 suit
1851 1491 2043 1536 Nannes

258 1576 311 1620 ut
338 1572 518 1621 rediret
542 1572 780 1632 Stabiam;
810 1577 857 1621 et
887 1588 999 1621 cum
1036 1578 1164 1621 esset
1200 1589 1374 1637 parum
1408 1576 1544 1621 extra
1579 1572 1877 1631 Mallianum,
1917 1570 2042 1620 inse-

257 1656 389 1719 quuti
412 1659 522 1705 sunt
554 1672 667 1704 eum
690 1656 812 1705 certi
844 1657 1074 1704 satellites
1100 1656 1159 1705 de
1189 1656 1416 1704 Malliano
1446 1655 1527 1719 qui
1552 1655 1836 1704 occiderunt
1862 1669 1972 1703 eum
1993 1658 2042 1702 et

258 1755 431 1802 parum
459 1739 704 1788 subterra
729 1740 1045 1804 sepelierunt.
1075 1741 1475 1803 Supervenerunt
1507 1738 1609 1802 lupi
1642 1743 1690 1787 et
1723 1737 2042 1786 comederunt

257 1822 488 1884 cadaver;
518 1823 639 1871 nihil
664 1823 899 1872 deterius.

323 1906 552 1966 Sabbata,
584 1910 611 1954 2
633 1907 927 1966 novembriS‚
954 1907 1044 1954 fuit
1077 1906 1225 1954 missa
1266 1907 1610 1955 defunctorum
1643 1905 1693 1953 in
1727 1906 1914 1970 capella
1939 1921 2042 1954 ma-

256 1985 372 2052 jori,
409 2005 553 2052 quam
583 1989 841 2037 celebravit
872 1989 1134 2037 cardinalis
1159 1989 1530 2048 Volaterranus,
1563 1992 1694 2052 Papa
1720 1991 1963 2052 presente,
1981 1989 2040 2038 ‚in

243 2087 410 2135 ‚cappa
433 2072 493 2119 de
518 2078 683 2120 rosato
707 2075 754 2119 et
775 2072 934 2132 mitra,
955 2072 1085 2135 quia,
1114 2075 1374 2135 antequam
1407 2072 1574 2131 exiret,
1606 2072 1704 2119 dixi
1732 2072 1776 2119 ei
1801 2073 1860 2120 de
1882 2073 2039 2120 diver-

255 2154 396 2202 sitate
417 2154 637 2214 habitus;
668 2159 715 2203 et
735 2155 918 2219 placuit
939 2159 986 2202 et
1021 2155 1113 2203 iste
1135 2154 1215 2217 qui
1237 2155 1489 2204 videbatur
1504 2154 1711 2202 multum
1729 2169 1897 2201 novus.
1919 2157 2038 2202 Post

254 2237 467 2298 missam,
494 2241 640 2302 Papa,
671 2239 891 2302 deposita
911 2238 1074 2298 mitra,
1097 2239 1289 2302 accepit
1315 2239 1522 2303 pluviale
1555 2237 1758 2286 rubrum
1795 2253 1906 2286 cum
1940 2253 2034 2300 quo

254 2320 457 2369 absolvit
479 2323 526 2369 et
549 2321 696 2369 rediit
721 2338 828 2369 cum
856 2337 927 2375 eo,>
939 2321 1000 2369 ad
1026 2321 1280 2384 capellam.

318 2405 406 2452 Die
452 2404 642 2464 martiS,
685 2409 711 2453 5
753 2407 1049 2465 novembris,
1088 2410 1145 2454 D.
1187 2405 1469 2454 Dominicus
1514 2407 1790 2457 Jacobatius
1830 2407 2034 2456 initiavit

251 2488 468 2552 primum
494 2503 569 2547 se3
597 2490 912 2552 sequentibus
935 2490 1121 2549 diebus,
1152 2490 1411 2554 episcopus
1434 2492 1685 2538 Massanus
1708 2491 1941 2540 liberatus
1965 2495 2038 2539 est

252 2569 313 2617 de
335 2569 617 2617 carceribus
641 2573 688 2618 et
709 2571 963 2619 constituit
987 2576 1335 2635 procuratores
1357 2571 1417 2618 ad
1447 2570 1797 2634 resignandum
1830 2572 2037 2636 scripto-

250 2652 375 2700 riam
399 2657 445 2700 et
466 2652 563 2700 alia
584 2653 749 2703 officia
770 2655 820 2703 in
841 2655 1065 2704 manibus
1089 2657 1236 2719 Pape,
1267 2658 1315 2703 et
1337 2654 1466 2702 ultra
1489 2655 1584 2702 hoc
1606 2654 1746 2703 solvit
1767 2658 1876 2703 octo
1902 2655 2034 2704 mille

252 2736 454 2785 ducatos
475 2736 548 2783 vel
574 2737 721 2786 circa.
753 2742 962 2803 Reperte
989 2743 1099 2787 sunt
1137 2738 1289 2787 multe
1324 2738 1417 2786 alie
1451 2737 1650 2785 fraudes
1679 2738 1739 2785 de
1776 2738 1949 2801 quibus
1984 2738 2034 2785 in

249 2834 485 2882 processu
508 2839 604 2871 non
628 2823 720 2870 fuit
736 2822 929 2880 scitum,
955 2824 1102 2885 prout
1128 2822 1342 2870 decanus
1367 2819 1487 2867 mihi
1513 2819 1691 2867 retulit.

315 2905 540 2964 Veneris,
568 2908 594 2951 8
622 2904 917 2963 novembris,
960 2904 1049 2951 fuit
1085 2902 1431 2951 consistorium
1464 2905 1725 2960 secretum,
1764 2901 1814 2948 in
1849 2917 1944 2964 quo
1970 2905 2026 2951 D.

251 2984 500 3052 Philippus
522 2989 581 3036 de
607 2988 910 3052 Rosemberg
927 2987 1013 3035 fuit
1036 2986 1357 3034 confirmatus
1371 2987 1552 3034 electus
1569 2985 1828 3050 SpirensiS,
1856 2990 1901 3032 et
1924 2987 2029 3050 ejus

249 3071 488 3120 beneficia
508 3072 664 3120 tribus
687 3072 908 3135 personis
934 3072 1064 3119 data.

312 3156 560 3215 Mercurii,
610 3158 670 3203 20
728 3155 1022 3213 novembris,
1067 3154 1158 3202 fuit
1192 3155 1304 3202 data
1337 3154 1578 3202 sententia
1620 3154 1669 3201 in
1709 3157 1816 3202 rota
1857 3156 2030 3203 contra

248 3239 585 3287 Sebastianum
625 3237 905 3297 Pinzonum,
957 3237 1251 3299 scriptorem
1293 3237 1632 3299 apostolieum,
1673 3236 1925 3285 absentem
1967 3237 2028 3286 ob

247 3321 620 3379 contumaciam,
647 3318 930 3384 privationis
956 3318 1173 3366 omnium
1190 3317 1545 3366 beneficiorum
1565 3322 1613 3367 et
1639 3319 1916 3368 officiorum
1938 3335 2025 3384 pro

245 3418 302 3450 eo
329 3405 457 3466 quod
490 3398 787 3452 cardinalem
816 3402 1158 3461 Mutinensem,
1188 3404 1450 3464 patronum
1489 3418 1647 3463 suum,
1676 3402 2021 3462 interemisset,

243 3486 321 3548 qui
345 3503 455 3533 eum
478 3488 538 3535 de
564 3490 782 3536 stercore
811 3489 1073 3535 exemerat.
