2248 3892
250 359 283 382 vi
773 328 1090 376 SUPPLEMENT
1119 340 1149 376 A
1179 339 1509 377 L’APPENDICE.

249 445 403 500 gratiis
421 452 757 496 prosequamur.
782 440 959 481 Dudum
981 441 1017 482 si
1039 441 1220 493 quidem
1239 443 1385 482 tecum
1405 444 1524 490 tunc,
1552 440 1665 480 sicut
1687 439 1956 491 accepimus,
1977 441 2023 482 in

251 514 374 554 sexto
412 513 484 550 tue
509 507 638 548 etatis
668 506 923 557 constituto,
961 518 1094 558 super
1128 507 1300 548 defectu
1332 507 1547 547 natalium
1585 517 1718 557 quem
1760 506 1943 557 pateris,
1967 505 2022 546 de

252 578 457 629 episcopo
481 572 693 614 cardinali
709 572 887 624 genitus
908 575 949 613 et
974 573 1212 626 conjugata
1232 576 1280 613 ut
1303 572 1633 624 quamprimum
1656 571 1895 623 septimum
1916 571 2030 612 dicte

254 641 382 684 etatis
413 650 580 680 annum
611 638 862 689 attingeres,
897 638 1084 679 clericali
1118 642 1336 680 caractere
1366 638 1583 690 insigniri,
1618 640 1736 678 etc...
1772 638 1852 678 tibi
1884 648 2035 678 conce-

256 706 398 748 dendo
420 705 587 746 nullam
611 703 666 744 de
690 703 864 744 defectu
890 705 1104 745 natalium
1124 707 1167 746 et
1199 704 1529 757 dispensatione
1548 703 1808 756 hujusmodi
1839 705 2031 745 mentio-

253 784 355 814 nem
374 770 518 811 facere
543 768 739 810 tenearis
746 800 825 810 .....
834 801 844 819 ,
870 772 919 809 ut
952 769 988 809 si
1009 769 1063 809 de
1086 770 1284 822 legitimo
1309 770 1434 810 thoro
1456 771 1591 809 natus
1615 779 1753 819 esses,
1793 780 1873 820 per
1904 781 2034 822 quas-

255 839 358 879 dam
383 837 588 887 litteras,
636 837 779 886 primo
811 836 1006 888 gratiose
1063 835 1438 887 dispensavimus,
1477 834 1781 876 concessimus
1818 837 1861 876 et
1905 835 2037 876 etiam

254 903 589 945 indulsimus...
625 905 669 942 et
698 900 856 942 deinde
888 901 1190 942 venerabilem
1212 901 1393 942 fratrem
1420 904 1623 942 nostrum
1656 900 1916 941 Rodericum
1948 901 2038 953 epi-

255 981 416 1021 copum
439 969 743 1016 Portuensem,
766 967 811 1007 S.
846 969 895 1008 R.
925 967 974 1007 E.
1009 967 1442 1018 vicecancellarium,
1474 969 1596 1007 motu
1630 966 1777 1015 simili,
1812 977 1893 1018 par
1928 966 2037 1007 alias

255 1038 431 1076 nostras
461 1033 646 1084 litteras,
687 1033 887 1073 omnium
927 1036 969 1073 et
1009 1033 1286 1085 singulorum
1320 1034 1708 1083 monasteriorum,
1744 1032 2038 1084 prioratuum,

255 1100 651 1154 prepositurarum,
681 1098 1022 1139 canonicatuum
1047 1101 1089 1138 et
1112 1098 1443 1149 prebendarum
1472 1110 1522 1139 ac
1543 1098 1804 1151 dignitatem
1832 1109 2041 1149 persona-

257 1171 398 1215 tuum,
436 1165 868 1205 administrationum
889 1166 932 1205 et
965 1163 1228 1214 officiorum,
1262 1165 1538 1216 aliorumque
1562 1162 1879 1204 beneficiorum
1905 1163 2036 1204 eccle-

258 1232 552 1280 siasticorum,
577 1242 677 1271 cum
696 1242 799 1271 cura
824 1233 866 1271 et
888 1231 982 1270 sine
1010 1242 1115 1271 cura
1137 1242 1221 1282 que
1241 1231 1286 1270 in
1314 1230 1491 1271 titulum
1514 1231 1583 1271 vel
1607 1229 2036 1271 commendationem

257 1299 363 1337 tunc
378 1297 628 1347 obtinebas,
651 1300 693 1337 et
707 1297 753 1336 in
767 1300 997 1348 posterum
1013 1296 1253 1346 obtineres,
1270 1307 1504 1348 usquequo
1523 1300 1571 1336 tu
1587 1299 1796 1348 quartum
1817 1295 2037 1337 decimum

257 1362 386 1402 etatis
400 1362 662 1414 hujusmodi
683 1373 850 1402 annum
872 1362 1199 1413 complevisseS‚
1221 1362 1649 1402 administrationem
1663 1362 1710 1402 in
1733 1362 2038 1413 spiritualibus

258 1431 301 1468 et
331 1428 654 1478 temporalibus
695 1428 949 1480 generalem
980 1427 1167 1467 fecimus
1203 1430 1246 1467 et
1276 1428 1684 1478 deputavimus;....
1725 1430 1869 1479 etqui
1905 1427 2037 1468 etiam

260 1492 509 1544 accepimus
530 1493 575 1533 in
603 1492 718 1533 dicto
747 1493 933 1543 septimo
955 1494 1030 1532 tue
1055 1493 1184 1533 etatis
1215 1504 1330 1533 anno
1351 1494 1617 1534 constitutus
1651 1493 1870 1534 existis...
1908 1495 1958 1533 ut
1982 1493 2039 1533 si-

257 1560 422 1600 militer
442 1559 692 1609 accepimus
714 1557 856 1597 dilecti
890 1556 969 1596 filii
988 1557 1130 1597 nostri
1162 1558 1368 1598 Ludovici
1389 1559 1602 1598 Johannis
1626 1559 1741 1598 tituli
1775 1559 2035 1599 Sanctorum

259 1628 452 1676 quatuor
489 1625 807 1665 Coronatorum
849 1622 1080 1662 Presbiteri
1111 1622 1355 1663 Cardinalis
1377 1623 1434 1673 (1)
1457 1634 1598 1674 nepos
1630 1623 1832 1663 existis...
1867 1623 1936 1664 Sic
1959 1623 2037 1664 tibi

261 1690 391 1731 etiam
411 1702 490 1742 per
506 1689 671 1730 dictum
693 1688 953 1729 Rodericum
974 1688 1241 1740 Episcopum
1261 1691 1304 1728 et
1318 1690 1415 1729 Vice
1436 1689 1769 1739 Cancellarium,
1791 1689 2037 1742 genitorem

260 1760 402 1806 tuum,
431 1767 663 1808 usquequo
691 1755 858 1796 dictum
883 1756 1055 1794 sextum
1077 1754 1296 1794 decimum
1319 1757 1394 1794 tue
1412 1754 1545 1794 etatis
1578 1765 1744 1794 annum
1775 1754 1972 1807 attigeris
1995 1756 2038 1794 et

262 1822 419 1862 deinde
435 1823 479 1862 in
499 1823 675 1863 titulum
695 1822 842 1874 quoad
862 1821 1034 1868 vixeris,
1052 1823 1101 1860 ut
1118 1820 1351 1872 perfertur,
1374 1820 1580 1869 retinere,
1598 1820 1804 1871 dictoque
1826 1820 2034 1870 episcopo

259 1887 620 1928 VicecancellarIO
645 1888 846 1940 genitore
867 1890 943 1928 tuo
963 1887 1008 1926 in
1024 1886 1382 1927 archidiaconatu
1403 1889 1444 1926 et
1458 1886 1652 1926 Ecclesia
1675 1885 1728 1926 de
1744 1884 1912 1926 Gandia
1930 1885 2058 1937 (Χα-“

262 1952 353 1990 tiva
367 1951 402 2004 52)
418 1963 500 1992 nec
514 1964 603 1992 non
623 1953 902 2004 prepositura
926 1953 1120 2003 predicta
1128 1982 1206 1991 .....
1225 1953 1357 1992 etiam
1372 1951 1715 2002 incompatibilia
1732 1950 1947 1991 beneficia
1961 1952 2037 1991 hu·

255 2017 453 2067 jusmodi
469 2018 721 2058 immediate
737 2016 1015 2068 possidisset,
1037 2029 1117 2057 nec
1131 2029 1220 2058 non
1237 2017 1451 2058 natalium
1467 2020 1509 2056 et
1527 2017 1657 2057 etatis
1679 2016 1935 2057 huiusmodi
1964 2016 2039 2056 de-

259 2081 496 2122 fectibus...
533 2083 790 2123 auctoritate
823 2083 1062 2134 apostolica
1097 2086 1249 2123 tenore
1286 2082 1628 2134 presentium....
1653 2082 2034 2133 dispensamus....

260 2147 479 2198 (Largitur
510 2148 570 2188 illi
594 2147 996 2188 archidiaconatum
1018 2143 1071 2208 de
1095 2147 1281 2199 Xativa).
1308 2149 1470 2188 Datum
1494 2148 1643 2197 Rome,
1666 2148 1775 2187 XVII
1801 2147 1893 2186 Kal.
1921 2149 2032 2197 sept.

261 2210 378 2253 1482.

955 2437 1005 2479 929
1031 2450 1193 2479 JANVOER
1218 2437 1337 2478 1483.

314 2567 365 2605 Ν0
399 2564 491 2604 941.
526 2554 840 2605 Enumeration
881 2564 959 2604 des
987 2565 1158 2603 tuteurs
1200 2565 1243 2603 et
1272 2565 1501 2603 curateurs
1539 2563 1592 2603 de
1623 2564 1731 2604 Jean
1767 2563 1820 2603 de
1855 2564 2038 2616 Borgia‚

263 2628 492 2670 deuxieme
511 2629 593 2670 duc
618 2630 671 2670 de
696 2629 862 2670 Gandie
893 2632 935 2669 et
965 2629 1156 2681 premier
1180 2629 1232 2669 de
1258 2640 1305 2669 ce
1332 2640 1451 2670 nom.
1479 2631 1599 2680 (Acte
1626 2628 1815 2681 original
1842 2640 1918 2669 sur
1938 2640 2039 2680 par-

262 2695 433 2735 chemin
456 2707 561 2737 avec
584 2696 734 2736 lettres
752 2695 942 2735 initiales
971 2706 1027 2734 en
1054 2706 1103 2734 or
1132 2697 1175 2735 et
1203 2706 1255 2734 en
1280 2695 1493 2744 couleur.)
1517 2696 1594 2734 Est
1615 2693 1722 2735 ecrit
1745 2704 1799 2733 en
1822 2694 2036 2746 gothique

261 2761 301 2800 le
322 2760 420 2801 titre
437 2761 613 2802 suivant
637 2774 645 2801 :
675 2774 695 2799 (<
719 2763 1065 2801 Instrumentum
1089 2761 1225 2800 tutele
1247 2760 1554 2800 DniJohannis
1571 2759 1625 2800 de
1641 2758 1784 2812 BorJa.
1807 2775 1823 2794 ι

319 2876 337 2898 «
354 2863 400 2902 In
415 2862 592 2903 nomine
607 2862 781 2902 Domini
797 2864 949 2902 Anien.
965 2863 1114 2902 Pateat
1137 2862 1339 2902 omnibus
1362 2862 1550 2913 qualiter
1568 2872 1684 2902 anno
1703 2860 1943 2902 nativitatis
1960 2862 2042 2900 Do-

262 2927 420 2967 minice
435 2928 669 2967 millesimo
684 2926 1122 2978 quadringentesimo
1138 2927 1439 2979 octuagesimo
1456 2927 1597 2976 tertio,
1611 2926 1681 2966 die
1692 2925 1906 2978 vigesima
1924 2937 2039 2966 nona

258 2993 465 3044 januarii,
494 2991 731 3032 indictione
753 2992 908 3042 prima,
935 2991 1216 3032 Pontificatus
1245 2992 1518 3032 Sanctissimi
1538 2992 1620 3032 Dni
1647 2990 1790 3031 Nostri
1806 2990 1889 3030 Dni
1916 2990 2038 3040 Sixti,

263 3058 409 3099 divina
423 3057 697 3099 Providentia
713 3058 826 3108 Pape
841 3057 999 3108 quarti,
1027 3068 1141 3097 anno
1163 3057 1439 3106 duodecimo,
1463 3057 1724 3096 constitutus
1746 3056 2042 3106 personaliter

263 3125 398 3164 Rmus
415 3123 567 3163 Presul
585 3126 626 3163 et
640 3124 778 3171 Dnus,
797 3124 918 3162 Dnus
938 3121 1175 3163 Rodericus
1187 3122 1241 3162 de
1260 3122 1388 3174 BorJa
1400 3121 1642 3173 Episcopus
1658 3120 1925 3169 portuensis,
1940 3121 2041 3162 Car-

262 3189 418 3228 dinalis
433 3187 687 3228 Valentinus
708 3190 750 3227 et
766 3188 921 3227 Sancte
947 3188 1140 3228 Romane
1160 3187 1350 3227 Ecclesie
1370 3184 1758 3226 Vicecancellarius
1793 3196 1939 3225 coram
1965 3187 2042 3226 Re-

262 3253 451 3294 verendo
468 3253 645 3294 Presule
662 3255 754 3294 Dno
768 3254 787 3292 J
793 3252 964 3292 ohanne
974 3252 1130 3292 Prioris
1143 3254 1428 3292 Decretorum
1442 3250 1618 3290 doctore
1627 3250 1809 3290 Basilice
1822 3251 1899 3290 Bte
1908 3251 2040 3291 Marie

264 3320 300 3357 M
305 3318 448 3367 ajoris.
459 3349 484 3358 ..
500 3320 604 3359 Item
621 3320 756 3359 Rmus
767 3318 1286 3359 DnusVicecancellarius
1301 3326 1504 3356 asserens
1521 3326 1567 3355 se
1583 3326 1633 3355 ex
1649 3326 1700 3354 ea
1713 3316 1891 3356 caritate
1906 3327 2039 3368 quam

307 3448 336 3479 1.
360 3447 437 3478 Don
460 3448 538 3480 Luts
558 3449 647 3481 Juan
666 3448 709 3480 de
729 3448 824 3489 Mila,
845 3447 900 3480 fils
921 3447 963 3480 de
982 3443 1078 3479 dosia
1097 3446 1258 3480 Catcrina
1285 3447 1328 3480 de
1355 3445 1470 3488 Borja‚
1490 3454 1586 3478 soeur
1606 3445 1650 3478 de
1674 3445 1819 3478 Callixte
1839 3445 1898 3478 111.
