2228 3938
152 378 258 420 [Αῡΰιι
281 379 373 418 1501]
605 376 773 415 RERUM
809 373 1107 413 URBANARUM
1137 372 1490 411 COMMENTARII.
1865 376 1933 411 155

153 481 281 530 dicto
309 479 560 544 capitaneo
581 496 590 539 ;
621 481 725 545 ipse
755 482 916 529 autem
938 477 1092 526 abiret
1113 492 1209 541 quo
1235 477 1391 541 magis
1413 477 1555 526 vellet
1577 476 1758 540 absque
1778 476 1934 542 impe-

153 564 368 612 dimento
391 564 598 628 alicujus
620 563 701 629 (1).

219 647 358 697 Feria
376 648 561 712 quinta,
587 651 614 696 5
640 646 754 694 dicti
775 644 956 694 mensis
977 646 1188 709 augusti,
1213 645 1338 695 hora
1355 648 1578 711 septima,
1606 649 1662 695 D.
1687 645 1934 695 Johannes

153 731 412 780 cardinalis
434 734 706 795 CapuanuS,
736 733 905 789 Rome,
932 730 1059 793 apud
1080 746 1118 777 s.
1147 732 1366 791 Petrum,
1391 731 1441 778 in
1458 730 1642 795 palatio
1665 729 1933 794 apostolico

150 815 198 863 in
220 830 416 864 camera
436 829 521 862 sue
541 813 853 862 habitationis
871 812 1035 862 emisit
1057 812 1293 877 spiritum,
1320 815 1458 879 cujus
1480 813 1643 862 anima
1661 813 1936 878 requiescat

151 900 197 948 in
223 914 361 964 pace,
385 914 544 948 amen.

217 983 324 1043 Hic,
357 985 467 1031 ante
501 982 687 1030 obitum
723 996 880 1041 suum,
918 980 1067 1045 elegit
1100 981 1192 1029 sib'i
1219 981 1522 1045 sepulturam
1546 981 1595 1029 in
1625 981 1811 1046 capella
1841 981 1936 1029 Ca-

147 1066 251 1114 lixti
282 1066 332 1114 in
363 1065 564 1114 basilica
591 1082 631 1114 s.
662 1064 789 1114 Petri
821 1067 868 1112 et
895 1064 1047 1114 noluit
1071 1065 1256 1123 testari,
1288 1065 1375 1114 sed
1396 1065 1590 1129 reliquit
1615 1065 1780 1114 omnia
1808 1065 1937 1113 bona

150 1165 238 1197 sua
276 1148 581 1214 dispositioni
611 1153 658 1197 et
690 1163 825 1196 mero
858 1148 1057 1197 arbitrio
1091 1150 1175 1197 SS.
1213 1150 1271 1196 D.
1306 1151 1362 1198 N.
1399 1152 1557 1213 Pape;
1598 1153 1647 1198 et
1687 1149 1799 1212 quia
1836 1163 1933 1197 non

148 1231 704 1282 videbatur-conveniens
722 1230 851 1295 quod
872 1231 1141 1280 cardinales
1161 1231 1476 1281 convenirent
1504 1231 1553 1279 in
1578 1231 1757 1296 palatio
1784 1247 1934 1295 prop-

148 1319 223 1364 ter
242 1315 428 1367 obitum
449 1315 707 1363 cardinalis
723 1315 1023 1380 hujusmodi,
1047 1330 1159 1364 cum
1178 1330 1265 1380 pro
1287 1316 1391 1364 solo
1413 1318 1546 1380 Papa
1564 1315 1613 1363 id
1632 1314 1738 1363 fieri
1758 1314 1934 1364 debeat

147 1402 194 1447 et
233 1399 379 1447 etiam
408 1413 600 1447 camere
623 1398 880 1447 cardinalis
917 1399 1133 1448 defuncti
1168 1404 1305 1448 erant
1337 1400 1504 1448 stricte
1534 1399 1596 1448 ad
1627 1398 1931 1463 recipiendos

147 1482 434 1542 cardinales,
458 1486 652 1546 portare
678 1481 772 1530 feci
797 1483 943 1531 etiam
964 1482 1248 1532 defunctum
1268 1483 1317 1532 in
1338 1483 1537 1531 domum
1559 1499 1697 1531 suam
1715 1483 1764 1530 in
1787 1487 1930 1531 nocte

145 1569 353 1624 secreto,
384 1569 452 1625 ut,
485 1565 565 1613 ubi
596 1566 866 1614 cardinales
889 1566 1220 1627 convenirent,
1251 1567 1423 1615 fuisset
1448 1566 1593 1614 nimis
1616 1566 1856 1615 tediosum
1881 1570 1932 1614 et

144 1648 264 1697 forte
290 1648 609 1697 ridiculosum
631 1664 718 1698 seu
736 1649 1016 1709 ludibrium,
1038 1655 1085 1698 et
1110 1654 1314 1714 propter
1336 1650 1544 1699 fetorem
1567 1651 1695 1716 (cum
1715 1665 1813 1698 non
1839 1665 1928 1714 po-

147 1731 315 1780 tuisset
346 1732 609 1795 ipsummet
643 1747 819 1796 corpus
851 1732 1015 1782 tandiu
1040 1732 1330 1797 conservari)
1362 1733 1692 1797 periculosum
1717 1736 1764 1782 et
1787 1732 1924 1782 valde

145 1815 525 1874 incommodum,
550 1831 660 1864 cum
693 1816 942 1866 debuisset
971 1817 1158 1881 portari
1189 1818 1250 1866 ad
1276 1834 1316 1866 s,
1352 1820 1550 1866 Petrum
1571 1817 1922 1882 sepeliendum.

149 1899 425 1964 Significavi
456 1899 549 1948 hec
572 1900 735 1948 omnia
763 1904 902 1949 Rmo-.
934 1903 992 1949 D.
1027 1902 1262 1950 cardinali
1294 1902 1556 1951 Mutinensi
1586 1907 1634 1950 et
1664 1901 1927 1965 supplicavi

145 1987 196 2030 ut
216 1983 379 2030 SS.‘D.
407 1986 575 2031 noster
593 1983 675 2045 qui
699 1987 801 2032 erat
821 1983 870 2031 in
893 1987 1139 2043 Frascato,
1165 1984 1438 2034 notificaret
1457 2001 1546 2049 per
1572 1985 1783 2034 celerem
1806 2000 1927 2032 nun-

142 2065 278 2125 tium,
303 2069 351 2114 et
377 2066 508 2128 quod
534 2082 681 2130 super
705 2067 783 2115 his
809 2068 1091 2116 mandatum
1119 2069 1395 2118 Sanctitatis
1423 2085 1505 2119 sue
1534 2073 1921 2134 expectaremuS.

141 2149 225 2197 SS.
271 2151 330 2197 D.
360 2152 533 2197 ‘noster
560 2149 738 2199 habitis
769 2151 819 2199 in
856 2155 1083 2201 Frascato
1117 2153 1311 2213 litteris,
1346 2154 1477 2203 misit
1497 2153 1558 2201 ad
1590 2169 1679 2202 nos
1715 2156 1774 2202 D.
1813 2153 1925 2202 Ber-

138 2232 394 2281 nardinum
430 2234 719 2294 Gutterium,
755 2235 942 2283 socium
970 2251 1154 2295 meum,
1185 2253 1296 2285 cum
1331 2237 1672 2286 commissione
1707 2237 1838 2300 quod
1871 2236 1920 2285 in

138 2321 280 2366 nocte
299 2317 588 2381 sepeliretur
610 2319 661 2367 in
681 2318 790 2367 loco
811 2335 898 2383 per
915 2319 1195 2369 defunctum
1216 2321 1389 2382 electo,
1415 2325 1550 2370 extra
1574 2326 1741 2371 tamen
1765 2320 1918 2386 sepul-

109 2406 113 2410 “
140 2402 295 2447 turam
319 2400 504 2449 Calixti.
531 2401 700 2465 Igitur,
725 2402 884 2466 prima
903 2403 1026 2452 hora
1053 2405 1227 2463 noctis,
1260 2404 1517 2454 defunctus
1545 2410 1740 2470 paratus
1762 2405 1923 2454 omni-

138 2482 227 2529 bus
251 2484 550 2547 paramentis
579 2485 805 2533 violaceis
834 2485 894 2535 de
924 2486 1092 2536 taffeta
1122 2488 1276 2548 novis,
1307 2489 1454 2553 pallio
1483 2505 1629 2554 super
1654 2489 1918 2554 planetam,

138 2565 268 2629 quod
291 2581 388 2614 non
409 2566 610 2626 adverti,
642 2568 756 2631 quia
784 2584 863 2618 me
888 2569 1087 2619 absente
1117 2570 1205 2620 fuit
1235 2571 1450 2621 indutus.
1479 2572 1698 2637 Debebat
1721 2572 1919 2636 pallium

185 2778 218 2813 1.
247 2776 313 2813 Cet
333 2791 352 2810 «
372 2776 668 2825 appoinctement
688 2791 707 2813 »
727 2778 782 2815 fut
807 2778 912 2826 signe
938 2792 1004 2829 par
1029 2797 1047 2815 «
1077 2781 1109 2818 le
1137 2781 1206 2818 sire
1230 2782 1455 2831 d’Aubigny,
1473 2782 1507 2819 le
1533 2783 1605 2820 duc
1630 2783 1676 2819 de
1694 2782 1923 2820 Valentinois

137 2841 172 2872 et
192 2835 222 2871 le
242 2839 359 2873 comte
377 2835 421 2871 de
442 2835 601 2884 Gayace,
622 2835 827 2874 lieutenans
851 2838 898 2874 du
922 2839 1016 2888 Roy.
1038 2841 1083 2878 Et
1102 2846 1230 2878 eurent
1247 2852 1341 2889 pour
1360 2842 1522 2890 ostaiges
1542 2841 1574 2878 16
1594 2841 1684 2879 frere
1703 2842 1853 2879 bastard
1872 2841 1921 2878 du

136 2906 199 2942 roy
220 2894 457 2946 Frederie„et
476 2895 572 2931 deux
598 2896 663 2932 des
692 2897 881 2944 seigneurs
907 2899 1134 2948 principaulx
1154 2901 1199 2938 de
1216 2900 1251 2938 la
1268 2901 1351 2938 ville
1377 2902 1422 2938 de
1447 2902 1593 2950 Naples,
1616 2901 1776 2950 lesquels
1801 2901 1921 2938 furent

137 2956 297 3002 envoyes
317 2966 364 2991 au
383 2954 557 2992 chasteau
576 2955 750 2993 d’Averse
770 2961 805 2994 et
824 2957 893 2994 mis
911 2970 955 2995 en
976 2959 1089 3007 garde
1110 2965 1211 2998 entre
1230 2960 1283 2997 les
1303 2961 1420 2998 mains
1438 2961 1524 2998 d’un
1546 2961 1729 3010 capitaine
1749 2960 1918 3006 franc-ais,

136 3014 280 3050 nomme
304 3013 338 3049 la
357 3013 494 3058 Lande,
511 3018 547 3051 et
562 3015 649 3051 d'un
673 3021 775 3054 autre
796 3020 939 3054 nomme
959 3018 1126 3056 Bernard
1145 3020 1190 3057 de
1212 3021 1333 3067 Mons,
1355 3032 1587 3070 gouverneur
1606 3021 1651 3057 de
1671 3020 1707 3057 la
1725 3020 1822 3057 dicte
1840 3019 1920 3056 ville

136 3073 311 3109 d'Averse
331 3083 423 3120 pour
446 3073 477 3110 16
497 3074 592 3123 Roy.
614 3075 659 3112 Et
678 3087 718 3112 ce
735 3075 831 3123 faict,
856 3078 888 3114 16
906 3090 969 3127 roy
991 3079 1160 3117 Frederic
1179 3079 1253 3128 plia
1278 3091 1337 3117 ses
1356 3080 1512 3128 bagues,
1534 3085 1570 3118 et
1597 3092 1637 3117 se
1656 3080 1783 3117 voulut
1797 3078 1923 3116 retiret·

134 3133 273 3169 dedans
302 3131 393 3181 l’isle
423 3133 585 3182 d’quue,
607 3147 745 3173 comme
770 3138 869 3175 avoit
898 3139 1036 3187 promis
1064 3151 1137 3176 aux
1162 3140 1367 3178 lieutenans
1395 3141 1444 3178 du
1467 3141 1563 3190 Roy.
1587 3140 1630 3176 Et
1655 3142 1677 3176 ὲ.
1702 3150 1769 3176 son
1795 3139 1924 3187 depart

136 3192 209 3240 prit
228 3194 344 3240 conge
371 3191 416 3229 de
440 3204 498 3230 ses
523 3194 691 3232 familiers
716 3200 752 3233 et
781 3197 871 3235 amis
899 3201 935 3235 et
959 3199 1007 3236 du
1034 3200 1164 3249 peuple
1191 3201 1236 3237 de
1261 3199 1410 3249 Naples,
1435 3200 1488 3237 les
1516 3200 1647 3237 larmes
1678 3211 1750 3236 aux
1769 3209 1879 3248 yeux.
1903 3212 1922 3231 »

136 3253 170 3291 J.
193 3251 366 3294 d’Auton,
390 3263 430 3300 p.
457 3253 581 3291 204-5.
610 3270 627 3288 «
651 3255 721 3292 Adi
749 3257 784 3293 3.
813 3258 858 3295 de
884 3263 1041 3308 augusto
1072 3261 1176 3298 1501.
1205 3260 1250 3297 de
1275 3260 1429 3296 martedi
1459 3271 1497 3297 se
1523 3259 1640 3308 partio
1667 3258 1714 3294 da
1739 3255 1867 3304 Napoli
1891 3255 1924 3290 la

136 3310 299 3360 predicta
321 3310 464 3348 Maesta
488 3323 553 3360 per
577 3324 681 3351 mare*
698 3326 766 3352 con
794 3321 892 3355 secte
921 3317 1024 3368 galee
1045 3322 1080 3355 et
1099 3319 1312 3356 andosenne
1337 3318 1376 3355 iu
1396 3318 1517 3356 Yscla.
1547 3318 1591 3354 Et
1619 3316 1692 3354 adi.
1713 3317 1750 3354 6.
1772 3315 1816 3350 de
1842 3325 1924 3350 sec-

136 3367 289 3406 tembro.
313 3368 417 3406 1501.
438 3370 483 3407 de
507 3370 622 3410 lunidi
650 3374 685 3411 la
703 3375 845 3413 Maesta
870 3376 929 3413 del
960 3377 1118 3426 Signore
1142 3379 1199 3416 Re
1224 3378 1398 3415 Federico
1425 3390 1465 3415 se
1494 3377 1612 3425 partio
1638 3376 1720 3412 data
1746 3373 1851 3422 ysola
1877 3372 1922 3407 de

136 3427 247 3465 Yscla
275 3439 339 3477 per
359 3429 493 3467 andare
518 3430 555 3468 in
577 3433 713 3470 Franza
738 3445 804 3482 per
827 3446 926 3472 mare
947 3436 1039 3473 dove
1061 3449 1167 3474 meno
1188 3449 1256 3474 con
1287 3437 1367 3484 ipso
1387 3449 1454 3485 sey
1481 3436 1586 3483 galee
1612 3440 1650 3470 et
1676 3434 1749 3480 doy
1768 3432 1878 3467 fuste.
1902 3446 1920 3462 »

137 3491 288 3526 cronica
308 3490 350 3524 clv·
365 3490 500 3535 Napoli
519 3491 560 3526 di
578 3491 693 3528 Notar
709 3493 893 3540 fflacomo,
912 3507 948 3543 p.
972 3496 1054 3532 242.
