2228 3938
182 430 433 472 [suillet1502]
634 427 804 465 RERUM
838 394 1140 465 URBkriARUM
1173 426 1525 464 COMMENTARII.
1897 426 1967 462 215

187 532 317 597 quod
346 531 543 580 tandem
575 530 755 579 factum
787 528 905 594 [fuit]
938 545 967 576 a
996 529 1299 577 beneficiatis
1331 546 1369 577 s,
1404 529 1556 578 Petri.
1582 531 1642 578 Ut
1666 543 1777 577 eum
1802 531 1970 592 porta-

186 619 309 674 rent,
336 615 531 663 fuerunt
566 630 624 662 ex
657 615 800 678 paeto
832 612 976 660 soluti
1014 613 1198 661 carleni
1232 613 1584 678 quinquaginta
1614 613 1691 661 vel
1716 612 1869 671 oirca3
1898 627 1972 661 se-

185 698 380 762 pultura
407 697 620 746 defuncti
643 712 732 761 per
753 695 916 760 plures
949 695 1051 743 dies
1081 696 1172 744 fuit
1193 697 1322 744 sacta
1354 695 1404 743 in
1436 697 1637 744 modum
1661 695 1892 760 depositi,
1922 700 1970 744 et

183 797 270 845 per
289 782 524 846 quosdam
541 780 728 829 emulos
749 796 897 844 super
913 795 1020 828 eam
1040 780 1226 844 seulpte
1243 781 1336 829 due
1358 780 1492 829 surce
1509 780 1606 829 sive
1623 780 1716 828 duo
1731 779 1965 844 patibula,

186 869 233 913 et
254 880 400 929 super
421 880 571 912 unum
596 863 673 912 cui
697 868 800 912 erat
821 863 1011 927 sculpta
1031 863 1178 912 corda
1195 879 1427 928 appensa,
1453 863 1634 927 scripta
1660 862 1757 911 sive
1782 862 1970 926 sculpta

184 947 275 995 hec
299 948 473 996 verba:
505 968 527 992 «
555 946 790 995 Dominus
814 947 1031 1010 requiret
1055 947 1437 1011 supplicationes
1462 947 1523 995 de
1554 946 1897 994 manibus'tuis
1924 949 1972 994 et

185 1031 359 1080 reddes
391 1031 638 1080 rationem
664 1047 673 1090 ;
716 1030 755 1078 si
787 1046 885 1079 non
916 1030 1213 1090 reddideris,
1242 1030 1480 1095 supplicio
1510 1034 1747 1094 perpetuo
1774 1029 1971 1077 crucia-

184 1114 329 1164 beris,
362 1135 384 1159 »
403 1117 460 1164 Et
482 1115 595 1178 quia
619 1131 734 1180 erga
749 1131 990 1179 pauperes
1013 1131 1210 1163 severus
1234 1115 1325 1164 fuit
1347 1119 1395 1163 et
1416 1114 1562 1163 nimis
1584 1113 1809 1173 erudelis,
1830 1117 1893 1173 et,
1922 1118 1972 1161 ut

184 1198 464 1262 plurimum,
493 1214 607 1264 erga
633 1215 801 1248 omnes
817 1199 1119 1260 durissimus,
1141 1204 1188 1247 et
1204 1199 1443 1248 beneficia
1462 1203 1508 1246 et
1534 1198 1693 1247 officia
1704 1197 1860 1246 carius
1877 1213 1972 1261 quo

184 1281 340 1345 potuit
363 1282 573 1331 vendidit
603 1286 652 1331 ut
679 1285 805 1347 Pape
831 1282 1200 1347 gratificaretur,
1226 1282 1477 1346 acquisivit
1503 1282 1721 1331 omnium
1751 1280 1972 1345 indigna-

184 1365 366 1413 tionem
405 1370 450 1414 et
488 1366 858 1431 blasphemiam.
896 1369 1109 1415 Fuerunt
1143 1371 1400 1431 propterea
1431 1366 1558 1415 faeta
1584 1381 1613 1414 a
1643 1365 1841 1414 diversis
1876 1365 1974 1428 epi-

187 1448 351 1512 taphia
386 1449 435 1497 in
481 1450 588 1514 ejus
626 1449 1001 1514 ignominiosam
1038 1451 1342 1510 memoriam,
1383 1465 1593 1515 quorum
1627 1448 1882 1513 sequentia
1914 1449 1973 1496 ad

183 1547 355 1581 manus
376 1549 510 1583 meas
534 1539 857 1598 pervenerunt
886 1552 896 1583 :

380 1633 482 1683 Sub
504 1635 661 1699 lapide
683 1637 769 1684 hoe
789 1636 1082 1684 Mutinensis
1104 1636 1244 1683 habet
1262 1634 1514 1683 Ferrarius
1540 1649 1660 1693 ossa,

518 1719 623 1777 Quo
646 1720 874 1768 suadente
894 1721 1032 1768 Petri
1052 1721 1185 1768 navis
1207 1736 1350 1767 avara
1371 1719 1488 1785 fuit.

385 1802 474 1851 Ad
490 1803 646 1868 Styya
668 1805 750 1868 qui
771 1804 937 1865 tendis,
965 1805 1112 1853 multo
1134 1805 1267 1853 valde
1284 1820 1359 1852 ere
1376 1811 1622 1868 yravatus,

518 1887 689 1951 Hujus
708 1889 898 1937 consilio
921 1890 1082 1937 navita
1101 1905 1274 1937 avarus
1298 1889 1401 1936 erit.

247 1971 391 2020 Aliud
415 1988 426 2020 :

379 2067 595 2116 Ferrarii
612 2068 687 2116 hie
707 2069 918 2117 tumulus
935 2086 1073 2134 quem
1087 2070 1153 2118 sie
1169 2071 1270 2119 sitis
1292 2070 1413 2118 ussit
1421 2068 1640 2127 habendi,

521 2152 587 2201 Ut
606 2153 817 2201 tumulus
833 2153 926 2201 diei
938 2155 1091 2218 possit
1112 2156 1325 2203 avaritie.
1391 2180 1395 2185 -

389 2235 663 2285 Tantaleam
677 2237 863 2302 patitur
877 2254 1070 2301 penam,
1096 2245 1141 2285 et
1158 2239 1269 2303 quia
1283 2254 1436 2302 parva
1455 2237 1646 2303 fuisset,

516 2321 802 2385 Impendent
821 2321 969 2369 avidis
985 2338 1130 2370 aurea
1137 2338 1282 2387 poma
1296 2322 1456 2370 labris.

246 2404 417 2453 Aliud:

379 2498 477 2548 Hic
497 2500 717 2564 Baptista
742 2509 891 2566 teyor,
914 2502 1081 2550 medici
1099 2519 1239 2566 quem
1253 2502 1391 2565 eulpa
1403 2501 1636 2566 peremit:

512 2584 754 2633 Naturam
777 2586 948 2651 fuerat
967 2586 1150 2634 nescius
1176 2587 1254 2634 ille
1270 2602 1442 2634 meam.
1493 2635 1499 2639 ,

378 2665 653 2716 Herbarum
674 2668 791 2716 milti
801 2684 894 2732 pro
916 2669 1064 2716 suecis
1090 2669 1201 2716 dare
1222 2669 1382 2716 debuit
1401 2683 1575 2715 aurum
1586 2685 1606 2725 ,·

512 2751 627 2800 Sola
653 2760 755 2800 erat
774 2760 885 2816 apta
906 2752 1020 2800 meis
1036 2752 1118 2800 lzee
1140 2752 1372 2800 medicina
1397 2751 1551 2799 malis.

247 2835 418 2884 Aliud:

368 2930 544 2995 Injiee‚
573 2932 656 2996 qui
679 2932 870 2990 transis,
900 2940 1075 2980 terram
1095 2948 1260 2980 rursus
1284 2932 1446 2995 injice,
1472 2947 1532 2979 ne
1552 2947 1642 2995 que

512 3015 610 3064 Hie
634 3017 811 3079 teyitur
819 3017 987 3081 pestis,
1008 3017 1235 3082 proferat
1260 3024 1365 3064 atra
1388 3023 1548 3080 eaput.

247 3099 388 3148 Aliud
410 3115 420 3147 :

379 3189 478 3238 Hie
497 3190 615 3238 situs
637 3197 706 3238 est
717 3189 951 3253 Baptista,
971 3189 1149 3238 Bovem
1172 3190 1255 3254 qui
1277 3190 1468 3238 reddere
1484 3191 1747 3254 pinquem,·

193 3311 195 3314 ι
518 3274 647 3323 Dum
669 3273 842 3334 studet,
867 3273 1024 3322 amisit
1047 3289 1234 3338 eorpus,
1260 3289 1385 3338 opes,
1407 3275 1636 3322 animam.

244 3355 384 3404 Aliud
405 3373 416 3404 ε

377 3445 513 3494 Inter
534 3455 769 3510 pastorem
789 3455 835 3495 et
847 3446 1049 3511 pecudes
1067 3463 1340 3511 enmponere
1364 3454 1522 3494 suetus

503 3518 660 3578 Janus
683 3531 953 3579 Parcarum
974 3539 1042 3578 est
1060 3546 1254 3579 munere
1277 3530 1572 3595 compositus.
