2254 3944
220 381 332 421 [Avi-il
354 381 444 422 1500]
673 378 844 416 RERUM
877 378 1181 416 URBANARUM
1214 379 1568 417 COMMENTARII.
1959 382 2006 417 35

220 501 331 534 suas
356 488 405 533 et
435 484 612 532 ducem
648 482 891 547 cepissent
923 498 1036 531 cum
1067 482 1233 531 multis
1265 483 1510 531 nobilibus
1546 483 1708 541 ltalie;
1747 482 2004 531 Suicenses

221 572 387 617 autem
433 571 482 617 et
524 570 716 617 ceteros
761 569 1023 615 extraneos
1067 566 1232 615 illesos
1267 567 1515 627 habuisse,
1568 569 1616 615 et
1648 567 1696 615 id
1744 566 2004 631 contigisse

220 652 428 710 veneris,
462 656 520 700 10
549 651 696 714 hujus
725 649 924 708 mensis,
959 649 1094 699 circa
1126 650 1306 699 horam
1334 667 1656 715 vesperarum
1695 653 1809 698 ante
1844 650 2008 698 civita-

223 739 323 784 tem
360 735 727 792 Novariensem,
763 749 822 782 ex
858 750 954 797 quo
987 738 1097 797 post
1128 738 1357 798 quartam
1387 734 1544 782 noctis
1583 734 1736 782 auditi
1770 737 1881 782 sunt
1917 750 2007 799 per

223 823 378 868 totam
415 822 611 868 noctem
642 818 886 867 clamores
917 821 963 865 et
988 818 1226 882 jubilatus
1257 835 1347 883 per
1385 820 1586 878 Urbem,
1620 841 1640 863 «
1677 819 1817 879 Urso,
1857 819 2008 867 Urso!

221 902 446 962 Francia,
474 902 710 950 Francia!
730 922 750 946 »
778 918 891 951 cum
917 902 1079 950 sonitu
1115 903 1386 950 multarum
1417 904 1667 951 tubarum.
1711 906 1844 967 Papa
1880 903 2010 952 dice-

223 987 306 1036 bat
327 1003 338 1035 z
366 987 501 1036 Do‘vc
517 989 541 1035 ῥ
564 987 600 1034 il
615 986 815 1035 nuntio?
847 987 942 1034 Cui
964 987 1047 1034 hcc
1068 1003 1190 1035 nova
1214 988 1390 1047 attulit,
1420 996 1606 1036 centum
1630 988 1823 1036 ducatos
1843 990 1858 1034 Ι
1883 987 1945 1052 (1)

288 1071 475 1130 Martis,
500 1071 747 1136 >presentis
775 1074 850 1130 14,
880 1074 1051 1119 orator
1072 1074 1380 1122 Venetorum
1403 1071 1577 1120 habuit
1598 1072 1791 1120 litteras
1816 1072 1876 1120 de
1902 1088 2011 1136 pre-

223 1155 382 1204 missis
413 1171 507 1219 que
545 1155 594 1204 in
616 1154 816 1220 triginta
851 1158 964 1203 octo
1001 1155 1137 1204 horis
1175 1171 1233 1203 ex
1269 1155 1488 1205 Venetiis
1530 1156 1619 1204 sibi
1657 1159 1916 1218 venerunt.
1958 1159 2010 1204 In

224 1243 391 1289 monte
413 1240 646 1298 Jordano,
678 1239 846 1288 Platea
870 1240 1114 1298 Rotunda,
1143 1242 1256 1288 ante
1279 1240 1482 1288 domum
1506 1240 1677 1288 Jacobi
1703 1240 1762 1288 de
1789 1256 1827 1288 S.
1854 1242 2010 1288 Cruce

225 1327 274 1372 et
303 1323 470 1373 multis
501 1323 607 1373 aliis
640 1322 762 1373 locis
793 1339 822 1371 a
855 1323 1150 1387 partialibus
1189 1323 1479 1372 Ursinorum
1512 1323 1650 1389 ignes
1685 1323 2011 1388 triumphales

224 1407 355 1456 facti.

231 1477 233 1480 ’
288 1490 433 1540 Feria
462 1494 641 1555 quarta
663 1491 975 1541 hebdomade
1001 1495 1186 1551 sancte,
1221 1496 1277 1542 15
1305 1493 1423 1541 dicti
1456 1493 1638 1541 mensis
1670 1493 1855 1557 apriliS,
1885 1492 2013 1541 inter

223 1575 508 1641 vigesimam
533 1580 582 1625 et
604 1576 889 1641 vigesimam
915 1577 1128 1640 primam
1158 1577 1353 1634 horam,
1386 1579 1518 1640 Papa
1542 1577 1673 1625 venit
1697 1578 1927 1641 pedester
1952 1578 2013 1625 ad

225 1660 468 1724 capellam
497 1660 739 1724 majorem
770 1660 940 1724 palatii
975 1659 1066 1718 sui,
1107 1659 1187 1708 ubi
1221 1660 1349 1708 dicte
1376 1664 1488 1708 sunt
1520 1661 1759 1709 matutine
1784 1661 2015 1709 tenebra-

225 1759 354 1801 rum,
384 1746 433 1791 et
456 1743 602 1791 hodie
638 1743 769 1791 venit
799 1744 860 1792 ad
896 1743 1138 1807 capellam
1172 1747 1229 1792 D.
1268 1744 1510 1792 Antonius
1549 1747 1780 1793 Corsetus
1813 1744 2012 1793 auditor

225 1843 395 1876 novus.
417 1826 585 1875 Finitis
600 1827 869 1896 matutinis,
898 1830 1031 1892 Papa
1051 1830 1338 1892 reportatus
1354 1828 1442 1876 fuit
1460 1829 1518 1877 ad
1538 1820 1790 1878 cameram
1806 1828 1855 1877 in
1877 1829 2009 1881 sede,

226 1911 275 1959 in
298 1927 457 1976 cappa
483 1927 494 1960 ε
522 1911 598 1958 his
623 1911 878 1959 matutinis
902 1914 1036 1975 Papa
1059 1911 1300 1960 interfuit.

288 1997 342 2044 In
364 1998 509 2044 nocte
533 1995 774 2059 sequenti,
804 1995 938 2043 circa
969 1996 1236 2043 secundam
1270 1996 1445 2044 horam
1481 1996 1611 2044 venit
1636 2013 1695 2045 ex
1719 1997 2013 2046 Lombardia

225 2095 349 2128 unus
387 2095 446 2128 ex
480 2079 705 2146 gentibus
734 2079 896 2128 Caroli
922 2079 1083 2128 Ursini
1116 2079 1197 2143 qui
1224 2079 1343 2128 dixit
1369 2082 1452 2129 SS.
1474 2083 1530 2129 D.
1559 2084 1747 2140 nostro,
1777 2081 1815 2129 si
1843 2098 2013 2130 verum

225 2163 345 2212 mihi
363 2163 577 2213 relatum
601 2166 691 2223 est,
710 2167 905 2212 Rmum.
927 2166 982 2212 D.
1004 2164 1307 2213 cardinalem
1324 2165 1588 2213 Ascanium
1602 2165 1749 2213 fuisse
1767 2182 1855 2230 per
1870 2169 2016 2214 Caro-

225 2247 327 2296 lum
349 2247 578 2296 Ursinum
600 2251 816 2312 captum,
837 2247 914 2296 die
940 2247 1187 2297 dominica
1212 2248 1495 2297 Palmarum
1513 2249 1734 2313 proxime
1754 2250 2010 2314 preterita,

224 2331 274 2380 in
308 2333 522 2397 quodam
557 2336 720 2381 castro
761 2332 1128 2381 communitatis
1156 2332 1253 2381 sive
1291 2333 1544 2382 districtus
1578 2333 1867 2392 Placentini,
1903 2350 2014 2382 cum

227 2419 355 2465 esset
380 2416 430 2464 in
457 2417 574 2482 fuga
609 2433 722 2465 cum
748 2416 884 2481 equis
923 2417 1122 2465 circiter
1162 2418 1421 2477 sexcentiS,
1450 2421 1499 2466 et
1531 2417 1697 2466 omnia
1727 2417 1855 2465 illius
1887 2417 2015 2466 bona

226 2498 342 2547 data
376 2499 525 2548 fuisse
557 2500 606 2549 in
630 2501 854 2565 predam,
885 2516 978 2565 que
1004 2501 1330 2550 ascenderent
1357 2502 1418 2549 ad
1441 2502 1661 2550 valorem
1686 2501 2013 2550 ducentorum

228 2582 434 2630 millium
465 2584 775 2643 ducatorum,
806 2588 854 2632 et
883 2586 1113 2633 eumdem
1144 2585 1447 2633 cardinalem
1487 2601 1599 2632 cum
1631 2584 1870 2632 tredecim
1904 2600 2014 2647 per-

227 2665 357 2715 sonis
382 2666 459 2715 vel
484 2666 617 2715 circa
643 2666 1072 2731 principalioribus
1102 2667 1200 2715 suis
1224 2667 1373 2715 fuisse
1397 2683 1487 2731 per
1519 2668 1750 2715 eumdem
1780 2667 2012 2715 Carolum

202 2748 429 2798 'ductum
471 2750 724 2809 VenetiaS,
768 2767 825 2799 ac
864 2750 1081 2799 dominio
1130 2750 1489 2815 consignatum,
1533 2750 1615 2799 ubi
1658 2750 1747 2798 sub
1792 2750 2013 2798 custodia

227 2831 585 2892 detinerentur3
611 2833 727 2882 huic
750 2836 798 2882 et
820 2837 953 2898 Papa
977 2833 1157 2883 dicitur
1180 2836 1378 2882 centum
1404 2835 1609 2882 ducatos
1624 2850 1714 2897 pro
1729 2832 2012 2898 hujusmodi

196 2914 198 2916 ’
227 2915 355 2965 bono
379 2916 550 2966 nuntio
577 2917 847 2967 donavisse.

293 2999 379 3048 Die
397 3001 522 3065 jovis
548 3004 736 3061 sancta,
770 3006 828 3050 16
853 3002 970 3051 dicti
986 3003 1168 3051 mensis
1193 3003 1379 3067 aprilis,
1411 3005 1493 3051 SS.
1515 3004 1571 3050 D.
1591 3005 1630 3051 N
1639 3041 1670 3061 .,
1701 3017 1878 3066 parum
1904 3004 2014 3065 post

227 3084 404 3132 horam
441 3086 932 3147 quartamdecimam,
958 3087 1090 3135 venit
1115 3088 1175 3135 ad
1206 3087 1448 3151 capellam
1482 3087 1725 3151 majorem
1751 3085 1938 3149 palatii,
1966 3084 2014 3131 in

228 3183 325 3230 qua
354 3170 520 3216 RmuS.
553 3171 607 3217 D.
643 3169 906 3219 cardinalis
937 3170 1140 3219 Ursinus
1166 3170 1432 3219 celebravit
1470 3170 1669 3218 missam
1710 3169 2008 3217 solemnem:

229 3265 324 3313 qua
359 3251 514 3311 finita,
547 3252 839 3302 ministravit
868 3256 998 3318 Pape
1030 3254 1236 3303 calicem
1276 3270 1387 3302 cum
1421 3257 1751 3311 sacramento,
1789 3251 1869 3313 qui
1902 3266 2013 3313 por—

278 3397 311 3433 1.
339 3396 436 3435 'rene
456 3375 516 3437 est
531 3400 564 3437 la
578 3400 682 3447 locon
701 3401 751 3438 du
771 3412 860 3438 mss.
881 3402 990 3439 5522.
1012 3402 1047 3438 4.
1069 3402 1093 3438 f.
1114 3403 1174 3439 64.
1197 3402 1247 3439 Le
1274 3401 1394 3450 Cfflgi,
1417 3402 1449 3438 le
1471 3403 1539 3438 150
1565 3406 1601 3438 et
1626 3400 1658 3436 le
1680 3400 1772 3435 1516
1796 3398 1958 3433 donnent
1977 3396 2011 3432 la

234 3457 366 3505 phrase
387 3458 610 3508 legerement
639 3460 834 3498 modifiee:
862 3476 881 3495 «
902 3462 1003 3510 Papa
1028 3461 1217 3499 dicebatur
1242 3461 1403 3498 donasse
1430 3460 1562 3497 nuncio
1589 3459 1651 3507 qui
1675 3459 1769 3494 hano
1793 3467 1926 3493 novam
1953 3459 2011 3493 at.-

232 3515 317 3554 tulit
331 3521 476 3554 centum
494 3518 662 3556 ducatos.
682 3534 701 3553 »
