<?xml version="1.0" encoding="UTF-8"?>
<!DOCTYPE html PUBLIC "-//W3C//DTD XHTML 1.0 Transitional//EN"
    "http://www.w3.org/TR/xhtml1/DTD/xhtml1-transitional.dtd">
<html xmlns="http://www.w3.org/1999/xhtml" xml:lang="en" lang="en">
 <head>
  <title>
</title>
<meta http-equiv="Content-Type" content="text/html;charset=utf-8" />
  <meta name='ocr-system' content='tesseract 3.04.00' />
  <meta name='ocr-capabilities' content='ocr_page ocr_carea ocr_par ocr_line ocrx_word'/>
</head>
<body>
  <div class='ocr_page' id='page_1' title='image "./diariumsivererum03burcuoft_0546.png"; bbox 0 0 2248 3892; ppageno 0'>
   <div class='ocr_carea' id='block_1_1' title="bbox 310 316 1571 380">
    <p class='ocr_par' dir='ltr' id='par_1_1' title="bbox 310 316 1571 380">
     <span class='ocr_line' id='line_1_1' title="bbox 310 316 1571 380; baseline -0.001 -1"><span class='ocrx_word' id='word_1_1' title='bbox 310 356 370 380; x_wconf 73' lang='lat' dir='ltr'><strong>vm</strong></span> <span class='ocrx_word' id='word_1_2' title='bbox 402 316 404 319; x_wconf 64' lang='grc'><strong>’</strong></span> <span class='ocrx_word' id='word_1_3' title='bbox 825 332 1142 378; x_wconf 77' lang='lat' dir='ltr'><strong>SUPPLEMENT</strong></span> <span class='ocrx_word' id='word_1_4' title='bbox 1177 340 1207 377; x_wconf 90' lang='lat' dir='ltr'><strong>A</strong></span> <span class='ocrx_word' id='word_1_5' title='bbox 1244 337 1571 378; x_wconf 76' lang='lat' dir='ltr'><strong>L’APPENDICE.</strong></span> 
     </span>
    </p>
   </div>
   <div class='ocr_carea' id='block_1_2' title="bbox 297 440 2087 1541">
    <p class='ocr_par' dir='ltr' id='par_1_2' title="bbox 297 440 2087 1541">
     <span class='ocr_line' id='line_1_2' title="bbox 366 440 2079 494; baseline 0.002 -12"><span class='ocrx_word' id='word_1_6' title='bbox 366 463 383 482; x_wconf 80' lang='grc'><strong>«</strong></span> <span class='ocrx_word' id='word_1_7' title='bbox 405 447 452 487; x_wconf 86' lang='lat' dir='ltr'><strong>In</strong></span> <span class='ocrx_word' id='word_1_8' title='bbox 475 443 654 486; x_wconf 90' lang='lat' dir='ltr'><strong>nomine</strong></span> <span class='ocrx_word' id='word_1_9' title='bbox 675 441 863 491; x_wconf 85' lang='lat' dir='ltr'>Domini,</span> <span class='ocrx_word' id='word_1_10' title='bbox 893 443 1047 482; x_wconf 89' lang='lat' dir='ltr'><strong>Amen.</strong></span> <span class='ocrx_word' id='word_1_11' title='bbox 1078 442 1285 483; x_wconf 86' lang='lat' dir='ltr'><strong>Noverint</strong></span> <span class='ocrx_word' id='word_1_12' title='bbox 1308 441 1502 483; x_wconf 87' lang='lat' dir='ltr'><strong>universi</strong></span> <span class='ocrx_word' id='word_1_13' title='bbox 1530 443 1573 481; x_wconf 89' lang='lat' dir='ltr'><strong>et</strong></span> <span class='ocrx_word' id='word_1_14' title='bbox 1598 440 1763 494; x_wconf 84' lang='lat' dir='ltr'><strong>singuli</strong></span> <span class='ocrx_word' id='word_1_15' title='bbox 1787 442 1871 483; x_wconf 91' lang='lat' dir='ltr'><strong>hoc</strong></span> <span class='ocrx_word' id='word_1_16' title='bbox 1895 453 2079 494; x_wconf 82' lang='lat' dir='ltr'><strong>presens</strong></span> 
     </span>
     <span class='ocr_line' id='line_1_3' title="bbox 307 506 2082 565; baseline -0.001 -13"><span class='ocrx_word' id='word_1_17' title='bbox 307 512 534 565; x_wconf 89' lang='lat' dir='ltr'><strong>publicum</strong></span> <span class='ocrx_word' id='word_1_18' title='bbox 571 509 917 549; x_wconf 82' lang='lat' dir='ltr'><strong>instrumentum</strong></span> <span class='ocrx_word' id='word_1_19' title='bbox 950 507 1206 558; x_wconf 90' lang='lat' dir='ltr'><strong>inspecturi,</strong></span> <span class='ocrx_word' id='word_1_20' title='bbox 1247 507 1403 548; x_wconf 85' lang='lat' dir='ltr'><strong>lecturi</strong></span> <span class='ocrx_word' id='word_1_21' title='bbox 1439 509 1482 547; x_wconf 85' lang='lat' dir='ltr'><strong>et</strong></span> <span class='ocrx_word' id='word_1_22' title='bbox 1518 506 1712 547; x_wconf 83' lang='lat' dir='ltr'><strong>audituri</strong></span> <span class='ocrx_word' id='word_1_23' title='bbox 1750 507 1869 558; x_wconf 90' lang='lat' dir='ltr'><strong>quod</strong></span> <span class='ocrx_word' id='word_1_24' title='bbox 1903 518 2019 550; x_wconf 91' lang='lat' dir='ltr'><strong>anno</strong></span> <span class='ocrx_word' id='word_1_25' title='bbox 2057 520 2082 550; x_wconf 91' lang='lat' dir='ltr'><strong>a</strong></span> 
     </span>
     <span class='ocr_line' id='line_1_4' title="bbox 307 571 2083 627; baseline -0.001 -10"><span class='ocrx_word' id='word_1_26' title='bbox 307 576 541 619; x_wconf 86' lang='lat' dir='ltr'><strong>Nativitate</strong></span> <span class='ocrx_word' id='word_1_27' title='bbox 574 573 774 615; x_wconf 87' lang='lat' dir='ltr'><strong>eiusdem</strong></span> <span class='ocrx_word' id='word_1_28' title='bbox 817 571 993 613; x_wconf 86' lang='lat' dir='ltr'><strong>Domini</strong></span> <span class='ocrx_word' id='word_1_29' title='bbox 1029 572 1263 613; x_wconf 87' lang='lat' dir='ltr'><strong>millesimo</strong></span> <span class='ocrx_word' id='word_1_30' title='bbox 1303 571 1744 625; x_wconf 84' lang='lat' dir='ltr'><strong>quadringentesimo</strong></span> <span class='ocrx_word' id='word_1_31' title='bbox 1782 574 2083 627; x_wconf 83' lang='lat' dir='ltr'><strong>octuagesimo</strong></span> 
     </span>
     <span class='ocr_line' id='line_1_5' title="bbox 309 636 2083 691; baseline -0.002 -8"><span class='ocrx_word' id='word_1_32' title='bbox 309 642 453 691; x_wconf 85' lang='lat' dir='ltr'><strong>tertio,</strong></span> <span class='ocrx_word' id='word_1_33' title='bbox 470 640 708 682; x_wconf 80' lang='lat' dir='ltr'><strong>indictione</strong></span> <span class='ocrx_word' id='word_1_34' title='bbox 731 638 889 690; x_wconf 87' lang='lat' dir='ltr'><strong>prima,</strong></span> <span class='ocrx_word' id='word_1_35' title='bbox 908 636 979 678; x_wconf 86' lang='lat' dir='ltr'><strong>die</strong></span> <span class='ocrx_word' id='word_1_36' title='bbox 1000 648 1103 678; x_wconf 87' lang='lat' dir='ltr'><strong>vero</strong></span> <span class='ocrx_word' id='word_1_37' title='bbox 1122 638 1301 678; x_wconf 90' lang='lat' dir='ltr'><strong>Sabbati</strong></span> <span class='ocrx_word' id='word_1_38' title='bbox 1331 638 1459 678; x_wconf 86' lang='lat' dir='ltr'><strong>tertia</strong></span> <span class='ocrx_word' id='word_1_39' title='bbox 1485 637 1652 678; x_wconf 82' lang='lat' dir='ltr'><strong>mensis</strong></span> <span class='ocrx_word' id='word_1_40' title='bbox 1680 637 1778 678; x_wconf 91' lang='lat' dir='ltr'><strong>Maii</strong></span> <span class='ocrx_word' id='word_1_41' title='bbox 1799 638 2083 680; x_wconf 80' lang='lat' dir='ltr'><strong>pontificatus</strong></span> 
     </span>
     <span class='ocr_line' id='line_1_6' title="bbox 310 702 2085 755; baseline -0.002 -7"><span class='ocrx_word' id='word_1_42' title='bbox 310 706 566 748; x_wconf 88' lang='lat' dir='ltr'><strong>Sanctissini</strong></span> <span class='ocrx_word' id='word_1_43' title='bbox 583 706 628 745; x_wconf 91' lang='lat' dir='ltr'><strong>in</strong></span> <span class='ocrx_word' id='word_1_44' title='bbox 650 706 719 745; x_wconf 62' lang='grc' dir='ltr'><strong>Χῖο</strong></span> <span class='ocrx_word' id='word_1_45' title='bbox 741 703 880 744; x_wconf 88' lang='lat' dir='ltr'><strong>Patris</strong></span> <span class='ocrx_word' id='word_1_46' title='bbox 905 705 947 743; x_wconf 89' lang='lat' dir='ltr'><strong>et</strong></span> <span class='ocrx_word' id='word_1_47' title='bbox 968 703 1049 743; x_wconf 89' lang='lat' dir='ltr'><strong>Dni</strong></span> <span class='ocrx_word' id='word_1_48' title='bbox 1069 703 1228 750; x_wconf 85' lang='lat' dir='ltr'><strong>Nostri,</strong></span> <span class='ocrx_word' id='word_1_49' title='bbox 1250 703 1334 743; x_wconf 90' lang='lat' dir='ltr'><strong>Dni</strong></span> <span class='ocrx_word' id='word_1_50' title='bbox 1356 703 1479 755; x_wconf 83' lang='lat' dir='ltr'><strong>Sixti,</strong></span> <span class='ocrx_word' id='word_1_51' title='bbox 1503 702 1651 743; x_wconf 89' lang='lat' dir='ltr'><strong>divina</strong></span> <span class='ocrx_word' id='word_1_52' title='bbox 1670 703 1944 744; x_wconf 88' lang='lat' dir='ltr'><strong>Providentia</strong></span> <span class='ocrx_word' id='word_1_53' title='bbox 1971 704 2085 755; x_wconf 90' lang='lat' dir='ltr'><strong>Pape</strong></span> 
     </span>
     <span class='ocr_line' id='line_1_7' title="bbox 307 767 2084 825; baseline -0.003 -12"><span class='ocrx_word' id='word_1_54' title='bbox 307 772 468 825; x_wconf 89' lang='lat' dir='ltr'><strong>quarti,</strong></span> <span class='ocrx_word' id='word_1_55' title='bbox 480 782 596 812; x_wconf 90' lang='lat' dir='ltr'><strong>anno</strong></span> <span class='ocrx_word' id='word_1_56' title='bbox 611 769 887 818; x_wconf 88' lang='lat' dir='ltr'><strong>duodecimo,</strong></span> <span class='ocrx_word' id='word_1_57' title='bbox 897 769 942 809; x_wconf 92' lang='lat' dir='ltr'><strong>in</strong></span> <span class='ocrx_word' id='word_1_58' title='bbox 956 768 1043 809; x_wconf 92' lang='lat' dir='ltr'><strong>mei</strong></span> <span class='ocrx_word' id='word_1_59' title='bbox 1062 768 1223 809; x_wconf 90' lang='lat' dir='ltr'><strong>notarii</strong></span> <span class='ocrx_word' id='word_1_60' title='bbox 1239 769 1401 819; x_wconf 86' lang='lat' dir='ltr'><strong>publici</strong></span> <span class='ocrx_word' id='word_1_61' title='bbox 1418 768 1684 820; x_wconf 87' lang='lat' dir='ltr'><strong>testiumque</strong></span> <span class='ocrx_word' id='word_1_62' title='bbox 1703 767 2084 820; x_wconf 85' lang='lat' dir='ltr'><strong>infrascriptorum</strong></span> 
     </span>
     <span class='ocr_line' id='line_1_8' title="bbox 307 832 2084 891; baseline -0.002 -12"><span class='ocrx_word' id='word_1_63' title='bbox 307 837 531 891; x_wconf 78' lang='lat' dir='ltr'><strong>presentia</strong></span> <span class='ocrx_word' id='word_1_64' title='bbox 574 835 865 888; x_wconf 72' lang='lat' dir='ltr'><strong>personaliter</strong></span> <span class='ocrx_word' id='word_1_65' title='bbox 905 833 1148 884; x_wconf 88' lang='lat' dir='ltr'><strong>constituti,</strong></span> <span class='ocrx_word' id='word_1_66' title='bbox 1188 834 1446 885; x_wconf 83' lang='lat' dir='ltr'><strong>Spectabilis</strong></span> <span class='ocrx_word' id='word_1_67' title='bbox 1486 836 1529 873; x_wconf 87' lang='lat' dir='ltr'><strong>et</strong></span> <span class='ocrx_word' id='word_1_68' title='bbox 1565 832 1822 886; x_wconf 87' lang='lat' dir='ltr'><strong>Magnificus</strong></span> <span class='ocrx_word' id='word_1_69' title='bbox 1858 833 1934 873; x_wconf 74' lang='lat' dir='ltr'><strong>Vir‘</strong></span> <span class='ocrx_word' id='word_1_70' title='bbox 1959 835 2084 875; x_wconf 89' lang='lat' dir='ltr'><strong>Dnus</strong></span> 
     </span>
     <span class='ocr_line' id='line_1_9' title="bbox 306 898 2084 952; baseline -0.003 -7"><span class='ocrx_word' id='word_1_71' title='bbox 306 906 460 945; x_wconf 89' lang='lat' dir='ltr'><strong>Petrus</strong></span> <span class='ocrx_word' id='word_1_72' title='bbox 497 901 741 944; x_wconf 89' lang='lat' dir='ltr'><strong>Ludovicus</strong></span> <span class='ocrx_word' id='word_1_73' title='bbox 767 899 822 941; x_wconf 94' lang='lat' dir='ltr'><strong>de</strong></span> <span class='ocrx_word' id='word_1_74' title='bbox 850 899 976 940; x_wconf 87' lang='lat' dir='ltr'><strong>Boria</strong></span> <span class='ocrx_word' id='word_1_75' title='bbox 1002 902 1045 940; x_wconf 88' lang='lat' dir='ltr'><strong>et</strong></span> <span class='ocrx_word' id='word_1_76' title='bbox 1080 900 1190 952; x_wconf 85' lang='lat' dir='ltr'>Mag.</span> <span class='ocrx_word' id='word_1_77' title='bbox 1220 899 1295 939; x_wconf 87' lang='lat' dir='ltr'><strong>Vir</strong></span> <span class='ocrx_word' id='word_1_78' title='bbox 1325 902 1448 940; x_wconf 88' lang='lat' dir='ltr'><strong>Dnus</strong></span> <span class='ocrx_word' id='word_1_79' title='bbox 1482 899 1594 940; x_wconf 89' lang='lat' dir='ltr'><strong>Otho</strong></span> <span class='ocrx_word' id='word_1_80' title='bbox 1629 899 1762 939; x_wconf 89' lang='lat' dir='ltr'><strong>etiam</strong></span> <span class='ocrx_word' id='word_1_81' title='bbox 1794 898 1849 940; x_wconf 91' lang='lat' dir='ltr'><strong>de</strong></span> <span class='ocrx_word' id='word_1_82' title='bbox 1877 899 2005 940; x_wconf 87' lang='lat' dir='ltr'><strong>Boria</strong></span> <span class='ocrx_word' id='word_1_83' title='bbox 2035 903 2084 940; x_wconf 86' lang='lat' dir='ltr'><strong>ut</strong></span> 
     </span>
     <span class='ocr_line' id='line_1_10' title="bbox 306 963 2084 1019; baseline -0.002 -10"><span class='ocrx_word' id='word_1_84' title='bbox 306 971 476 1009; x_wconf 86' lang='lat' dir='ltr'><strong>tutores</strong></span> <span class='ocrx_word' id='word_1_85' title='bbox 500 967 758 1019; x_wconf 85' lang='lat' dir='ltr'><strong>Spectabilis</strong></span> <span class='ocrx_word' id='word_1_86' title='bbox 783 968 826 1006; x_wconf 89' lang='lat' dir='ltr'><strong>et</strong></span> <span class='ocrx_word' id='word_1_87' title='bbox 839 964 1056 1018; x_wconf 85' lang='lat' dir='ltr'><strong>Magnifici</strong></span> <span class='ocrx_word' id='word_1_88' title='bbox 1075 964 1256 1005; x_wconf 86' lang='lat' dir='ltr'><strong>Infantis</strong></span> <span class='ocrx_word' id='word_1_89' title='bbox 1275 965 1357 1005; x_wconf 91' lang='lat' dir='ltr'><strong>Dni</strong></span> <span class='ocrx_word' id='word_1_90' title='bbox 1377 964 1588 1005; x_wconf 87' lang='lat' dir='ltr'><strong>Johannis</strong></span> <span class='ocrx_word' id='word_1_91' title='bbox 1610 963 1664 1005; x_wconf 91' lang='lat' dir='ltr'><strong>de</strong></span> <span class='ocrx_word' id='word_1_92' title='bbox 1689 965 1817 1005; x_wconf 90' lang='lat' dir='ltr'><strong>Boria</strong></span> <span class='ocrx_word' id='word_1_93' title='bbox 1842 967 1885 1005; x_wconf 88' lang='lat' dir='ltr'><strong>et</strong></span> <span class='ocrx_word' id='word_1_94' title='bbox 1905 976 2084 1017; x_wconf 88' lang='lat' dir='ltr'><strong>sposue-</strong></span> 
     </span>
     <span class='ocr_line' id='line_1_11' title="bbox 305 1030 2085 1083; baseline -0.002 -8"><span class='ocrx_word' id='word_1_95' title='bbox 305 1037 409 1075; x_wconf 89' lang='lat' dir='ltr'><strong>runt</strong></span> <span class='ocrx_word' id='word_1_96' title='bbox 441 1035 485 1074; x_wconf 89' lang='lat' dir='ltr'><strong>et</strong></span> <span class='ocrx_word' id='word_1_97' title='bbox 514 1034 805 1074; x_wconf 86' lang='lat' dir='ltr'><strong>narraverunt</strong></span> <span class='ocrx_word' id='word_1_98' title='bbox 835 1031 1024 1083; x_wconf 85' lang='lat' dir='ltr'><strong>qualiter</strong></span> <span class='ocrx_word' id='word_1_99' title='bbox 1048 1030 1133 1082; x_wconf 91' lang='lat' dir='ltr'><strong>ipsi</strong></span> <span class='ocrx_word' id='word_1_100' title='bbox 1159 1030 1489 1071; x_wconf 84' lang='lat' dir='ltr'><strong>considerantes</strong></span> <span class='ocrx_word' id='word_1_101' title='bbox 1519 1030 1640 1082; x_wconf 88' lang='lat' dir='ltr'><strong>quod</strong></span> <span class='ocrx_word' id='word_1_102' title='bbox 1670 1030 2085 1072; x_wconf 88' lang='lat' dir='ltr'><strong>Reverendissimus</strong></span> 
     </span>
     <span class='ocr_line' id='line_1_12' title="bbox 297 1095 2085 1152; baseline -0.002 -11"><span class='ocrx_word' id='word_1_103' title='bbox 297 1101 351 1141; x_wconf 84' lang='lat' dir='ltr'><strong>in</strong></span> <span class='ocrx_word' id='word_1_104' title='bbox 381 1101 453 1140; x_wconf 62' lang='lat' dir='ltr'><strong>Xt⁰</strong></span> <span class='ocrx_word' id='word_1_105' title='bbox 481 1102 607 1152; x_wconf 87' lang='lat' dir='ltr'><strong>pater</strong></span> <span class='ocrx_word' id='word_1_106' title='bbox 635 1101 678 1140; x_wconf 89' lang='lat' dir='ltr'><strong>et</strong></span> <span class='ocrx_word' id='word_1_107' title='bbox 713 1100 852 1147; x_wconf 86' lang='lat' dir='ltr'><strong>Dnus,</strong></span> <span class='ocrx_word' id='word_1_108' title='bbox 887 1098 1011 1137; x_wconf 91' lang='lat' dir='ltr'><strong>Dnus</strong></span> <span class='ocrx_word' id='word_1_109' title='bbox 1049 1095 1287 1137; x_wconf 89' lang='lat' dir='ltr'><strong>Rodericus</strong></span> <span class='ocrx_word' id='word_1_110' title='bbox 1326 1095 1379 1136; x_wconf 89' lang='lat' dir='ltr'><strong>de</strong></span> <span class='ocrx_word' id='word_1_111' title='bbox 1412 1096 1539 1135; x_wconf 89' lang='lat' dir='ltr'><strong>Boria</strong></span> <span class='ocrx_word' id='word_1_112' title='bbox 1578 1098 1857 1137; x_wconf 85' lang='lat' dir='ltr'><strong>sacrosancte</strong></span> <span class='ocrx_word' id='word_1_113' title='bbox 1889 1097 2085 1138; x_wconf 89' lang='lat' dir='ltr'><strong>Romane</strong></span> 
     </span>
     <span class='ocr_line' id='line_1_13' title="bbox 304 1160 2084 1212; baseline -0.003 -5"><span class='ocrx_word' id='word_1_114' title='bbox 304 1166 495 1207; x_wconf 87' lang='lat' dir='ltr'><strong>Ecclesie</strong></span> <span class='ocrx_word' id='word_1_115' title='bbox 517 1163 906 1206; x_wconf 86' lang='lat' dir='ltr'><strong>Vicecancellarius</strong></span> <span class='ocrx_word' id='word_1_116' title='bbox 922 1162 1023 1202; x_wconf 88' lang='lat' dir='ltr'><strong>dicti</strong></span> <span class='ocrx_word' id='word_1_117' title='bbox 1048 1162 1133 1202; x_wconf 91' lang='lat' dir='ltr'><strong>Dni</strong></span> <span class='ocrx_word' id='word_1_118' title='bbox 1152 1160 1362 1202; x_wconf 90' lang='lat' dir='ltr'><strong>Johannis</strong></span> <span class='ocrx_word' id='word_1_119' title='bbox 1385 1163 1562 1201; x_wconf 87' lang='lat' dir='ltr'><strong>curator</strong></span> <span class='ocrx_word' id='word_1_120' title='bbox 1581 1160 1751 1201; x_wconf 91' lang='lat' dir='ltr'><strong>dudum</strong></span> <span class='ocrx_word' id='word_1_121' title='bbox 1772 1160 1965 1212; x_wconf 86' lang='lat' dir='ltr'><strong>predicto</strong></span> <span class='ocrx_word' id='word_1_122' title='bbox 1988 1162 2084 1202; x_wconf 92' lang='lat' dir='ltr'><strong>Dno</strong></span> 
     </span>
     <span class='ocr_line' id='line_1_14' title="bbox 304 1226 2085 1283; baseline -0.002 -13"><span class='ocrx_word' id='word_1_123' title='bbox 304 1230 506 1280; x_wconf 89' lang='lat' dir='ltr'><strong>Johanni,</strong></span> <span class='ocrx_word' id='word_1_124' title='bbox 533 1230 630 1283; x_wconf 81' lang='lat' dir='ltr'><strong>eJ&#39;us</strong></span> <span class='ocrx_word' id='word_1_125' title='bbox 652 1229 815 1270; x_wconf 88' lang='lat' dir='ltr'><strong>carnali</strong></span> <span class='ocrx_word' id='word_1_126' title='bbox 835 1227 926 1269; x_wconf 92' lang='lat' dir='ltr'><strong>filio</strong></span> <span class='ocrx_word' id='word_1_127' title='bbox 949 1239 1030 1268; x_wconf 87' lang='lat' dir='ltr'><strong>seu</strong></span> <span class='ocrx_word' id='word_1_128' title='bbox 1053 1226 1259 1278; x_wconf 85' lang='lat' dir='ltr'><strong>predictis</strong></span> <span class='ocrx_word' id='word_1_129' title='bbox 1283 1226 1521 1276; x_wconf 76' lang='lat' dir='ltr'><strong>tutoribuS,</strong></span> <span class='ocrx_word' id='word_1_130' title='bbox 1548 1226 1705 1267; x_wconf 87' lang='lat' dir='ltr'><strong>tutoris</strong></span> <span class='ocrx_word' id='word_1_131' title='bbox 1731 1226 1910 1267; x_wconf 90' lang='lat' dir='ltr'><strong>nomine</strong></span> <span class='ocrx_word' id='word_1_132' title='bbox 1929 1226 2085 1278; x_wconf 89' lang='lat' dir='ltr'><strong>prefati</strong></span> 
     </span>
     <span class='ocr_line' id='line_1_15' title="bbox 305 1291 2087 1344; baseline -0.002 -8"><span class='ocrx_word' id='word_1_133' title='bbox 305 1295 487 1336; x_wconf 90' lang='lat' dir='ltr'><strong>infantis</strong></span> <span class='ocrx_word' id='word_1_134' title='bbox 517 1295 688 1337; x_wconf 88' lang='lat' dir='ltr'><strong>dedit...</strong></span> <span class='ocrx_word' id='word_1_135' title='bbox 721 1304 942 1335; x_wconf 90' lang='lat' dir='ltr'><strong>summam</strong></span> <span class='ocrx_word' id='word_1_136' title='bbox 978 1296 1021 1333; x_wconf 92' lang='lat' dir='ltr'><strong>et</strong></span> <span class='ocrx_word' id='word_1_137' title='bbox 1052 1293 1346 1344; x_wconf 84' lang='lat' dir='ltr'><strong>quantitatem</strong></span> <span class='ocrx_word' id='word_1_138' title='bbox 1381 1291 1535 1344; x_wconf 83' lang='lat' dir='ltr'><strong>viginti</strong></span> <span class='ocrx_word' id='word_1_139' title='bbox 1564 1292 1762 1344; x_wconf 90' lang='lat' dir='ltr'><strong>quinque</strong></span> <span class='ocrx_word' id='word_1_140' title='bbox 1790 1291 1931 1332; x_wconf 86' lang='lat' dir='ltr'><strong>millia</strong></span> <span class='ocrx_word' id='word_1_141' title='bbox 1957 1292 2087 1333; x_wconf 91' lang='lat' dir='ltr'><strong>duca-</strong></span> 
     </span>
     <span class='ocr_line' id='line_1_16' title="bbox 308 1357 2086 1409; baseline -0.002 -8"><span class='ocrx_word' id='word_1_142' title='bbox 308 1364 506 1402; x_wconf 87' lang='lat' dir='ltr'><strong>torum...</strong></span> <span class='ocrx_word' id='word_1_143' title='bbox 549 1360 836 1402; x_wconf 88' lang='lat' dir='ltr'><strong>Postmodum</strong></span> <span class='ocrx_word' id='word_1_144' title='bbox 882 1359 1081 1400; x_wconf 88' lang='lat' dir='ltr'><strong>volentes</strong></span> <span class='ocrx_word' id='word_1_145' title='bbox 1117 1357 1219 1398; x_wconf 89' lang='lat' dir='ltr'><strong>dicti</strong></span> <span class='ocrx_word' id='word_1_146' title='bbox 1252 1359 1421 1397; x_wconf 89' lang='lat' dir='ltr'><strong>tutores</strong></span> <span class='ocrx_word' id='word_1_147' title='bbox 1455 1357 1671 1409; x_wconf 86' lang='lat' dir='ltr'><strong>prefatam</strong></span> <span class='ocrx_word' id='word_1_148' title='bbox 1704 1357 1998 1409; x_wconf 85' lang='lat' dir='ltr'><strong>quantitatem</strong></span> <span class='ocrx_word' id='word_1_149' title='bbox 2030 1357 2086 1397; x_wconf 92' lang='lat' dir='ltr'><strong>ad</strong></span> 
     </span>
     <span class='ocr_line' id='line_1_17' title="bbox 304 1421 2085 1478; baseline -0.002 -12"><span class='ocrx_word' id='word_1_150' title='bbox 304 1426 519 1478; x_wconf 73' lang='lat' dir='ltr'><strong>maiorem</strong></span> <span class='ocrx_word' id='word_1_151' title='bbox 546 1425 648 1466; x_wconf 91' lang='lat' dir='ltr'><strong>dicti</strong></span> <span class='ocrx_word' id='word_1_152' title='bbox 680 1425 764 1465; x_wconf 92' lang='lat' dir='ltr'><strong>Dni</strong></span> <span class='ocrx_word' id='word_1_153' title='bbox 793 1424 1006 1465; x_wconf 88' lang='lat' dir='ltr'><strong>Johannis</strong></span> <span class='ocrx_word' id='word_1_154' title='bbox 1045 1422 1226 1464; x_wconf 82' lang='lat' dir='ltr'><strong>infantis</strong></span> <span class='ocrx_word' id='word_1_155' title='bbox 1261 1422 1512 1471; x_wconf 87' lang='lat' dir='ltr'><strong>utilitatem,</strong></span> <span class='ocrx_word' id='word_1_156' title='bbox 1541 1421 1598 1462; x_wconf 93' lang='lat' dir='ltr'><strong>ad</strong></span> <span class='ocrx_word' id='word_1_157' title='bbox 1634 1421 1854 1463; x_wconf 87' lang='lat' dir='ltr'><strong>civitatem</strong></span> <span class='ocrx_word' id='word_1_158' title='bbox 1887 1423 2085 1464; x_wconf 90' lang='lat' dir='ltr'><strong>Valentie</strong></span> 
     </span>
     <span class='ocr_line' id='line_1_18' title="bbox 305 1487 2086 1541; baseline -0.001 -10"><span class='ocrx_word' id='word_1_159' title='bbox 305 1491 594 1532; x_wconf 85' lang='lat' dir='ltr'><strong>transferre...</strong></span> <span class='ocrx_word' id='word_1_160' title='bbox 641 1491 695 1531; x_wconf 91' lang='lat' dir='ltr'><strong>Et</strong></span> <span class='ocrx_word' id='word_1_161' title='bbox 726 1489 848 1541; x_wconf 88' lang='lat' dir='ltr'><strong>quia,</strong></span> <span class='ocrx_word' id='word_1_162' title='bbox 888 1491 938 1529; x_wconf 90' lang='lat' dir='ltr'><strong>ut</strong></span> <span class='ocrx_word' id='word_1_163' title='bbox 979 1488 1199 1536; x_wconf 85' lang='lat' dir='ltr'><strong>dicebant,</strong></span> <span class='ocrx_word' id='word_1_164' title='bbox 1237 1487 1324 1527; x_wconf 93' lang='lat' dir='ltr'><strong>duo</strong></span> <span class='ocrx_word' id='word_1_165' title='bbox 1358 1498 1412 1527; x_wconf 89' lang='lat' dir='ltr'><strong>ex</strong></span> <span class='ocrx_word' id='word_1_166' title='bbox 1448 1487 1575 1528; x_wconf 85' lang='lat' dir='ltr'><strong>dictis</strong></span> <span class='ocrx_word' id='word_1_167' title='bbox 1610 1488 1850 1537; x_wconf 82' lang='lat' dir='ltr'><strong>tutoribus,</strong></span> <span class='ocrx_word' id='word_1_168' title='bbox 1884 1487 2086 1529; x_wconf 83' lang='lat' dir='ltr'><strong>videlicet</strong></span> 
     </span>
    </p>
   </div>
   <div class='ocr_carea' id='block_1_3' title="bbox 306 1552 2138 1596">
    <p class='ocr_par' dir='ltr' id='par_1_3' title="bbox 306 1552 2138 1596">
     <span class='ocr_line' id='line_1_19' title="bbox 306 1552 2138 1596; baseline -0.002 0"><span class='ocrx_word' id='word_1_169' title='bbox 306 1558 430 1596; x_wconf 89' lang='lat' dir='ltr'><strong>Dnus</strong></span> <span class='ocrx_word' id='word_1_170' title='bbox 457 1557 612 1596; x_wconf 85' lang='lat' dir='ltr'><strong>Petrus</strong></span> <span class='ocrx_word' id='word_1_171' title='bbox 648 1554 895 1596; x_wconf 90' lang='lat' dir='ltr'><strong>Ludovicus</strong></span> <span class='ocrx_word' id='word_1_172' title='bbox 928 1553 981 1594; x_wconf 90' lang='lat' dir='ltr'><strong>de</strong></span> <span class='ocrx_word' id='word_1_173' title='bbox 1013 1554 1139 1594; x_wconf 90' lang='lat' dir='ltr'><strong>Boria</strong></span> <span class='ocrx_word' id='word_1_174' title='bbox 1170 1555 1261 1593; x_wconf 86' lang='lat' dir='ltr'><strong>et...</strong></span> <span class='ocrx_word' id='word_1_175' title='bbox 1295 1554 1418 1592; x_wconf 90' lang='lat' dir='ltr'><strong>Dnus</strong></span> <span class='ocrx_word' id='word_1_176' title='bbox 1443 1552 1699 1592; x_wconf 87' lang='lat' dir='ltr'><strong>Franciscus</strong></span> <span class='ocrx_word' id='word_1_177' title='bbox 1732 1553 2002 1593; x_wconf 88' lang='lat' dir='ltr'><strong>Rochemora</strong></span> <span class='ocrx_word' id='word_1_178' title='bbox 2031 1554 2085 1593; x_wconf 90' lang='lat' dir='ltr'><strong>ad</strong></span> <span class='ocrx_word' id='word_1_179' title='bbox 2135 1579 2138 1581; x_wconf 95' lang='lat'>-</span> 
     </span>
    </p>
   </div>
   <div class='ocr_carea' id='block_1_4' title="bbox 303 1616 2088 1922">
    <p class='ocr_par' dir='ltr' id='par_1_4' title="bbox 303 1616 2088 1922">
     <span class='ocr_line' id='line_1_20' title="bbox 305 1616 2087 1673; baseline -0.002 -11"><span class='ocrx_word' id='word_1_180' title='bbox 305 1632 507 1673; x_wconf 84' lang='lat' dir='ltr'><strong>presens,</strong></span> <span class='ocrx_word' id='word_1_181' title='bbox 533 1620 590 1661; x_wconf 94' lang='lat' dir='ltr'><strong>ad</strong></span> <span class='ocrx_word' id='word_1_182' title='bbox 618 1620 781 1661; x_wconf 89' lang='lat' dir='ltr'><strong>dictam</strong></span> <span class='ocrx_word' id='word_1_183' title='bbox 811 1619 1031 1660; x_wconf 86' lang='lat' dir='ltr'><strong>civitatem</strong></span> <span class='ocrx_word' id='word_1_184' title='bbox 1061 1618 1258 1658; x_wconf 87' lang='lat' dir='ltr'><strong>Valentie</strong></span> <span class='ocrx_word' id='word_1_185' title='bbox 1283 1616 1542 1657; x_wconf 89' lang='lat' dir='ltr'><strong>accedere...</strong></span> <span class='ocrx_word' id='word_1_186' title='bbox 1572 1620 1833 1658; x_wconf 89' lang='lat' dir='ltr'><strong>conventum</strong></span> <span class='ocrx_word' id='word_1_187' title='bbox 1861 1620 1904 1658; x_wconf 85' lang='lat' dir='ltr'><strong>et</strong></span> <span class='ocrx_word' id='word_1_188' title='bbox 1923 1617 2087 1658; x_wconf 88' lang='lat' dir='ltr'><strong>delibe-</strong></span> 
     </span>
     <span class='ocr_line' id='line_1_21' title="bbox 310 1682 2088 1738; baseline -0.003 -10"><span class='ocrx_word' id='word_1_189' title='bbox 310 1690 458 1728; x_wconf 88' lang='lat' dir='ltr'><strong>ratum</strong></span> <span class='ocrx_word' id='word_1_190' title='bbox 481 1687 586 1727; x_wconf 80' lang='lat' dir='ltr'><strong>sit...</strong></span> <span class='ocrx_word' id='word_1_191' title='bbox 610 1697 697 1738; x_wconf 90' lang='lat' dir='ltr'><strong>quo</strong></span> <span class='ocrx_word' id='word_1_192' title='bbox 720 1685 775 1726; x_wconf 93' lang='lat' dir='ltr'><strong>ad</strong></span> <span class='ocrx_word' id='word_1_193' title='bbox 798 1685 959 1725; x_wconf 88' lang='lat' dir='ltr'><strong>dictam</strong></span> <span class='ocrx_word' id='word_1_194' title='bbox 980 1684 1250 1725; x_wconf 86' lang='lat' dir='ltr'><strong>civitatem...</strong></span> <span class='ocrx_word' id='word_1_195' title='bbox 1273 1693 1352 1734; x_wconf 88' lang='lat' dir='ltr'><strong>pro</strong></span> <span class='ocrx_word' id='word_1_196' title='bbox 1376 1682 1693 1733; x_wconf 83' lang='lat' dir='ltr'><strong>recipiendis...</strong></span> <span class='ocrx_word' id='word_1_197' title='bbox 1723 1682 1849 1723; x_wconf 89' lang='lat' dir='ltr'><strong>dictis</strong></span> <span class='ocrx_word' id='word_1_198' title='bbox 1870 1684 2088 1734; x_wconf 85' lang='lat' dir='ltr'><strong>quantita-</strong></span> 
     </span>
     <span class='ocr_line' id='line_1_22' title="bbox 310 1747 2086 1800; baseline -0.002 -8"><span class='ocrx_word' id='word_1_199' title='bbox 310 1753 430 1793; x_wconf 88' lang='lat' dir='ltr'><strong>tibus</strong></span> <span class='ocrx_word' id='word_1_200' title='bbox 451 1751 664 1792; x_wconf 90' lang='lat' dir='ltr'><strong>accedant</strong></span> <span class='ocrx_word' id='word_1_201' title='bbox 691 1752 746 1792; x_wconf 92' lang='lat' dir='ltr'><strong>ad</strong></span> <span class='ocrx_word' id='word_1_202' title='bbox 776 1751 936 1791; x_wconf 90' lang='lat' dir='ltr'><strong>dictam</strong></span> <span class='ocrx_word' id='word_1_203' title='bbox 965 1750 1184 1791; x_wconf 88' lang='lat' dir='ltr'><strong>civitatem</strong></span> <span class='ocrx_word' id='word_1_204' title='bbox 1212 1748 1254 1786; x_wconf 85' lang='lat' dir='ltr'><strong>et</strong></span> <span class='ocrx_word' id='word_1_205' title='bbox 1285 1747 1534 1797; x_wconf 84' lang='lat' dir='ltr'><strong>specialiter</strong></span> <span class='ocrx_word' id='word_1_206' title='bbox 1560 1747 1759 1800; x_wconf 85' lang='lat' dir='ltr'><strong>prefatus</strong></span> <span class='ocrx_word' id='word_1_207' title='bbox 1782 1749 1905 1789; x_wconf 88' lang='lat' dir='ltr'><strong>Dnus</strong></span> <span class='ocrx_word' id='word_1_208' title='bbox 1932 1749 2086 1789; x_wconf 88' lang='lat' dir='ltr'><strong>Petrus</strong></span> 
     </span>
     <span class='ocr_line' id='line_1_23' title="bbox 308 1812 2085 1868; baseline 0.001 -14"><span class='ocrx_word' id='word_1_209' title='bbox 308 1814 556 1855; x_wconf 88' lang='lat' dir='ltr'><strong>Ludovicus</strong></span> <span class='ocrx_word' id='word_1_210' title='bbox 582 1812 797 1853; x_wconf 88' lang='lat' dir='ltr'><strong>beneficio</strong></span> <span class='ocrx_word' id='word_1_211' title='bbox 822 1812 1004 1853; x_wconf 89' lang='lat' dir='ltr'><strong>minoris</strong></span> <span class='ocrx_word' id='word_1_212' title='bbox 1031 1812 1161 1852; x_wconf 85' lang='lat' dir='ltr'><strong>etatis</strong></span> <span class='ocrx_word' id='word_1_213' title='bbox 1190 1816 1235 1853; x_wconf 90' lang='lat' dir='ltr'><strong>et</strong></span> <span class='ocrx_word' id='word_1_214' title='bbox 1268 1814 1564 1855; x_wconf 82' lang='lat' dir='ltr'><strong>restitutionis</strong></span> <span class='ocrx_word' id='word_1_215' title='bbox 1597 1814 1642 1854; x_wconf 94' lang='lat' dir='ltr'><strong>in</strong></span> <span class='ocrx_word' id='word_1_216' title='bbox 1671 1814 1896 1868; x_wconf 84' lang='lat' dir='ltr'><strong>integrum</strong></span> <span class='ocrx_word' id='word_1_217' title='bbox 1921 1826 2085 1856; x_wconf 86' lang='lat' dir='ltr'><strong>renun-</strong></span> 
     </span>
     <span class='ocr_line' id='line_1_24' title="bbox 303 1880 2076 1922; baseline -0.004 -2"><span class='ocrx_word' id='word_1_218' title='bbox 303 1880 432 1922; x_wconf 88' lang='lat' dir='ltr'><strong>ciavit</strong></span> <span class='ocrx_word' id='word_1_219' title='bbox 439 1910 518 1919; x_wconf 93' lang='lat'><strong>.....</strong></span> <span class='ocrx_word' id='word_1_220' title='bbox 548 1894 563 1915; x_wconf 76' lang='grc'>»</span> <span class='ocrx_word' id='word_1_221' title='bbox 2046 1881 2076 1913; x_wconf 67' lang='lat' dir='ltr'><strong>r</strong></span> 
     </span>
    </p>
   </div>
   <div class='ocr_carea' id='block_1_5' title="bbox 1005 2073 1386 2116">
    <p class='ocr_par' dir='ltr' id='par_1_5' title="bbox 1005 2073 1386 2116">
     <span class='ocr_line' id='line_1_25' title="bbox 1005 2073 1386 2116; baseline 0.003 -3"><span class='ocrx_word' id='word_1_222' title='bbox 1005 2074 1032 2113; x_wconf 79' lang='lat'>2</span> <span class='ocrx_word' id='word_1_223' title='bbox 1060 2085 1237 2115; x_wconf 66' lang='lat' dir='ltr'><strong>ocrossmz</strong></span> <span class='ocrx_word' id='word_1_224' title='bbox 1266 2073 1386 2116; x_wconf 90' lang='lat'><strong>1483.</strong></span> 
     </span>
    </p>
   </div>
   <div class='ocr_carea' id='block_1_6' title="bbox 302 2191 2082 2449">
    <p class='ocr_par' dir='ltr' id='par_1_6' title="bbox 302 2191 2082 2449">
     <span class='ocr_line' id='line_1_26' title="bbox 356 2191 2080 2250; baseline 0.002 -15"><span class='ocrx_word' id='word_1_225' title='bbox 356 2196 408 2235; x_wconf 89' lang='lat' dir='ltr'><strong>No</strong></span> <span class='ocrx_word' id='word_1_226' title='bbox 431 2193 524 2235; x_wconf 89' lang='lat'><strong>313.</strong></span> <span class='ocrx_word' id='word_1_227' title='bbox 551 2193 805 2245; x_wconf 83' lang='lat' dir='ltr'><strong>Obligation</strong></span> <span class='ocrx_word' id='word_1_228' title='bbox 819 2192 879 2232; x_wconf 92' lang='lat' dir='ltr'><strong>du</strong></span> <span class='ocrx_word' id='word_1_229' title='bbox 904 2191 1096 2233; x_wconf 89' lang='lat' dir='ltr'><strong>cardinal</strong></span> <span class='ocrx_word' id='word_1_230' title='bbox 1116 2193 1337 2246; x_wconf 81' lang='lat' dir='ltr'><strong>Rodrigue</strong></span> <span class='ocrx_word' id='word_1_231' title='bbox 1358 2194 1411 2234; x_wconf 89' lang='grc'><strong>(16</strong></span> <span class='ocrx_word' id='word_1_232' title='bbox 1432 2194 1558 2235; x_wconf 91' lang='lat' dir='ltr'><strong>Boria</strong></span> <span class='ocrx_word' id='word_1_233' title='bbox 1581 2206 1636 2236; x_wconf 90' lang='lat' dir='ltr'><strong>en</strong></span> <span class='ocrx_word' id='word_1_234' title='bbox 1656 2194 1810 2237; x_wconf 86' lang='lat' dir='ltr'><strong>faveur</strong></span> <span class='ocrx_word' id='word_1_235' title='bbox 1825 2197 1878 2239; x_wconf 87' lang='lat' dir='ltr'><strong>de</strong></span> <span class='ocrx_word' id='word_1_236' title='bbox 1899 2208 1979 2238; x_wconf 89' lang='lat' dir='ltr'><strong>son</strong></span> <span class='ocrx_word' id='word_1_237' title='bbox 1994 2197 2080 2250; x_wconf 88' lang='lat' dir='ltr'><strong>fils,</strong></span> 
     </span>
     <span class='ocr_line' id='line_1_27' title="bbox 305 2258 2082 2315; baseline 0.003 -16"><span class='ocrx_word' id='word_1_238' title='bbox 305 2261 401 2299; x_wconf 91' lang='lat' dir='ltr'><strong>Don</strong></span> <span class='ocrx_word' id='word_1_239' title='bbox 413 2258 550 2299; x_wconf 88' lang='lat' dir='ltr'><strong>Pedro</strong></span> <span class='ocrx_word' id='word_1_240' title='bbox 576 2258 678 2298; x_wconf 91' lang='lat' dir='ltr'><strong>Luis</strong></span> <span class='ocrx_word' id='word_1_241' title='bbox 703 2259 757 2298; x_wconf 92' lang='lat' dir='ltr'><strong>de</strong></span> <span class='ocrx_word' id='word_1_242' title='bbox 787 2259 930 2307; x_wconf 88' lang='lat' dir='ltr'><strong>Boria‚</strong></span> <span class='ocrx_word' id='word_1_243' title='bbox 957 2269 1070 2309; x_wconf 89' lang='lat' dir='ltr'><strong>pour</strong></span> <span class='ocrx_word' id='word_1_244' title='bbox 1096 2259 1221 2309; x_wconf 80' lang='lat'>5‚700</span> <span class='ocrx_word' id='word_1_245' title='bbox 1245 2259 1414 2310; x_wconf 88' lang='lat' dir='ltr'><strong>ducats,</strong></span> <span class='ocrx_word' id='word_1_246' title='bbox 1433 2271 1488 2300; x_wconf 91' lang='lat' dir='ltr'><strong>en</strong></span> <span class='ocrx_word' id='word_1_247' title='bbox 1502 2261 1563 2300; x_wconf 92' lang='lat' dir='ltr'><strong>lui</strong></span> <span class='ocrx_word' id='word_1_248' title='bbox 1585 2261 1814 2314; x_wconf 84' lang='lat' dir='ltr'><strong>assignant</strong></span> <span class='ocrx_word' id='word_1_249' title='bbox 1833 2274 1945 2314; x_wconf 86' lang='lat' dir='ltr'><strong>pour</strong></span> <span class='ocrx_word' id='word_1_250' title='bbox 1967 2264 2082 2315; x_wconf 89' lang='lat' dir='ltr'><strong>paie-</strong></span> 
     </span>
     <span class='ocr_line' id='line_1_28' title="bbox 302 2323 2081 2376; baseline 0.003 -11"><span class='ocrx_word' id='word_1_251' title='bbox 302 2324 558 2373; x_wconf 77' lang='lat' dir='ltr'><strong>ment5,770</strong></span> <span class='ocrx_word' id='word_1_252' title='bbox 579 2324 725 2374; x_wconf 88' lang='lat' dir='ltr'><strong>livres,</strong></span> <span class='ocrx_word' id='word_1_253' title='bbox 752 2324 801 2363; x_wconf 81' lang='lat'><strong>15</strong></span> <span class='ocrx_word' id='word_1_254' title='bbox 827 2323 970 2364; x_wconf 87' lang='lat' dir='ltr'><strong>sous9</strong></span> <span class='ocrx_word' id='word_1_255' title='bbox 991 2323 1165 2365; x_wconf 83' lang='lat' dir='ltr'><strong>deniers</strong></span> <span class='ocrx_word' id='word_1_256' title='bbox 1191 2336 1268 2365; x_wconf 84' lang='lat' dir='ltr'><strong>sur</strong></span> <span class='ocrx_word' id='word_1_257' title='bbox 1281 2336 1342 2365; x_wconf 91' lang='lat' dir='ltr'><strong>un</strong></span> <span class='ocrx_word' id='word_1_258' title='bbox 1363 2324 1500 2365; x_wconf 82' lang='lat' dir='ltr'><strong>credit</strong></span> <span class='ocrx_word' id='word_1_259' title='bbox 1526 2326 1631 2376; x_wconf 90' lang='lat' dir='ltr'><strong>qu’il</strong></span> <span class='ocrx_word' id='word_1_260' title='bbox 1650 2327 1765 2367; x_wconf 88' lang='lat' dir='ltr'><strong>avait</strong></span> <span class='ocrx_word' id='word_1_261' title='bbox 1792 2329 1902 2369; x_wconf 90' lang='lat' dir='ltr'><strong>dans</strong></span> <span class='ocrx_word' id='word_1_262' title='bbox 1935 2329 1978 2369; x_wconf 93' lang='lat' dir='ltr'><strong>la</strong></span> <span class='ocrx_word' id='word_1_263' title='bbox 2003 2330 2081 2370; x_wconf 88' lang='lat' dir='ltr'><strong>ba-</strong></span> 
     </span>
     <span class='ocr_line' id='line_1_29' title="bbox 302 2389 1939 2449; baseline 0.003 -20"><span class='ocrx_word' id='word_1_264' title='bbox 302 2390 426 2431; x_wconf 90' lang='lat' dir='ltr'><strong>ronie</strong></span> <span class='ocrx_word' id='word_1_265' title='bbox 440 2389 492 2430; x_wconf 84' lang='lat' dir='ltr'><strong>de</strong></span> <span class='ocrx_word' id='word_1_266' title='bbox 513 2391 722 2443; x_wconf 86' lang='lat' dir='ltr'><strong>Lombay.</strong></span> <span class='ocrx_word' id='word_1_267' title='bbox 745 2412 796 2418; x_wconf 94' lang='lat'>—</span> <span class='ocrx_word' id='word_1_268' title='bbox 819 2391 971 2440; x_wconf 90' lang='lat' dir='ltr'><strong>Rome,</strong></span> <span class='ocrx_word' id='word_1_269' title='bbox 994 2390 1017 2431; x_wconf 73' lang='lat'><strong>2</strong></span> <span class='ocrx_word' id='word_1_270' title='bbox 1039 2391 1216 2432; x_wconf 88' lang='lat' dir='ltr'><strong>octobre</strong></span> <span class='ocrx_word' id='word_1_271' title='bbox 1239 2390 1357 2432; x_wconf 88' lang='lat'><strong>1483.</strong></span> <span class='ocrx_word' id='word_1_272' title='bbox 1381 2391 1520 2445; x_wconf 75' lang='lat' dir='ltr'><strong>(Or-ig.</strong></span> <span class='ocrx_word' id='word_1_273' title='bbox 1545 2403 1623 2432; x_wconf 89' lang='lat' dir='ltr'><strong>sur</strong></span> <span class='ocrx_word' id='word_1_274' title='bbox 1648 2393 1939 2449; x_wconf 89' lang='lat' dir='ltr'><strong>parchemin.)</strong></span> 
     </span>
    </p>
   </div>
   <div class='ocr_carea' id='block_1_7' title="bbox 1033 2629 1356 2671">
    <p class='ocr_par' dir='ltr' id='par_1_7' title="bbox 1033 2629 1356 2671">
     <span class='ocr_line' id='line_1_30' title="bbox 1033 2629 1356 2671; baseline 0.003 -1"><span class='ocrx_word' id='word_1_275' title='bbox 1033 2629 1058 2670; x_wconf 90' lang='lat'><strong>3</strong></span> <span class='ocrx_word' id='word_1_276' title='bbox 1087 2642 1203 2671; x_wconf 75' lang='lat' dir='ltr'><strong>Avmt.</strong></span> <span class='ocrx_word' id='word_1_277' title='bbox 1236 2629 1356 2671; x_wconf 87' lang='grc'>1484.</span> 
     </span>
    </p>
   </div>
   <div class='ocr_carea' id='block_1_8' title="bbox 308 2748 2082 2866">
    <p class='ocr_par' dir='ltr' id='par_1_8' title="bbox 308 2748 2082 2866">
     <span class='ocr_line' id='line_1_31' title="bbox 359 2748 2082 2802; baseline 0.001 -12"><span class='ocrx_word' id='word_1_278' title='bbox 359 2750 412 2790; x_wconf 88' lang='lat' dir='ltr'><strong>N⁰</strong></span> <span class='ocrx_word' id='word_1_279' title='bbox 430 2748 548 2789; x_wconf 86' lang='lat'><strong>1171.</strong></span> <span class='ocrx_word' id='word_1_280' title='bbox 575 2748 697 2789; x_wconf 89' lang='lat' dir='ltr'><strong>Bulle</strong></span> <span class='ocrx_word' id='word_1_281' title='bbox 721 2748 775 2789; x_wconf 90' lang='lat' dir='ltr'><strong>de</strong></span> <span class='ocrx_word' id='word_1_282' title='bbox 803 2749 921 2790; x_wconf 89' lang='lat' dir='ltr'><strong>Sixte</strong></span> <span class='ocrx_word' id='word_1_283' title='bbox 947 2750 997 2790; x_wconf 94' lang='lat' dir='ltr'><strong>IV</strong></span> <span class='ocrx_word' id='word_1_284' title='bbox 1020 2752 1250 2790; x_wconf 86' lang='lat' dir='ltr'><strong>nommant</strong></span> <span class='ocrx_word' id='word_1_285' title='bbox 1276 2752 1371 2791; x_wconf 92' lang='lat' dir='ltr'><strong>Don</strong></span> <span class='ocrx_word' id='word_1_286' title='bbox 1398 2748 1531 2791; x_wconf 80' lang='lat' dir='ltr'><strong>Gesar</strong></span> <span class='ocrx_word' id='word_1_287' title='bbox 1555 2750 1608 2791; x_wconf 88' lang='grc'><strong>(16</strong></span> <span class='ocrx_word' id='word_1_288' title='bbox 1631 2749 1761 2802; x_wconf 90' lang='lat' dir='ltr'><strong>Borja</strong></span> <span class='ocrx_word' id='word_1_289' title='bbox 1789 2761 1814 2789; x_wconf 90' lang='lat' dir='ltr'><strong>a</strong></span> <span class='ocrx_word' id='word_1_290' title='bbox 1838 2750 1879 2791; x_wconf 89' lang='lat' dir='ltr'><strong>la</strong></span> <span class='ocrx_word' id='word_1_291' title='bbox 1904 2751 2082 2802; x_wconf 65' lang='lat' dir='ltr'><strong>prevete</strong></span> 
     </span>
     <span class='ocr_line' id='line_1_32' title="bbox 308 2813 1502 2866; baseline 0.001 -11"><span class='ocrx_word' id='word_1_292' title='bbox 308 2814 361 2855; x_wconf 88' lang='grc'><strong>(16</strong></span> <span class='ocrx_word' id='word_1_293' title='bbox 381 2814 527 2864; x_wconf 84' lang='lat' dir='ltr'><strong>Albar‚</strong></span> <span class='ocrx_word' id='word_1_294' title='bbox 551 2813 829 2866; x_wconf 79' lang='lat' dir='ltr'><strong>dependante</strong></span> <span class='ocrx_word' id='word_1_295' title='bbox 849 2814 905 2855; x_wconf 91' lang='lat' dir='ltr'><strong>de</strong></span> <span class='ocrx_word' id='word_1_296' title='bbox 923 2815 966 2855; x_wconf 94' lang='lat' dir='ltr'><strong>la</strong></span> <span class='ocrx_word' id='word_1_297' title='bbox 987 2815 1236 2857; x_wconf 87' lang='lat' dir='ltr'><strong>cathedrale</strong></span> <span class='ocrx_word' id='word_1_298' title='bbox 1257 2815 1311 2856; x_wconf 93' lang='grc'><strong>(16</strong></span> <span class='ocrx_word' id='word_1_299' title='bbox 1333 2816 1502 2857; x_wconf 89' lang='lat' dir='ltr'><strong>Xativa.</strong></span> 
     </span>
    </p>
   </div>
   <div class='ocr_carea' id='block_1_9' title="bbox 973 3055 1435 3101">
    <p class='ocr_par' dir='ltr' id='par_1_9' title="bbox 973 3055 1435 3101">
     <span class='ocr_line' id='line_1_33' title="bbox 973 3055 1435 3101; baseline 0.004 -4"><span class='ocrx_word' id='word_1_300' title='bbox 973 3055 1029 3098; x_wconf 75' lang='lat'><strong>12</strong></span> <span class='ocrx_word' id='word_1_301' title='bbox 1060 3068 1287 3100; x_wconf 74' lang='lat' dir='ltr'>SEPTEMBRE</span> <span class='ocrx_word' id='word_1_302' title='bbox 1316 3058 1435 3101; x_wconf 88' lang='grc'>1484.</span> 
     </span>
    </p>
   </div>
   <div class='ocr_carea' id='block_1_10' title="bbox 309 3174 2083 3490">
    <p class='ocr_par' dir='ltr' id='par_1_10' title="bbox 309 3174 2083 3490">
     <span class='ocr_line' id='line_1_34' title="bbox 363 3174 2081 3228; baseline 0.001 -11"><span class='ocrx_word' id='word_1_303' title='bbox 363 3177 419 3217; x_wconf 89' lang='lat' dir='ltr'><strong>N⁰</strong></span> <span class='ocrx_word' id='word_1_304' title='bbox 449 3174 569 3216; x_wconf 84' lang='grc'>3443.</span> <span class='ocrx_word' id='word_1_305' title='bbox 602 3174 723 3215; x_wconf 88' lang='lat' dir='ltr'><strong>Bulle</strong></span> <span class='ocrx_word' id='word_1_306' title='bbox 752 3175 965 3228; x_wconf 83' lang='lat' dir='ltr'><strong>originale</strong></span> <span class='ocrx_word' id='word_1_307' title='bbox 997 3188 1072 3217; x_wconf 90' lang='lat' dir='ltr'><strong>sur</strong></span> <span class='ocrx_word' id='word_1_308' title='bbox 1092 3177 1345 3228; x_wconf 87' lang='lat' dir='ltr'><strong>parchemin</strong></span> <span class='ocrx_word' id='word_1_309' title='bbox 1369 3177 1428 3217; x_wconf 94' lang='lat' dir='ltr'><strong>du</strong></span> <span class='ocrx_word' id='word_1_310' title='bbox 1452 3187 1564 3227; x_wconf 89' lang='lat' dir='ltr'><strong>pape</strong></span> <span class='ocrx_word' id='word_1_311' title='bbox 1592 3177 1800 3216; x_wconf 88' lang='lat' dir='ltr'><strong>Innocent</strong></span> <span class='ocrx_word' id='word_1_312' title='bbox 1825 3177 1931 3228; x_wconf 83' lang='lat' dir='ltr'><strong>VIII,</strong></span> <span class='ocrx_word' id='word_1_313' title='bbox 1956 3189 2081 3218; x_wconf 86' lang='lat' dir='ltr'><strong>nom-</strong></span> 
     </span>
     <span class='ocr_line' id='line_1_35' title="bbox 309 3238 2083 3294; baseline 0.002 -14"><span class='ocrx_word' id='word_1_314' title='bbox 309 3243 432 3280; x_wconf 85' lang='lat' dir='ltr'><strong>mant</strong></span> <span class='ocrx_word' id='word_1_315' title='bbox 453 3242 547 3280; x_wconf 92' lang='lat' dir='ltr'><strong>Don</strong></span> <span class='ocrx_word' id='word_1_316' title='bbox 569 3238 701 3281; x_wconf 72' lang='lat' dir='ltr'><strong>Cesar</strong></span> <span class='ocrx_word' id='word_1_317' title='bbox 723 3240 777 3280; x_wconf 92' lang='grc'><strong>(16</strong></span> <span class='ocrx_word' id='word_1_318' title='bbox 799 3242 957 3293; x_wconf 78' lang='lat' dir='ltr'><strong>Bor-gia</strong></span> <span class='ocrx_word' id='word_1_319' title='bbox 982 3241 1190 3282; x_wconf 73' lang='lat' dir='ltr'><strong>tresorier</strong></span> <span class='ocrx_word' id='word_1_320' title='bbox 1207 3242 1260 3282; x_wconf 90' lang='lat' dir='ltr'><strong>de</strong></span> <span class='ocrx_word' id='word_1_321' title='bbox 1283 3241 1451 3294; x_wconf 83' lang='lat' dir='ltr'><strong>l&#39;eglise</strong></span> <span class='ocrx_word' id='word_1_322' title='bbox 1472 3241 1526 3282; x_wconf 88' lang='lat' dir='ltr'><strong>de</strong></span> <span class='ocrx_word' id='word_1_323' title='bbox 1548 3239 1820 3293; x_wconf 79' lang='lat' dir='ltr'><strong>Carthagene</strong></span> <span class='ocrx_word' id='word_1_324' title='bbox 1917 3244 2015 3283; x_wconf 73' lang='lat' dir='ltr'><strong>Tibi</strong></span> <span class='ocrx_word' id='word_1_325' title='bbox 2035 3245 2083 3284; x_wconf 77' lang='lat' dir='ltr'><strong>in</strong></span> 
     </span>
     <span class='ocr_line' id='line_1_36' title="bbox 311 3305 2078 3360; baseline 0.002 -16"><span class='ocrx_word' id='word_1_326' title='bbox 311 3317 428 3344; x_wconf 74' lang='lat' dir='ltr'><strong>nono</strong></span> <span class='ocrx_word' id='word_1_327' title='bbox 453 3310 522 3345; x_wconf 79' lang='lat' dir='ltr'><strong>tue</strong></span> <span class='ocrx_word' id='word_1_328' title='bbox 543 3306 670 3345; x_wconf 75' lang='lat' dir='ltr'><strong>etatis</strong></span> <span class='ocrx_word' id='word_1_329' title='bbox 693 3317 811 3346; x_wconf 74' lang='lat' dir='ltr'><strong>anno</strong></span> <span class='ocrx_word' id='word_1_330' title='bbox 829 3307 1076 3356; x_wconf 77' lang='lat' dir='ltr'><strong>constituto,</strong></span> <span class='ocrx_word' id='word_1_331' title='bbox 1101 3318 1131 3360; x_wconf 85' lang='lat' dir='ltr'><strong>y</strong></span> <span class='ocrx_word' id='word_1_332' title='bbox 1151 3306 1273 3346; x_wconf 87' lang='lat' dir='ltr'><strong>est-il</strong></span> <span class='ocrx_word' id='word_1_333' title='bbox 1294 3307 1356 3347; x_wconf 85' lang='lat' dir='ltr'><strong>dit</strong></span> <span class='ocrx_word' id='word_1_334' title='bbox 1371 3306 1670 3347; x_wconf 86' lang='lat' dir='ltr'><strong>relativement</strong></span> <span class='ocrx_word' id='word_1_335' title='bbox 1691 3305 1715 3345; x_wconf 78' lang='lat' dir='ltr'><strong>a</strong></span> <span class='ocrx_word' id='word_1_336' title='bbox 1736 3306 1850 3358; x_wconf 66' lang='lat' dir='ltr'><strong>l&#39;zige</strong></span> <span class='ocrx_word' id='word_1_337' title='bbox 1865 3306 1918 3348; x_wconf 86' lang='lat' dir='ltr'><strong>de</strong></span> <span class='ocrx_word' id='word_1_338' title='bbox 1933 3307 2078 3349; x_wconf 79' lang='lat' dir='ltr'><strong>Cesar.</strong></span> 
     </span>
     <span class='ocr_line' id='line_1_37' title="bbox 311 3370 2082 3424; baseline 0.002 -15"><span class='ocrx_word' id='word_1_339' title='bbox 311 3371 391 3418; x_wconf 86' lang='lat' dir='ltr'><strong>(Le</strong></span> <span class='ocrx_word' id='word_1_340' title='bbox 425 3381 615 3423; x_wconf 85' lang='lat' dir='ltr'><strong>passage</strong></span> <span class='ocrx_word' id='word_1_341' title='bbox 647 3374 714 3411; x_wconf 87' lang='lat' dir='ltr'><strong>est</strong></span> <span class='ocrx_word' id='word_1_342' title='bbox 744 3370 827 3412; x_wconf 79' lang='lat' dir='ltr'><strong>cite</strong></span> <span class='ocrx_word' id='word_1_343' title='bbox 859 3382 937 3422; x_wconf 88' lang='lat' dir='ltr'><strong>par</strong></span> <span class='ocrx_word' id='word_1_344' title='bbox 969 3373 1021 3412; x_wconf 89' lang='lat' dir='ltr'><strong>M.</strong></span> <span class='ocrx_word' id='word_1_345' title='bbox 1055 3372 1108 3412; x_wconf 90' lang='lat' dir='ltr'><strong>de</strong></span> <span class='ocrx_word' id='word_1_346' title='bbox 1132 3372 1356 3423; x_wconf 84' lang='lat' dir='ltr'><strong>l&#39;Epinois,</strong></span> <span class='ocrx_word' id='word_1_347' title='bbox 1379 3371 1518 3412; x_wconf 83' lang='lat' dir='ltr'><strong>Revue</strong></span> <span class='ocrx_word' id='word_1_348' title='bbox 1544 3373 1618 3412; x_wconf 78' lang='lat' dir='ltr'><strong>des</strong></span> <span class='ocrx_word' id='word_1_349' title='bbox 1648 3377 1782 3423; x_wconf 75' lang='lat' dir='ltr'><strong>quest.</strong></span> <span class='ocrx_word' id='word_1_350' title='bbox 1810 3374 1929 3423; x_wconf 63' lang='lat' dir='ltr'><strong>hist„</strong></span> <span class='ocrx_word' id='word_1_351' title='bbox 1959 3373 2082 3424; x_wconf 89' lang='lat'><strong>1881,</strong></span> 
     </span>
     <span class='ocr_line' id='line_1_38' title="bbox 310 3433 2081 3490; baseline 0.003 -18"><span class='ocrx_word' id='word_1_352' title='bbox 310 3444 353 3484; x_wconf 90' lang='lat' dir='ltr'><strong>p.</strong></span> <span class='ocrx_word' id='word_1_353' title='bbox 379 3433 471 3483; x_wconf 81' lang='lat'><strong>371,</strong></span> <span class='ocrx_word' id='word_1_354' title='bbox 498 3439 600 3476; x_wconf 88' lang='lat' dir='ltr'><strong>note</strong></span> <span class='ocrx_word' id='word_1_355' title='bbox 620 3436 679 3488; x_wconf 91' lang='lat'><strong>4.)</strong></span> <span class='ocrx_word' id='word_1_356' title='bbox 701 3437 766 3477; x_wconf 91' lang='lat' dir='ltr'><strong>On</strong></span> <span class='ocrx_word' id='word_1_357' title='bbox 788 3436 837 3477; x_wconf 90' lang='lat' dir='ltr'><strong>lit</strong></span> <span class='ocrx_word' id='word_1_358' title='bbox 858 3448 915 3477; x_wconf 89' lang='lat' dir='ltr'><strong>au</strong></span> <span class='ocrx_word' id='word_1_359' title='bbox 934 3448 1061 3478; x_wconf 90' lang='lat' dir='ltr'><strong>verso</strong></span> <span class='ocrx_word' id='word_1_360' title='bbox 1081 3436 1136 3477; x_wconf 90' lang='lat' dir='ltr'><strong>de</strong></span> <span class='ocrx_word' id='word_1_361' title='bbox 1160 3436 1286 3478; x_wconf 86' lang='lat' dir='ltr'><strong>l&#39;acte</strong></span> <span class='ocrx_word' id='word_1_362' title='bbox 1309 3448 1395 3488; x_wconf 91' lang='lat' dir='ltr'><strong>que</strong></span> <span class='ocrx_word' id='word_1_363' title='bbox 1419 3440 1530 3477; x_wconf 84' lang='lat' dir='ltr'><strong>cette</strong></span> <span class='ocrx_word' id='word_1_364' title='bbox 1556 3436 1722 3490; x_wconf 78' lang='lat' dir='ltr'><strong>dignite</strong></span> <span class='ocrx_word' id='word_1_365' title='bbox 1750 3438 1866 3479; x_wconf 88' lang='lat' dir='ltr'><strong>avait</strong></span> <span class='ocrx_word' id='word_1_366' title='bbox 1891 3437 1992 3490; x_wconf 80' lang='lat' dir='ltr'><strong>deja</strong></span> <span class='ocrx_word' id='word_1_367' title='bbox 2012 3437 2081 3478; x_wconf 76' lang='lat' dir='ltr'><strong>e&#39;te</strong></span> 
     </span>
    </p>
   </div>
  </div>
 </body>
</html>
