2254 3944
181 394 452 435 [Janvier1500]
621 390 791 428 RERUM
825 389 1131 427 URBANARUM
1162 389 1514 429 COMMENTARII.
1941 395 1964 430 5

184 496 265 559 qui
300 512 328 544 a
360 495 536 544 dextris
569 493 780 543 habebat
813 493 1075 556 quemdam
1108 493 1343 542 baronem
1370 494 1584 543 nobilem
1618 499 1666 543 et
1700 510 1728 542 a
1759 494 1966 542 sinistris

182 580 496 628 Monoculum
519 578 762 637 Ursinum‚
788 577 1015 624 maritum
1043 580 1100 624 D.
1121 577 1243 624 Julie
1276 578 1334 625 de
1357 577 1606 636 Farnesio,
1633 577 1814 626 sororis
1837 579 1963 625 Rmi.

183 666 239 711 D.
259 662 514 712 cardinalis
535 661 594 709 de
615 661 862 720 Farnesio,
885 676 1030 723 quem
1056 661 1347 724 sequebatur
1366 664 1423 709 D.
1444 662 1685 721 Lucretia,
1710 677 1738 709 a
1760 662 1967 710 sinistris

181 747 278 794 suis
297 746 482 795 habens
500 747 556 792 D.
589 744 893 807 Alphonsum
922 744 980 792 de
1008 745 1268 807 Aragonia,
1295 745 1470 792 ducem
1501 744 1795 803 Bisiliarum,
1820 745 1969 793 mari-

183 834 284 877 tum
320 844 478 876 suum.
507 830 622 875 Post
655 843 738 875 eos
774 827 1019 890 equitabat
1051 827 1199 874 frater
1232 828 1356 875 Rmi.
1398 831 1455 875 D.
1482 827 1738 875 cardinalis
1772 829 1967 892 Borgie,

185 913 464 977 capitaneus
486 911 702 959 custodie
728 916 867 975 porte
888 911 1052 974 palatii
1084 926 1207 974 pape
1230 927 1257 958 a
1279 911 1487 959 sinistris
1510 916 1557 959 et
1583 928 1609 959 a
1632 912 1813 960 dextris
1841 914 1973 975 ejus-

186 997 297 1045 dem
325 995 533 1059 quedam
561 995 753 1054 mulier,
790 1011 910 1058 quos
945 994 1271 1058 sequebantur
1297 995 1448 1044 multe
1476 995 1567 1044 alie
1595 996 1841 1056 mulieres,
1875 997 1975 1043 sin-

187 1080 295 1143 gule
317 1079 552 1128 habentes
581 1079 795 1142 singulos
826 1078 1012 1127 nobiles
1041 1083 1089 1126 et
1115 1078 1293 1126 milites
1316 1095 1344 1126 a
1371 1079 1594 1139 sinistris,
1627 1080 1687 1128 ad
1707 1079 1902 1127 laudem
1927 1085 1973 1127 et

185 1165 422 1212 honorem
446 1180 483 1211 s.
509 1179 710 1211 romane
733 1163 964 1211 Ecclesie.

253 1248 391 1296 Feria
423 1247 589 1310 quinta
622 1250 648 1295 2
674 1247 856 1294 mensis
884 1247 1112 1310 januarii,
1139 1250 1194 1294 R.
1228 1247 1276 1294 in
1307 1247 1495 1294 Christo
1530 1249 1581 1295 P.
1618 1249 1673 1294 D.
1708 1248 1971 1307 JohanneS,

188 1331 583 1394 archiepiscopus
599 1330 889 1394 Ragusinus,
914 1346 1060 1394 quem
1075 1330 1180 1378 heri
1198 1346 1339 1378 mane
1363 1331 1447 1378 SS.
1472 1333 1528 1377 D.
1554 1335 1721 1378 noster
1740 1330 1789 1377 in
1805 1346 1977 1394 regen-

189 1419 287 1463 tem
324 1413 610 1461 cancellarie
648 1413 918 1477 prefecerat
957 1419 1004 1462 et
1037 1414 1117 1477 qui
1157 1414 1327 1461 eadem
1367 1412 1442 1460 die
1482 1418 1589 1476 post
1634 1413 1889 1477 prandium
1928 1415 1973 1461 in

189 1501 348 1546 castro
371 1513 409 1544 s.
434 1496 607 1560 Angeli
630 1496 688 1544 de
718 1496 880 1545 officio
901 1497 1182 1560 hujusmodi
1212 1496 1421 1544 fideliter
1444 1497 1716 1544 exercendo
1739 1497 1786 1543 in
1820 1498 1977 1544 mani-

191 1581 282 1628 bus
308 1582 393 1628 SS.
420 1583 476 1628 D.
502 1581 654 1628 nostri
677 1583 804 1643 Pape
834 1581 1024 1630 solitum
1040 1581 1373 1643 juramentum
1395 1579 1690 1643 prestiterat,
1719 1580 1841 1627 hora
1862 1596 1976 1627 can-

194 1663 387 1711 cellarie
423 1664 549 1711 venit
595 1664 654 1711 ad
699 1663 1036 1711 cancellariam
1076 1663 1391 1726 apostolicam
1438 1663 1705 1711 associatus
1739 1679 1768 1711 a
1802 1666 1899 1711 RR.
1928 1665 1975 1711 in

195 1746 385 1794 Christo
421 1749 510 1793 ΡΡ.
547 1748 604 1794 D.
642 1747 994 1810 Caputaquensi
1025 1746 1285 1795 secretario
1326 1750 1373 1794 et
1406 1748 1462 1793 D.
1508 1747 1726 1795 Johanne
1764 1748 1978 1810 Baptista

196 1829 453 1877 Mutinensi
474 1829 657 1877 datario
680 1831 764 1878 SS.
793 1833 850 1878 D.
887 1833 944 1879 N.
971 1833 1116 1893 Pape,
1141 1835 1188 1878 et
1220 1831 1278 1878 de
1306 1831 1446 1893 jussu
1468 1830 1671 1893 predicti
1704 1833 1758 1878 D.
1783 1831 1974 1888 datarii,

196 1912 334 1970 sedit,
360 1911 472 1960 fecit
492 1912 839 1960 oratiunculam
868 1913 927 1960 de
951 1912 1110 1960 officio
1133 1912 1222 1960 sibi
1250 1912 1532 1969 commisso,
1557 1917 1602 1960 et
1632 1913 1812 1960 bullam
1834 1915 1977 1962 desu—

192 2010 280 2058 per
318 1995 407 2042 sibi
443 2010 727 2043 concessam
761 1996 941 2043 ibidem
975 1996 1190 2044 exhibuit
1219 2000 1267 2044 et
1299 1996 1608 2059 presentavit,
1641 2012 1734 2060 que
1775 1997 1862 2045 fuit
1892 2014 1980 2061 per

194 2081 250 2125 D.
270 2078 518 2126 Nicolaum
538 2079 596 2127 de
613 2077 839 2138 Castello,
858 2080 1128 2128 litterarum
1151 2080 1525 2144 apostolicarum
1544 2081 1603 2127 de
1622 2081 1808 2144 majore
1825 2082 1978 2145 presi-

193 2163 356 2210 dentia
375 2163 759 2211 abbreviatorem
770 2163 1015 2227 juniorem
1035 2163 1158 2210 inter
1176 2168 1290 2211 tunc
1312 2168 1583 2227 presentes,
1611 2163 1803 2227 publice
1822 2164 1971 2221 lecta;

192 2262 336 2310 quam
358 2249 414 2294 D.
434 2247 658 2295 Nicolaus
677 2247 912 2295 Antonius
928 2246 986 2294 de
1013 2247 1310 2306 Gottifredis,
1336 2247 1463 2295 dicte
1483 2247 1770 2295 cancellarie
1792 2252 1972 2306 custos,

193 2330 254 2378 ad
275 2345 326 2379 se
349 2331 548 2394 recepit.
577 2331 745 2378 Eidem
767 2336 931 2379 autem
956 2332 1323 2395 archiepiscopo
1357 2332 1544 2394 regenti
1570 2347 1666 2380 non
1695 2332 1778 2379 suit
1802 2348 1828 2379 a
1856 2349 1975 2395 quo-

191 2429 335 2477 quam
361 2429 670 2477 responsum,
696 2415 779 2463 sed
804 2415 980 2462 mansit
1000 2415 1064 2462 ibi
1088 2415 1280 2473 sedens,
1307 2414 1523 2462 officium
1547 2414 1636 2462 sibi
1659 2417 1973 2462 commissum

190 2497 560 2556 exercitaturus,
584 2498 722 2562 cujus
745 2498 939 2560 quidem
963 2498 1089 2546 bulle
1113 2514 1196 2546 seu
1227 2514 1432 2560 quarum
1455 2498 1725 2547 litterarum
1743 2499 1975 2562 apostoli-

187 2597 354 2628 carum
379 2585 520 2628 tenor
541 2581 599 2627 de
618 2581 764 2628 verbo
787 2581 848 2628 ad
868 2581 1066 2628 verbum
1088 2582 1304 2644 sequitur
1323 2598 1331 2626 :

259 2684 281 2707 «
311 2663 602 2723 Alexander,
632 2664 904 2728 episcopus,
934 2680 1099 2711 servus
1133 2679 1381 2711 servorum
1412 2648 1518 2719 Dei,
1551 2665 1813 2712 venerabili
1842 2665 1975 2713 fratri

183 2747 395 2795 Johanni
421 2747 791 2811 archiepiscopo
827 2747 1087 2810 Ragusino,
1119 2746 1449 2794 referendario
1479 2751 1664 2805 nostro,
1691 2747 1894 2795 salutem
1928 2754 1975 2797 et

190 2831 508 2895 apostolicam
543 2831 953 2879 benedictionem.
991 2833 1141 2878 Tuam
1164 2829 1448 2877 industriam
1477 2834 1523 2878 et
1558 2831 1843 2878 meritorum
1874 2847 1979 2881 ma-

192 2915 495 2979 gnitudinem
524 2915 697 2978 quibus
719 2915 994 2963 Altissimus
1014 2915 1080 2963 ita
1105 2930 1364 2978 personam
1395 2919 1525 2961 tuam
1552 2915 1815 2977 gratiarum
1836 2915 1978 2979 largi-

195 2999 325 3047 tione
353 2998 624 3062 insignavit,
650 3002 701 3046 ut
722 2998 770 3046 in
786 2998 983 3046 diversis
1001 3014 1094 3061 que
1115 3013 1173 3046 ex
1192 2997 1535 3045 commissione
1555 3002 1722 3046 nostra
1741 2997 1976 3046 hactenus

194 3082 386 3146 gessisti
410 3082 584 3130 officiis
608 3087 655 3130 et
677 3082 799 3129 adeo
824 3081 1083 3129 sollicitum
1105 3085 1152 3129 et
1173 3080 1367 3128 fidelem
1393 3085 1438 3128 te
1462 3080 1740 3128 exhibueris
1763 3086 1813 3128 ut
1835 3082 1974 3129 veluti

188 3165 372 3232 justitie
396 3166 550 3214 cultor
573 3170 617 3213 et
653 3166 702 3212 in
736 3165 1008 3213 commissis
1034 3164 1206 3223 fidelis,
1233 3180 1396 3212 servus
1426 3164 1638 3228 prudens
1672 3169 1719 3212 et
1750 3170 1975 3228 acceptus

194 3266 338 3314 super
365 3249 560 3313 negotia
599 3249 790 3297 Domini
827 3249 1116 3296 constitutus
1157 3248 1392 3295 merueris
1438 3248 1800 3305 commenda1·i;
1831 3249 1974 3309 digna

195 3333 505 3381 meditatione
539 3337 799 3396 pensantes
831 3332 1105 3379 inducimur
1138 3336 1188 3379 ut
1217 3331 1360 3379 etiam
1393 3331 1473 3377 tibi
1509 3331 1603 3378 alia
1635 3331 1850 3393 gerenda
1878 3345 1971 3376 non

197 3415 470 3463 dubitemus
497 3415 659 3463 officia
685 3415 1005 3473 committere,
1034 3414 1174 3461 firma
1198 3430 1281 3477 spe
1310 3413 1438 3460 ducti
1471 3413 1598 3475 quod
1618 3416 1810 3475 peracte
1842 3410 1972 3457 solli-

197 3498 420 3546 citudinis
442 3504 536 3562 tue-
559 3499 685 3546 curis
711 3499 759 3546 in
781 3499 872 3546 illis
893 3498 1038 3546 etiam
1063 3503 1110 3546 te
1130 3498 1276 3545 talem
1302 3497 1361 3544 de
1386 3500 1550 3544 cetero
1581 3494 1810 3542 exhibere
1839 3508 1972 3539 cura-
