2228 3938
243 376 316 414 262
852 372 1085 411 JOHANNIS
1118 371 1419 417 BURCHARDI,
1688 370 1911 414 [Septembre
1931 373 2026 415 1503]

247 477 436 527 Grassis
462 479 510 524 et
533 475 812 524 Jacobatius
844 475 1119 523 retulerunt
1150 475 1394 539 reperisse
1427 472 1770 542 marchionem
1803 475 2025 522 Mantua-

246 577 380 619 num,
416 558 726 622 capitaneum
755 558 999 606 Gallorum
1034 574 1178 621 quem
1210 558 1260 606 in
1290 557 1454 606 Insula
1482 555 1674 604 Grassis
1705 556 1904 619 reperit,
1938 572 2024 620 pro

247 642 454 707 prandio
481 657 593 690 uvas
625 643 673 690 et
706 656 882 704 panem
917 641 1295 690 manducantem
1328 644 1375 689 et
1406 656 1505 688 non
1543 640 1807 687 habentem
1839 639 2021 700 vinum,

246 725 385 773 vellet
415 724 654 772 mandatis
690 724 814 772 sacri
855 723 1050 786 collegii
1080 724 1277 772 obedire
1315 726 1363 771 et
1393 739 1491 770 non
1525 722 1691 770 venire
1727 723 1788 770 ad
1820 722 2020 780 Urbem,

246 805 510 853 dummodo
537 805 651 852 alibi
676 805 816 852 detur
833 804 924 851 sibi
947 820 1036 868 per
1074 804 1286 852 Tiberim
1308 804 1554 852 transitus.
1585 804 1717 850 Idem
1737 803 2012 852 Jacobatius

242 888 411 937 retulit
434 889 495 936 de
520 888 746 952 Hispanis
771 887 901 951 quod
921 888 1100 936 vellent
1122 903 1147 936 e
1177 890 1351 936 contra
1372 903 1588 936 manere.

261 1004 266 1008 -
306 971 486 1020 Eadem
510 971 604 1031 die,
622 975 730 1035 post
753 971 1030 1035 prandium,
1056 971 1371 1019 circahoram
1391 971 1676 1034 vigesimam
1692 969 1914 1034 primam,
1942 969 2013 1019 in-

243 1071 439 1120 gressus
471 1058 544 1103 est
570 1055 751 1103 Urbem
783 1071 871 1118 per
903 1059 1095 1118 portam
1129 1054 1357 1104 Viridarii
1395 1057 1562 1102 Rmus.
1598 1056 1653 1103 D.
1689 1053 1950 1102 cardinalis
1981 1070 2020 1101 5.

244 1138 441 1202 Georgii
471 1138 788 1196 camerarius,
821 1138 897 1185 cui
930 1140 1167 1186 venerunt
1198 1137 1387 1185 obviam
1422 1153 1589 1185 omnes
1628 1137 1788 1185 clerici
1828 1152 2024 1186 camere

246 1237 357 1270 cum
379 1226 523 1286 gente
540 1226 727 1270 armata
748 1221 957 1284 collegii,
981 1237 1150 1269 omnes
1169 1224 1553 1279 conservatoreS,
1574 1220 1734 1284 capita
1749 1219 2020 1284 regionum,

246 1308 356 1354 octo
393 1304 753 1354 mareschalchi
784 1308 1117 1352 Romanorum
1155 1320 1266 1351 cum
1304 1304 1401 1351 suis
1441 1303 1682 1367 gentibuS,
1728 1318 1820 1367 que
1857 1308 2025 1367 gentes

246 1404 416 1436 omnes
441 1388 738 1436 excederunt
763 1387 858 1435 duo
882 1386 1036 1434 millia
1060 1386 1309 1450 peditum:
1345 1388 1480 1434 extra
1509 1388 1721 1450 portam,
1751 1386 1877 1434 ultra
1903 1401 2025 1450 pon-

244 1472 449 1520 ticulum
471 1471 604 1519 venit
629 1470 717 1518 sibi
739 1470 927 1518 obviam
952 1470 1136 1518 familia
1162 1469 1464 1533 Neapolitani
1489 1471 1537 1518 et
1560 1472 1671 1533 post
1695 1485 1803 1518 eam
1829 1485 1867 1517 5.
1894 1469 2023 1518 Petri

246 1555 306 1602 ad
330 1553 553 1605 Vincula.
579 1553 780 1601 Intravit
804 1553 985 1601 Urbem
1011 1568 1122 1601 cum
1147 1568 1325 1615 magna
1357 1552 1576 1599 omnium
1600 1553 1755 1601 letitia
1779 1556 1827 1601 et
1847 1553 2022 1600 trium-

247 1637 375 1700 pho:
415 1638 553 1684 extra
587 1638 801 1683 castrum
832 1635 1028 1682 fuerunt
1057 1635 1200 1682 tracti
1237 1634 1376 1681 multi
1414 1634 1619 1698 scopetti
1651 1639 1698 1682 et
1728 1635 2021 1683 clamatum:

248 1720 491 1767 Ecclesia!
534 1719 777 1767 Ecclesia!
822 1718 1058 1781 Colleyio!
1097 1717 1332 1781 Colleqiol
1357 1719 1406 1765 et
1434 1734 1523 1781 per
1550 1717 1676 1765 viam
1701 1733 1758 1764 ex
1781 1718 2024 1776 domibus,

249 1803 460 1851 maxime
480 1803 619 1867 juxta
651 1803 852 1850 domum
879 1817 1034 1859 suam,
1059 1816 1087 1848 a
1109 1800 1274 1847 multis
1302 1800 1561 1848 clamatum
1584 1819 1593 1848 :
1622 1800 1676 1848 S.
1711 1800 1943 1863 Georqz'o!
1969 1800 2024 1848 S.

251 1885 486 1949 Georyz‘ol
521 1885 770 1933 descendit
793 1884 841 1932 in
863 1885 1062 1932 domum
1095 1899 1249 1942 suam,
1270 1883 1410 1947 juxta
1437 1883 1693 1931 ecclesiam
1716 1899 1754 1930 5.
1781 1882 2028 1932 Laurentii

247 1968 297 2017 in
322 1971 550 2016 Damaso.

312 2051 580 2109 Dominica,
639 2054 695 2098 10
742 2049 1048 2112 septembris,
1096 2053 1263 2097 Rmus.
1317 2052 1374 2098 D.
1419 2050 1681 2098 cardinalis
1725 2049 2028 2100 Vulteranus

247 2134 506 2183 celebravit
527 2133 727 2181 missam
753 2132 1008 2196 septimam
1033 2133 1347 2195 exequiarum
1367 2151 1376 2180 ε
1399 2132 1726 2180 interfuerunt
1747 2132 2028 2196 quindecim

248 2217 539 2266 cardinales.
578 2219 690 2264 Post
725 2215 923 2263 missam
948 2215 1038 2263 fuit
1073 2215 1390 2280 congregatio
1415 2216 1463 2263 in
1487 2215 1711 2263 sacristia
1740 2215 1788 2262 in
1822 2231 1917 2278 qua
1941 2215 2030 2262 fuit

248 2301 503 2349 decretum
537 2299 667 2362 quod
703 2298 1013 2346 intimaretur
1043 2299 1267 2346 omnibus
1306 2298 1632 2347 cardinalibus
1665 2298 1795 2361 quod
1825 2314 1915 2361 pro
1953 2298 2028 2345 die

249 2383 466 2431 crastina
489 2384 619 2430 esset
644 2381 958 2445 congregatio
983 2382 1043 2428 ad
1069 2381 1438 2429 deliberandum
1469 2382 1527 2428 de
1553 2381 1775 2429 intrando
1801 2381 2029 2428 conclave

251 2471 298 2515 et
330 2466 388 2514 de
432 2465 539 2513 aliis
571 2465 960 2513 occurrentibus,
998 2464 1162 2512 RRmi.
1204 2467 1304 2512 DD.
1339 2464 1703 2528 Neapolitanus,
1734 2481 1772 2512 s.
1813 2463 1946 2513 Petri
1970 2464 2031 2510 ad

247 2549 469 2608 Vincula,
501 2547 867 2607 Recanatensis,
899 2547 1051 2595 etalii
1076 2547 1349 2596 cardinales
1383 2550 1493 2611 post
1514 2547 1771 2611 prandium
1809 2546 2064 2596 visitave-,

250 2637 361 2681 runt
382 2632 682 2680 cardinalem
707 2647 745 2679 S.
775 2631 989 2695 Georgii.

313 2719 366 2764 In
406 2731 534 2774 sero,
575 2715 706 2763 circa
747 2715 1011 2762 secundam
1058 2714 1234 2762 horam
1280 2714 1453 2774 noctis,
1503 2714 1806 2762 intraverunt
1848 2714 2027 2762 Urbem

251 2798 417 2846 RRmi.
447 2801 545 2846 DD.
575 2798 960 2861 Rotomagensis,
995 2797 1231 2844 Ascanius
1274 2799 1322 2845 et
1361 2797 1419 2845 de
1446 2797 1692 2859 Aragonia
1717 2812 1803 2860 per
1838 2799 2028 2860 portam
2070 2776 2106 2828 ‘s

251 2881 440 2944 Populi,
459 2881 633 2944 quibus
656 2884 893 2929 venerunt
917 2880 1106 2928 obviam
1129 2880 1465 2938 Bononiensis,
1488 2879 1799 2936 Vulteranus,
1825 2895 1862 2925 5.
1890 2879 2030 2925 Seve-

252 2964 343 3012 rini
369 2968 416 3013 et
439 2964 497 3011 de
515 2963 752 3011 Alibretto
778 2979 930 3026 usque
958 2964 1019 3010 ad
1054 2963 1264 3010 mediam
1299 2963 1423 3009 viam
1457 2962 1617 3026 pontis
1642 2961 1788 3008 Milvii
1815 2960 1895 3006 ubi
1920 2960 2030 3006 des-

254 3047 519 3095 cenderunt
555 3061 614 3092 ex
653 3045 790 3108 equis
831 3049 879 3092 et
920 3048 1219 3108 acceperunt
1257 3047 1439 3092 vestem
1474 3044 1686 3106 longam,
1729 3042 2025 3100 rochettum,

253 3128 632 3185 mantellettum,
678 3127 967 3190 capuccinos
1013 3127 1254 3174 violaceos
1297 3131 1341 3174 et
1389 3126 1630 3189 capellum
1671 3124 2031 3173 cardinalitium

254 3226 363 3259 cum
385 3211 557 3274 quibus
587 3209 834 3257 intrarunt
870 3209 1082 3257 Urbem:
1111 3209 1333 3256 associati
1360 3208 1574 3266 fuerunt,
1613 3207 1981 3270 Rotomagensis
2008 3223 2054 3254 a·

255 3295 436 3342 dextris
474 3292 792 3341 Bononiensis
832 3307 860 3339 a
893 3291 1114 3351 sinistris,
1152 3291 1389 3338 Ascanius
1422 3307 1450 3338 a
1484 3290 1666 3338 dextris
1706 3290 2033 3340 Volateranus

257 3392 284 3423 a
325 3377 554 3435 sinistris,
609 3375 858 3439 Aragonia
915 3374 1041 3422 inter
1087 3391 1124 3422 S.
1174 3374 1459 3422 Severinum
1503 3389 1530 3420 a
1576 3372 1784 3431 dextris,
1829 3372 2034 3420 Alibret-

258 3462 357 3505 tum
374 3475 401 3506 a
419 3458 647 3506 sinistris.
671 3461 842 3506 Parum
867 3460 1122 3521 postquam
1144 3457 1366 3505 abierant
1391 3456 1680 3515 cardinaleS,
1711 3457 2032 3503 occurrerunt
