2228 3938
219 333 430 375 [1111111500]
652 330 820 368 RERUM
854 326 1156 366 URBANARUM
1191 325 1542 363 COMMENTARII.
1944 327 1992 361 65

220 438 326 495 suit,
355 438 502 500 prout
527 434 866 484 continebatur
890 432 939 479 in
961 430 1172 494 quadam
1197 428 1389 486 cedula,
1425 442 1571 490 quam
1599 425 1774 474 obtulit
1795 426 1989 473 notario

219 536 364 568 cause
389 519 569 567 ibidem
603 514 832 582 presenti.
868 515 1023 570 Quam
1054 511 1279 560 cedulam
1312 513 1444 574 Papa
1477 509 1592 558 fecit
1623 509 1730 557 dari
1763 511 1903 556 Rmo.
1933 509 1989 555 D.

223 602 459 651 cardinali
482 598 832 655 Alexandr-inm
861 600 909 644 et
934 595 1062 645 idem
1094 597 1151 643 D.
1181 594 1507 658 Hieronymus
1533 592 1665 640 dedit
1690 591 1836 639 aliam
1860 590 1994 638 simi-

220 686 317 734 lem
341 684 530 734 notario
562 681 804 747 predicto.
845 679 1003 727 Finita
1033 677 1198 736 missa,
1233 679 1459 725 ostensus
1491 675 1581 723 fuit
1611 675 1772 723 vultus
1804 673 1993 723 Domini

222 769 303 833 qui
331 768 440 816 heri
476 783 573 827 non
607 765 696 813 suit
733 767 976 822 ostensus,
1017 761 1098 825 qui
1137 760 1243 809 aliis
1280 760 1485 824 singulis
1522 757 1780 807 dominicis
1804 755 1994 805 ostendi

221 851 486 901 consuevit.
514 848 798 898 Cardinales
834 846 1164 895 ascenderunt
1202 859 1314 892 cum
1358 846 1490 907 Papa
1528 858 1680 905 usque
1719 841 1780 888 ad
1811 839 1995 888 curiam

218 936 267 982 in
291 950 386 999 qua
409 934 767 982 consueverunt
798 946 949 994 equos
981 928 1268 986 ascendere,
1307 926 1389 973 ubi
1420 928 1553 973 stans
1585 927 1642 973 D.
1670 924 1998 987 Hieronymus

218 1020 388 1066 orator
427 1019 476 1064 et
517 1017 814 1080 procurator
856 1012 988 1077 regis
1031 1009 1339 1075 Neapolitani
1382 1009 1560 1057 obtulit
1604 1009 1688 1056 SS.
1730 1010 1787 1055 D.
1827 1008 1997 1054 nostro

217 1115 396 1164 equum
438 1099 603 1147 album
650 1097 976 1162 phaleratum,
1023 1095 1192 1143 dicens
1235 1093 1285 1141 in
1328 1091 1612 1157 hujusmodi
1665 1089 1994 1138 sententiam:

218 1206 239 1228 «
281 1182 567 1231 Beatissime
606 1184 771 1239 Pater,
812 1177 1161 1241 Serenissimus
1200 1179 1258 1224 D.
1300 1175 1600 1234 FridericuS,
1643 1190 1731 1221 rex
1763 1172 1926 1221 Sicilie
1951 1175 2001 1219 et

217 1266 542 1325 Hierusalem,
586 1263 869 1314 Sanctitatis
906 1265 1083 1313 Vestre
1126 1265 1174 1309 et
1210 1260 1357 1325 hujus
1403 1262 1581 1308 Sancte
1623 1258 1763 1307 Sedis
1800 1258 2001 1305 devotus

215 1350 360 1410 filius,
404 1352 600 1397 tenetur
640 1347 843 1412 singulis
884 1346 1023 1394 annis
1061 1345 1110 1392 in
1150 1345 1274 1392 festo
1316 1361 1380 1391 ss.
1425 1343 1762 1407 apostolorum
1797 1339 1928 1389 Petri
1953 1341 2001 1386 et

217 1432 356 1481 Pauli
383 1448 473 1496 pro
499 1430 717 1478 dominio
743 1429 884 1494 regni
917 1429 1096 1477 offerre
1122 1427 1379 1476 Sanctitati
1408 1429 1584 1477 Vestre
1610 1441 1761 1473 unum
1784 1423 2000 1488 parafre-

217 1532 333 1565 num
359 1515 593 1563 decenter
619 1516 866 1571 ornatum,
898 1528 1044 1576 quem
1081 1528 1172 1576 ego
1206 1514 1373 1560 orator
1405 1513 1453 1558 et
1483 1511 1780 1574 procurator
1802 1523 1917 1554 suus
1942 1508 2003 1555 ad

217 1601 313 1648 hoc
343 1599 622 1663 specialiter
649 1597 936 1645 mandatum
966 1597 1156 1643 habens
1190 1595 1335 1658 (quod
1367 1598 1424 1642 D.
1456 1593 1682 1658 Aloysius
1712 1593 1772 1640 de
1795 1593 2002 1655 Campa-

220 1683 318 1741 nia,
348 1681 573 1729 notarius
600 1696 796 1729 camere
821 1679 1003 1727 ibidem
1034 1678 1227 1742 publice
1258 1677 1435 1725 obtulit
1458 1680 1506 1724 et
1529 1674 1758 1738 ostendit)
1786 1674 1996 1740 assigno,

220 1765 499 1830 supplicans
525 1765 756 1829 dignetur
787 1764 926 1811 illum
959 1763 1021 1810 ad
1051 1762 1278 1810 effectum
1309 1760 1587 1824 predictum
1610 1759 1820 1824 benigne
1849 1758 2002 1807 susci-

218 1866 355 1913 pere.
385 1869 408 1893 »
449 1851 581 1912 Papa
616 1847 874 1911 respondit
908 1862 918 1894 :
951 1826 1246 1909 Accepimus
1277 1844 1420 1909 juxta
1460 1847 1684 1892 tenorem
1719 1842 2002 1890 investiture

218 1932 359 1997 regni
384 1947 634 1980 concesse.
668 1951 690 1974 »
719 1932 787 1977 Ex
813 1933 930 1977 tunc
946 1932 1002 1976 R.
1024 1931 1082 1976 D.
1104 1929 1367 1986 Robertus,
1388 1927 1646 1991 episcopus
1669 1925 1998 1984 Trecorensis,

219 2018 390 2064 orator
414 2015 545 2079 regis
571 2017 895 2073 Francorum,
925 2012 1042 2060 dixit
1070 2028 1080 2060 1
1114 2033 1136 2056 «
1155 2011 1442 2060 Beatissime
1467 2013 1629 2069 Pater,
1658 2025 1770 2058 cum
1795 2025 2002 2074 regnum

217 2098 593 2163 Neapolitanum
617 2100 805 2162 spectet
820 2096 1005 2161 dejure
1021 2096 1083 2144 ad
1099 2095 1563 2143 christianissimum
1588 2109 1759 2158 regem
1777 2092 2000 2151 Francie,

220 2183 441 2248 supplico
481 2182 800 2231 Sanctitatem
837 2183 1068 2231 Vestram
1111 2180 1241 2243 quod
1283 2179 1566 2244 hujusmodi
1606 2177 2001 2241 acceptationem

219 2283 317 2317 non
350 2266 465 2315 velit
493 2265 596 2330 juri
633 2263 1024 2313 christianissimi
1066 2263 1200 2328 regis
1244 2262 1340 2311 mei
1374 2263 1436 2310 ad
1473 2277 1683 2326 regnum
1723 2260 2000 2324 predictum

220 2348 517 2414 competenti
547 2347 596 2396 in
619 2347 783 2411 aliquo
807 2345 1136 2411 prejudicare,
1172 2345 1311 2410 cujus
1338 2344 1535 2393 nomine
1562 2343 1716 2392 offero
1743 2341 2000 2391 Sanctitati

219 2435 399 2490 vestre,
427 2433 687 2495 postquam
701 2430 850 2478 suerit
874 2429 923 2476 in
948 2428 1256 2493 possessione
1281 2428 1399 2476 dicti
1415 2427 1553 2493 regni
1571 2426 1829 2484 constitus,
1858 2425 2002 2490 longe

220 2513 378 2578 majus
415 2513 727 2562 commodum
765 2512 1022 2560 Sanctitati
1058 2514 1219 2559 vestre
1263 2514 1311 2559 et
1345 2514 1513 2559 sancte
1552 2513 1770 2558 Romane
1797 2508 2003 2556 ecclesie

221 2597 484 2645 facturum.
514 2615 536 2638 »
568 2598 700 2658 Papa
728 2594 932 2641 subrisit
963 2597 1011 2642 et
1041 2594 1162 2641 nihil
1186 2594 1488 2657 respondit,
1507 2595 1555 2640 et
1585 2595 1752 2639 orator
1778 2590 2006 2654 Neapoli—

223 2683 364 2727 tanus
387 2677 535 2726 voluit
558 2677 724 2726 nescio
749 2676 864 2740 quid
895 2676 1156 2740 replicare,
1194 2676 1280 2723 sed
1312 2678 1446 2739 Papa
1478 2690 1627 2723 manu
1652 2676 1701 2721 et
1725 2689 1810 2721 ore
1835 2672 2006 2720 indixit

184 2765 188 2768 ’
223 2761 266 2810 ei
292 2761 570 2819 silentium;
601 2775 690 2808 nec
717 2775 840 2823 opus
866 2761 971 2806 erat
996 2758 1161 2822 aliqua
1185 2758 1524 2822 replicatione.

287 2845 471 2893 Eadem
495 2844 591 2904 die,
619 2846 731 2907 post
753 2843 931 2891 horam
955 2858 1276 2906 vesperarum
1303 2841 1436 2890 circa
1457 2840 1742 2906 vigesimam
1771 2838 2002 2903 primam,

222 2929 352 2977 venit
381 2931 574 2991 tempus
609 2927 747 2975 valde
784 2925 1038 2974 turbidum
1067 2942 1178 2974 cum
1209 2942 1389 2991 magna
1419 2924 1580 2990 pluvia
1606 2927 1654 2972 et
1685 2922 2006 2988 grandinibus

224 3010 424 3076 grossis,
454 3010 698 3073 aliquibus
729 3008 913 3074 grossis
943 3009 1005 3056 ad
1036 3008 1191 3056 instar
1223 3009 1467 3067 fabarum,
1497 3011 1545 3056 et
1574 3004 2004 3054 vehementissimo

225 3096 386 3151 vento,
414 3109 472 3141 ex
499 3093 637 3157 cujus
663 3092 851 3156 impetu
874 3091 1051 3139 cecidit
1074 3091 1341 3138 maximum
1374 3089 1620 3138 caminum
1644 3089 1812 3137 multis
1835 3087 2004 3136 cannis

229 3180 413 3226 tectum
444 3191 592 3240 super
617 3176 876 3234 excedenS,
903 3174 1041 3239 cujus
1067 3190 1208 3222 casus
1239 3174 1388 3239 fregit
1419 3176 1623 3232 tectum,
1659 3176 1707 3221 et
1738 3187 1847 3221 eum
1872 3174 2002 3218 tecto

227 3259 374 3323 fregit
397 3260 519 3307 duas
544 3259 709 3306 trabes
733 3258 843 3306 aule
869 3257 1142 3321 superioris
1163 3257 1467 3321 pontificum,
1494 3259 1542 3304 et
1563 3256 1647 3303 illa
1672 3255 1836 3303 omnia
1861 3251 2004 3299 simul

229 3340 484 3404 fregerunt
514 3357 659 3389 unam
691 3342 882 3389 trabem
912 3340 1021 3388 aule
1056 3339 1304 3388 inferioris
1336 3339 1638 3403 pontificum,
1669 3339 1716 3384 in
1749 3353 1844 3399 qna
1874 3338 2004 3395 Papa

229 3423 433 3470 sedebat
466 3424 516 3470 in
554 3425 668 3473 sede
705 3423 959 3483 eminenti,
1000 3439 1151 3487 supra
1192 3439 1337 3486 quam
1382 3422 1625 3486 quoddam
1666 3419 1866 3483 pallium
1905 3416 2002 3463 sive

418 3535 451 3561 τ.
479 3536 529 3561 111.
569 3516 571 3518 ’
1038 3548 1046 3556 .
1790 3520 1813 3554 5
