2228 3938
258 398 306 433 72
866 396 1100 434 JOHANNIS
1132 397 1429 443 BURCHARDI,
1812 400 1920 440 [Aont
1940 403 2039 444 1500]

262 500 532 562 portantes,
561 499 735 547 deinde
759 499 918 547 clerus
942 499 1186 548 societatis
1203 499 1329 548 dicte
1355 501 1576 560 ecclesie,
1597 504 1708 565 post
1732 517 1843 550 eum
1871 501 2034 568 imago

263 581 486 645 predicta
516 599 608 645 que
647 582 695 630 in
732 586 943 646 quatuor
979 583 1164 632 baculis
1196 585 1488 647 portabatur
1518 601 1607 648 per
1645 588 1856 648 quatuor
1887 586 2037 634 laicos

264 664 510 712 societatis
542 666 786 729 predicte;
822 666 1087 731 imaginem
1121 668 1451 731 sequebantur
1481 668 1744 716 multitudo
1774 669 2038 717 mulierum

262 763 470 796 numero
494 749 771 812 quindecim
797 749 932 798 mille
957 751 1032 798 vel
1057 751 1206 810 circa,
1236 751 1383 798 etiam
1410 751 1595 815 singule
1623 751 1839 816 singulas
1865 753 2039 801 cande-

272 831 342 878 las
365 847 512 880 manu
537 835 814 896 portantes3
843 836 896 881 ut
920 833 1103 882 dictum
1129 834 1217 882 fuit
1241 836 1322 882 SS.
1355 836 1410 881 D.
1438 838 1662 883 nostrum
1682 835 1883 898 singulis
1908 835 2036 883 dicte

262 915 565 978 processioni
590 916 994 964 interessentibus
1012 918 1252 982 jubileum
1279 917 1594 965 concessisse.

327 997 508 1046 Eadem
535 999 630 1059 die,
660 999 709 1047 in
733 1000 936 1048 meridie
962 1016 1052 1064 pro
1084 1001 1246 1064 prima
1275 1001 1393 1059 vice,
1428 1001 1676 1064 pulsatum
1707 1004 1780 1049 est
1803 1001 1852 1049 in
1885 1001 2040 1049 omni-

262 1082 352 1129 bus
378 1082 598 1130 ecclesiis
623 1083 990 1147 parochialibus
1019 1084 1163 1132 Urbis
1193 1084 1344 1132 Pater
1372 1083 1546 1132 Noster
1577 1088 1625 1132 et
1655 1083 1760 1133 Ave
1782 1085 1944 1133 Maria
1970 1085 2040 1132 di-

262 1165 471 1212 cendum
502 1169 675 1214 contra
707 1170 907 1227 Turcas,
944 1170 1093 1231 prout
1123 1170 1346 1231 tempore
1382 1168 1534 1216 felicis
1564 1168 1923 1217 recordationis
1955 1171 2040 1217 Ca-

261 1247 363 1295 lixti
407 1251 535 1312 Pape
579 1252 639 1297 III
683 1250 772 1298 fuit
818 1250 1112 1310 institutum,
1156 1254 1203 1299 et
1253 1268 1310 1299 ex
1348 1254 1487 1315 parte
1539 1253 1621 1300 SS.
1662 1254 1718 1299 D.
1769 1251 1940 1310 nostri,
1987 1254 2040 1298 ut

261 1330 493 1390 intellexi,
533 1334 816 1381 mandatum
853 1334 1037 1398 pulsari
1068 1335 1350 1399 hujusmodi
1380 1335 1428 1382 in
1459 1332 1664 1383 meridie
1693 1335 1895 1399 singulis
1928 1333 2039 1383 anni

262 1413 450 1472 diebus,
479 1416 726 1479 perpetuis
750 1417 924 1464 futuris
955 1418 1125 1465 diebus
1151 1419 1333 1466 debere
1360 1416 1627 1466 observari.

324 1497 467 1545 Feria
501 1498 666 1557 tertia,
700 1503 751 1547 11
789 1501 998 1563 predicti
1035 1502 1215 1549 mensis
1253 1502 1461 1566 augusti,
1503 1505 1651 1549 Rmus
1689 1504 1745 1549 D.
1775 1500 2038 1548 cardinalis

258 1579 603 1643 Agrigentinus
652 1582 917 1631 celebravit
958 1585 1158 1632 missam
1209 1585 1480 1633 solemnem
1522 1584 1572 1631 in
1615 1584 1803 1647 capella
1849 1584 2038 1647 majore

259 1663 427 1726 palatii
453 1665 512 1712 de
545 1665 726 1728 Spiritu
757 1669 943 1726 sancto,
980 1683 1115 1715 more
1143 1668 1284 1716 solito
1316 1667 1720 1716 inanniversario
1754 1665 2040 1730 assumptio-

259 1747 333 1794 nis
358 1749 442 1796 SS.
473 1750 527 1796 D.
555 1751 612 1797 N.
641 1751 771 1813 Pape
794 1750 1059 1798 Alexandri
1075 1753 1155 1811 VI,
1181 1752 1284 1814 ipso
1304 1754 1435 1815 Papa
1459 1752 1677 1799 absente.
1706 1750 2041 1798 Interfuerunt

261 1834 448 1894 septem
499 1831 580 1879 alii
618 1833 892 1880 cardinales
940 1837 1107 1897 preter
1160 1835 1491 1883 celebrantem
1517 1851 1527 1883 :
1579 1833 1944 1897 Neapolitanus,
1997 1848 2036 1879 s.

261 1915 512 1974 Praxedis,
548 1915 923 1975 Alexandrinus,
961 1933 1000 1963 s.
1029 1917 1218 1977 Crucis,
1251 1918 1530 1978 Gurcensis,
1560 1917 1787 1966 Senensis
1822 1918 1870 1963 et
1892 1914 2042 1963 Medi-

260 2013 358 2057 ces,
393 2001 603 2060 quatuor
638 1999 942 2060 cubicularii,
983 2001 1079 2048 duo
1114 2001 1332 2048 scutiferi
1366 2003 1495 2064 Pape
1529 2003 1577 2048 et
1608 2000 1687 2047 alii
1723 1998 1955 2047 officiales
1993 2000 2041 2045 et

260 2081 456 2144 prelati;
498 2097 636 2130 more
663 2083 822 2143 solito,
851 2088 961 2147 post
983 2083 1025 2131 A
1033 2100 1159 2147 ymas
1183 2084 1294 2143 Dei,
1328 2085 1410 2132 SS.
1440 2087 1498 2132 D.
1526 2086 1692 2130 noster
1718 2082 1848 2130 misit
1878 2082 1939 2129 ad
1964 2096 2040 2128 ca—

261 2163 438 2227 pellam
465 2168 522 2213 D.
557 2168 827 2230 Gasparem
853 2169 972 2215 Poto
1009 2167 1362 2215 cubicularium
1388 2182 1529 2214 suum
1557 2168 1802 2213 secretum
1832 2179 1944 2213 cum
1970 2164 2040 2210 in-

261 2247 520 2311 dulgentiis
549 2252 736 2313 septem
768 2266 1009 2298 annorum
1034 2254 1083 2299 et
1117 2250 1318 2298 totidem
1350 2251 1779 2313 quadragenarum
1804 2264 1891 2312 per
1914 2248 2039 2296 cele-

260 2332 483 2379 brantem
506 2333 687 2397 populo
711 2335 1111 2397 pronunciandiS.

327 2416 510 2463 Eodem
541 2432 671 2475 sere,
705 2420 956 2480 portatum
981 2419 1071 2467 fuit
1103 2420 1164 2467 ad
1190 2420 1371 2467 Urbem
1398 2418 1607 2467 cadaver
1629 2420 1687 2465 D.
1712 2414 1952 2464 Dominici
1976 2414 2037 2461 de

260 2499 523 2563 Capranica
544 2500 710 2548 clerici
730 2516 923 2549 camere
949 2503 1214 2565 apostolice
1236 2503 1295 2550 de
1321 2502 1514 2550 civitate
1531 2503 1824 2558 Cornetana‚
1852 2498 1902 2545 in
1922 2512 2035 2560 qua,

261 2583 505 2631 dominica
532 2583 754 2647 proxime
781 2585 1036 2647 preterita,
1071 2589 1098 2633 9
1123 2587 1288 2650 hujus,
1323 2601 1435 2634 cum
1463 2585 1598 2632 febre
1622 2581 1931 2647 pestilentiali
1958 2581 2040 2628 de-

261 2666 452 2713 functus
476 2670 583 2714 erat
606 2666 899 2732 (requiescat
919 2669 968 2716 in
994 2668 1150 2734 pace),
1176 2673 1223 2717 et
1246 2670 1324 2717 die
1342 2668 1588 2727 mercurii,
1618 2670 1674 2715 12
1697 2666 1861 2730 hujuS,
1890 2680 2037 2727 capsa

260 2765 320 2797 acv
341 2750 380 2797 si
407 2753 536 2798 esset
560 2750 609 2797 in
634 2766 691 2798 ea
717 2751 922 2800 cadaver
946 2752 1222 2815 predictum
1248 2768 1358 2799 cum
1382 2752 1528 2816 pallio
1555 2753 1602 2798 et
1628 2748 1734 2797 aliis
1760 2748 2031 2805 ornatibus,

258 2833 634 2895 precedentibus
660 2834 982 2897 quadraginta
1015 2834 1284 2893 intortitiis,
1327 2836 1375 2881 et
1413 2831 1823 2895 subsequentibus
1855 2833 1903 2877 et
1931 2844 2039 2892 pre-

257 2915 366 2962 latis
392 2931 448 2962 ac
473 2915 596 2975 aliis,
619 2931 755 2964 more
779 2916 939 2976 solite,
968 2917 1028 2964 de
1053 2914 1199 2964 domo
1223 2932 1310 2964 sua
1335 2916 1397 2964 ad
1420 2916 1603 2963 dictam
1622 2913 1880 2962 ecclesiam
1906 2926 2037 2960 asso-

261 2997 516 3056 ciantibuS,
543 3002 810 3061 portatum.
1295 3058 1298 3060 Α

325 3079 468 3127 Feria
497 3082 661 3140 tertia,
701 3085 757 3130 18
795 3083 914 3131 dicti
953 3082 1134 3130 mensis
1170 3082 1381 3146 augusti,
1423 3082 1609 3130 lllmus.
1651 3084 1714 3129 D.
1754 3081 2034 3145 Alphonsus

261 3163 320 3210 de
346 3163 609 3227 Aragonia,
646 3165 743 3212 dux
780 3165 1179 3213 Biselliarum-et
1215 3166 1445 3229 princeps
1486 3164 1838 3223 Salernitanus,
1878 3163 1959 3226 qui
1986 3163 2035 3210 in

264 3261 375 3294 sero
413 3246 509 3293 diei
549 3264 607 3295 xv
637 3249 819 3295 mensis
844 3249 955 3312 julii
995 3249 1218 3312 proxime
1256 3249 1481 3313 preteriti
1516 3247 1729 3312 graviter
1760 3245 1850 3293 fuit
1873 3245 2036 3293 vulne-

261 3332 398 3377 ratus
424 3345 480 3377 ac
511 3330 687 3378 deinde
726 3332 785 3378 ad
823 3332 1001 3378 turrim
1037 3334 1218 3380 Novam
1257 3348 1406 3396 supra
1441 3331 1690 3380 cantinam
1721 3344 2033 3377 communem

264 3416 392 3477 Pape
431 3413 481 3461 in
507 3414 653 3462 horto
691 3414 866 3478 majori
904 3415 1074 3478 palatii
1101 3417 1229 3479 apud
1268 3432 1305 3462 s.
1344 3418 1543 3463 Petrum
1579 3414 1804 3477 portatus
1847 3414 1895 3460 et
1921 3411 2034 3459 dili-

264 3500 436 3560 genter
453 3497 742 3558 custoditus,
768 3513 879 3546 cum
918 3514 1016 3546 non
1050 3498 1195 3547 vellet
1234 3515 1290 3547 ex
1325 3497 1606 3563 hujusmodi
1632 3496 1914 3544 vulneribus
1939 3495 2029 3542 sibi
