2254 3944
0 3764 9 3797 ,v-
0 3509 11 3758 ”ww—*vau
0 3478 3 3494 ‹-

142 379 227 421 [Mai
251 377 340 421 15⁰0]
587 377 755 414 RERUM
790 373 1093 413 URBANARUM
1123 374 1473 412 COMMENTARII.
1878 375 1923 409 45

212 479 355 527 Feria
378 483 554 542 quarta
578 482 636 527 27
671 478 786 527 dicti
818 476 997 525 mensis
1027 475 1156 535 maii,
1193 476 1354 541 vigilia
1383 474 1679 524 ascensionis
1711 475 1919 533 Domini,

149 563 479 612 cardinalibus
501 566 699 628 pontem
724 579 762 609 s.
791 560 962 625 Angeli
980 559 1451 624 pertranseuntibuS,
1480 558 1701 622 suspensi
1729 559 1927 607 fuerunt

149 647 284 695 circa
317 646 574 694 meridiem
612 643 884 694 octodecim
927 643 1033 702 viri,
1081 643 1308 691 videlicet
1348 658 1521 690 novem
1564 659 1592 690 a
1628 642 1841 690 dexteris
1879 645 1927 690 et

149 746 322 779 novem
346 747 374 778 a
398 730 620 788 sinistris,
655 728 1019 777 transeuntibus
1053 730 1250 791 pontem
1282 743 1448 774 versus
1479 743 1516 774 S.
1546 728 1745 773 Petrum
1770 725 1928 773 eunti-

151 814 239 861 bus
278 830 288 861 :
331 813 550 878 suspensi
593 812 880 860 ceciderunt
922 826 1034 859 cum
1075 810 1226 857 furcis
1270 826 1419 873 supra
1461 812 1684 873 pontem;
1730 809 1930 856 fuorunt

152 900 315 945 tamen
340 897 476 945 furce
508 896 609 943 sine
639 911 781 943 mora
816 910 927 943 cum
967 894 1035 941 eis
1067 897 1248 951 erecte,
1284 893 1352 940 ita
1382 894 1511 955 quod
1541 909 1570 940 a
1598 892 1929 940 cardinalibus

152 980 212 1027 de
237 980 418 1043 palatio
447 979 767 1027 redeuntibus
797 978 1084 1026 viderentur
1117 992 1288 1024 omnes
1319 975 1552 1039 suspensi.
1588 977 1775 1022 Horum
1800 977 1932 1022 octo-

152 1062 311 1110 decim
335 1062 422 1110 fuit
447 1061 651 1126 primus,
682 1060 901 1108 medicus
927 1061 1119 1118 doctor,
1157 1059 1390 1123 physicus
1416 1062 1463 1106 et
1487 1058 1749 1122 chirurgus
1772 1057 1933 1121 hospi-

154 1145 262 1193 talis
298 1163 336 1194 s.
377 1145 609 1194 Johannis
650 1144 1007 1202 LateranensiS,
1055 1143 1136 1207 qui
1181 1143 1381 1207 singulis
1418 1143 1589 1190 diebus
1625 1142 1753 1189 bono
1791 1156 1932 1189 manc

154 1229 316 1277 exibat
340 1229 388 1276 in
411 1228 581 1276 habitu
612 1229 748 1276 brevi
778 1227 1020 1291 hospitale
1053 1226 1330 1290 predictum
1363 1241 1474 1274 cum
1504 1224 1680 1273 balista
1709 1227 1756 1272 et
1781 1225 1933 1272 inter—

153 1311 348 1360 ficiebat
382 1328 502 1376 quos
538 1315 732 1376 poterat
771 1310 1046 1369 commode,
1088 1313 1136 1357 et
1179 1308 1409 1373 pecunias
1446 1324 1618 1357 eorum
1656 1308 1926 1355 auferebat.

155 1395 262 1442 Fuit
292 1398 456 1443 autem
488 1395 672 1443 dictum
702 1394 831 1457 quod
863 1393 1114 1442 confessor
1146 1392 1262 1440 dicti
1291 1392 1562 1455 hospitalis,
1598 1407 1709 1439 cum
1740 1391 1789 1438 in
1819 1406 1935 1439 con-

156 1477 363 1526 fessione
394 1478 613 1526 infirmus
643 1478 831 1526 diceret
867 1494 918 1524 se
955 1476 1187 1541 pecunias
1224 1475 1426 1534 habere,
1462 1475 1718 1522 nuntiabat
1745 1474 1935 1522 medico

158 1562 399 1625 predicto,
435 1562 515 1625 qui
544 1562 693 1609 dabat
723 1561 767 1609 ei
803 1561 1192 1624 recipementum
1230 1563 1284 1607 ut
1314 1559 1583 1622 expediret,
1618 1562 1666 1606 et
1701 1557 1934 1621 pecunias

160 1644 285 1692 inter
316 1661 366 1692 se
398 1645 694 1692 dividebant.
723 1644 980 1692 Tredecim
1011 1644 1209 1691 suerunt
1238 1659 1297 1689 ex
1321 1642 1417 1689 illis
1442 1641 1609 1706 viginti
1639 1641 1827 1688 duobus
1855 1639 1933 1703 qui

160 1731 408 1775 oratorem
431 1727 564 1791 regis
587 1727 808 1785 Francie,
844 1730 900 1774 12
925 1726 1086 1790 hujus,
1113 1726 1162 1772 in
1177 1728 1342 1772 monte
1365 1723 1662 1774 Viterbiensi
1685 1722 1824 1771 bonis
1836 1722 1934 1770 suis

162 1809 514 1872 spoliaverant3
542 1812 748 1872 quatuor
773 1808 963 1856 diversa
982 1808 1111 1856 mala
1131 1810 1551 1871 perpetraverant.

227 1895 441 1940 Fuerunt
473 1909 676 1956 vespere
711 1893 761 1940 in
804 1892 995 1955 capella
1035 1890 1211 1955 majori
1250 1890 1417 1954 palatii
1457 1891 1585 1953 apud
1623 1892 1671 1938 S.
1714 1893 1931 1949 Petrum,

161 1975 333 2038 quibus
365 1978 496 2039 Papa
523 1975 761 2034 interfuit,
798 1978 847 2022 et
876 1974 971 2022 illis
1000 1974 1165 2032 finitis,
1200 1973 1417 2021 oratione
1447 1973 1593 2031 facta,
1626 1989 1736 2021 cum
1768 1974 1933 2021 sedem

160 2075 359 2122 parvam
383 2059 431 2106 in
455 2076 550 2122 qua
573 2062 800 2123 portatur
823 2058 1139 2117 ascendisset,
1167 2057 1295 2106 venit
1310 2050 1636 2121 ad'capellam
1662 2057 1934 2121 predictam

160 2142 369 2204 quedam
391 2142 638 2190 comitissa
661 2143 885 2191 Dalmata
908 2157 1018 2190 cum
1044 2140 1322 2205 quindecim
1346 2141 1421 2188 vel
1445 2140 1578 2189 circa
1600 2141 1933 2195 servitoribus,

160 2242 303 2290 quam
342 2244 430 2291 per
466 2230 522 2275 R.
563 2229 615 2275 P.
662 2230 718 2275 D.
765 2226 1050 2291 episcopum
1093 2225 1426 2273 Ottoniensem
1467 2226 1570 2290 ejus
1606 2226 1932 2289 interpretem

162 2311 367 2369 audivit;
394 2311 560 2359 nescio
582 2310 696 2373 quid
721 2309 934 2374 petierit,
962 2309 1076 2373 quia
1099 2309 1299 2358 recessi.

226 2395 367 2443 Feria
382 2394 548 2458 quinta
570 2394 808 2458 sequenti,
835 2395 958 2442 festo
980 2393 1288 2442 Ascensionis
1312 2394 1524 2453 Domini,
1543 2397 1602 2442 28
1620 2394 1735 2443 dicti
1752 2394 1931 2442 mensis

162 2479 292 2537 maii,
322 2482 487 2526 Rmus.
516 2482 572 2527 D.
602 2479 863 2527 cardinalis
887 2495 924 2526 s.
954 2478 1120 2526 Crucis
1145 2478 1410 2526 celebravit
1439 2478 1638 2526 missam
1664 2479 1933 2527 solemnem

164 2602 260 2639 main
288 2603 407 2638 armee
436 2601 525 2637 dont
552 2600 651 2638 avait
681 2604 738 2638 ete
768 2600 914 2637 victime
947 2604 1031 2649 pres
1058 2602 1102 2638 de
1131 2601 1292 2647 Viterbe,
1320 2602 1608 2639 l'ambassadeur
1635 2602 1809 2648 francais,
1837 2603 1938 2640 Rene

165 2661 396 2709 d’Agrimont
424 2661 522 2710 (voy.
556 2660 639 2709 plus
664 2661 769 2706 haut,
791 2672 878 2709 pag.
919 2660 981 2708 39)
1003 2660 1101 2697 ainsi
1131 2660 1242 2708 qu’on
1269 2661 1301 2698 le
1325 2661 1402 2698 voit
1426 2673 1494 2709 par
1512 2660 1546 2698 l'e
1565 2673 1727 2710 passage
1753 2662 1798 2698 de
1822 2661 1858 2698 la
1877 2663 1940 2698 de-

165 2721 280 2770 peche
301 2721 470 2757 suivante
495 2719 693 2757 d’Antonio
714 2719 982 2768 Malegonnelle
1007 2723 1028 2756 a
1053 2720 1087 2756 la
1108 2720 1328 2769 Seigneurie
1348 2721 1393 2757 de
1413 2720 1584 2757 Florence
1604 2732 1612 2757 ε
1635 2736 1653 2753 «
1749 2720 1868 2758 Credo
1894 2721 1942 2757 Ve

166 2780 264 2829 Sigi·
285 2781 449 2817 haranno
469 2779 588 2816 inteso
612 2791 713 2817 come
733 2779 769 2816 la
791 2779 997 2827 septimana
1016 2784 1184 2828 passata,
1207 2780 1402 2816 arrivando
1423 2782 1483 2828 qui
1503 2779 1562 2817 nel
1580 2791 1690 2826 paese
1707 2792 1779 2817 uno
1799 2785 1942 2817 oratore

166 2840 224 2877 del
243 2836 303 2877 Re·
322 2839 624 2884 Cristianissimo‚
652 2839 691 2876 fu
720 2838 876 2876 assalito
902 2839 999 2876 intra
1024 2840 1147 2876 Monte
1175 2839 1353 2876 Fiascone
1379 2844 1416 2876 et
1440 2839 1589 2876 Viterbo
1615 2841 1665 2876 da
1690 2840 1793 2877 XXV
1819 2840 1943 2877 Bales-

167 2899 267 2936 trieri
287 2900 335 2936 ad
361 2898 505 2936 Cavallo
526 2903 562 2936 et
580 2899 765 2936 altretanti
784 2898 887 2943 fanti,
913 2902 950 2936 et
974 2898 1103 2936 rubato
1131 2898 1166 2936 di
1192 2898 1333 2944 denari,
1356 2899 1442 2935 robe
1462 2903 1498 2935 et
1521 2899 1651 2936 cavalli
1679 2899 1716 2936 in
1743 2902 1942 2948 conspectu

170 2957 340 2996 d‘infiniti
359 2957 562 3004 viandanti,
585 2970 607 2995 a
625 2958 724 3007 quali
744 2958 782 2995 fu
802 2959 907 2995 decto
925 2970 933 2995 :
957 2973 975 2991 «
997 2958 1064 2995 Voi
1085 2957 1226 2995 Italiani
1245 2970 1314 2995 non
1334 2958 1367 2995 ci
1384 2959 1511 2995 havete
1532 2959 1597 2995 che
1617 2959 1706 3003 sare,
1722 2959 1853 2996 audate
1873 2957 1943 2995 alla

171 3018 230 3055 via
249 3022 390 3055 vostra.
414 3032 434 3051 »
462 3017 601 3062 Questa
622 3029 710 3054 cosa
733 3020 752 3053 e
777 3021 872 3055 stata
898 3018 1070 3055 atribuita
1096 3018 1128 3054 a’
1148 3017 1359 3054 fuorausciti
1385 3017 1422 3054 di
1445 3018 1548 3062 Todi,
1570 3019 1617 3055 ad
1643 3019 1745 3055 suora
1772 3017 1888 3055 usciti·
1906 3017 1943 3054 di

171 3078 335 3123 Viterbo,
357 3089 379 3113 a
398 3075 513 3122 Corsi,
537 3089 559 3113 a
574 3076 769 3113 Colonnesi
795 3080 831 3113 et
851 3089 924 3114 non
939 3077 969 3114 si
989 3077 1090 3126 parla
1109 3076 1471 3114 determinatamente
1491 3077 1527 3114 di
1548 3077 1693 3115 alcuno.
1714 3077 1742 3114 Il
1762 3079 1894 3126 perche
1922 3078 1945 3113 il

172 3137 283 3186 Papa,
307 3138 471 3182 intendo,
494 3139 514 3173 e
542 3136 653 3174 molto
674 3135 869 3173 invelenito
892 3142 1020 3174 contro
1046 3138 1092 3174 ad
1116 3136 1233 3182 Corsi,
1254 3140 1291 3173 et
1316 3136 1477 3182 intendo,
1505 3142 1636 3185 questa
1655 3142 1760 3174 nocte
1786 3138 1833 3174 ha
1860 3149 1944 3186 spa-

173 3197 259 3234 ciati
279 3196 380 3234 molti
400 3195 577 3234 Cavallari
597 3207 665 3233 con
684 3195 786 3232 brevi
806 3196 899 3233 nelle
924 3202 1019 3233 terre
1039 3208 1117 3242 sue,
1140 3195 1349 3233 contenenti
1369 3196 1436 3233 che
1457 3196 1546 3234 tucti
1566 3197 1589 3233 li
1616 3197 1718 3234 Corsi
1739 3197 1840 3234 sieno
1860 3208 1944 3234 cac-

175 3257 276 3298 ciati,
296 3255 534 3305 perseguitati
553 3259 589 3292 et
606 3255 719 3303 presi.
742 3255 909 3292 Dubitasi
931 3255 982 3293 tal
1006 3256 1118 3304 preda
1143 3267 1215 3292 non
1243 3255 1299 3292 sia
1329 3259 1426 3293 stata
1453 3268 1518 3304 per
1546 3256 1638 3294 altro
1666 3256 1793 3294 ordine
1817 3256 1884 3292 che
1910 3255 1945 3291 di

175 3314 290 3359 Corsi,
310 3316 464 3352 essendo
484 3319 578 3352 stata
603 3314 755 3363 guidata
780 3327 886 3352 verso
907 3315 941 3352 la
960 3315 1082 3352 banda
1109 3314 1166 3351 del
1190 3314 1323 3351 Tevere
1355 3318 1391 3351 et
1411 3327 1483 3352 non
1516 3316 1610 3353 della
1640 3316 1794 3353 Mariua.
1817 3314 1946 3351 Visitai

176 3373 275 3410 detto
301 3378 441 3410 oratore
475 3386 484 3410 ι
519 3373 732 3411 condolsimi
759 3365 807 3411 et'
829 3374 962 3419 offisrsi,
994 3378 1081 3419 etc.,
1108 3379 1144 3411 et
1164 3373 1232 3411 feci
1263 3373 1295 3410 le
1321 3374 1515 3412 cerimonie
1547 3379 1736 3412 consuete.
1752 3401 1761 3409 .
1777 3402 1785 3411 .
1818 3374 1944 3417 Rome,

177 3433 298 3469 XXIII
318 3432 401 3469 maii
421 3434 524 3470 1500.
552 3433 594 3470 Sr
620 3433 803 3470 Antonius
830 3435 875 3471 de
902 3433 1178 3483 Malegonnellis
1209 3433 1357 3474 Orator:
1383 3448 1402 3468 »
1429 3434 1539 3481 (Clas.
1561 3435 1608 3480 X,
1630 3434 1717 3470 dist.
1739 3435 1774 3478 2,
1796 3432 1864 3468 filz.
1887 3431 1945 3476 40,

176 3504 198 3529 a
216 3504 248 3530 c.
269 3491 370 3540 235.)
