2228 3938
194 342 519 384 [Septembreffioffl
621 342 786 379 RERUM
821 340 1122 379 URBANARUM
1152 339 1503 394 COMMENTARII.
1923 339 1968 374 79

259 445 344 492 Die
376 444 635 503 dominica,
680 447 739 492 24
780 442 1088 505 septembriS,
1130 440 1486 489 Alexandrinus
1525 440 1652 503 cepit
1684 439 1877 502 signare
1908 439 1967 485 de

191 528 418 576 mandato
444 531 570 591 Pape
591 527 671 590 qui
695 527 871 575 iterum
895 525 1026 573 dedit
1047 525 1348 572 audientiam
1368 524 1613 587 publicam
1639 528 1690 570 ut
1713 522 1834 570 heri.

265 612 351 658 Die
373 612 506 670 lune,
534 614 592 659 25
620 609 925 673 septembris,
960 609 1087 656 hora
1122 624 1252 656 nona
1288 608 1496 665 decima,
1534 607 1619 654 fuit
1653 606 1967 669 congregatio

189 694 507 742 cardinalium
534 694 584 741 in
609 692 885 756 Papagallo,
915 692 975 738 de
1005 691 1233 739 mandato
1260 693 1406 754 Pape,
1433 707 1524 753 que
1551 677 1740 737 duravit
1765 688 1826 736 ad
1850 703 1969 751 qua-

188 782 295 824 tuor
314 777 460 825 horas
494 777 566 824 vel
590 776 741 833 circa3
779 775 943 822 nescio
977 774 1092 837 quid
1130 778 1409 822 tractatum.
1444 777 1495 820 In
1527 773 1622 820 fine
1658 772 1802 830 illius,
1839 774 1968 835 Papa

188 860 306 907 dixit
329 860 647 923 Neapolitano
672 859 802 921 quod
829 858 920 904 nisi
941 857 1086 904 vellet
1111 858 1335 905 ordinare
1361 872 1473 904 eum
1500 856 1853 919 presbyterum,
1880 856 1966 902 Os-

182 941 349 990 tiensis
384 948 513 990 esset
555 957 666 989 eum
710 942 1042 988 ordinaturus.
1072 940 1256 988 Deinde
1291 939 1640 1002 Neapolitanus
1665 938 1854 1001 rogavit
1885 953 1964 985 me

184 1027 312 1087 quod
323 1041 545 1073 curarem
560 1025 688 1088 quod
702 1024 930 1087 cumipse
953 1027 1081 1071 esset
1103 1039 1269 1081 senex,
1291 1038 1388 1070 non
1403 1022 1608 1069 haberet
1620 1021 1781 1069 subire
1798 1021 1965 1084 hujus-

185 1109 314 1156 modi
338 1109 572 1156 laborem.
598 1109 829 1156 Fecicum
852 1110 998 1171 Papa,
1024 1107 1106 1169 qui
1130 1106 1219 1154 fuit
1239 1106 1407 1154 dehoc
1429 1106 1636 1153 miratus
1661 1107 1710 1152 et
1733 1104 1823 1151 fuit
1845 1119 1962 1151 con-

189 1195 347 1239 tentus
367 1193 497 1254 quod
523 1208 561 1238 s.
592 1192 720 1239 Petri
745 1191 807 1238 ad
840 1190 1047 1240 Vincula
1071 1190 1318 1237 ordinaret
1346 1193 1394 1237 et
1409 1193 1716 1237 consecraret
1746 1202 1882 1244 eum;
1907 1187 1966 1234 ad

184 1275 313 1336 quod
333 1291 371 1321 s.
402 1275 531 1323 Petri
559 1275 620 1321 ad
643 1274 849 1323 Vincula
872 1273 1045 1321 obtulit
1065 1288 1117 1320 se
1143 1273 1525 1336 paratissimum.

149 1416 153 1419 ᾖ
251 1360 378 1420 Papa
405 1357 537 1405 dedit
557 1357 717 1404 hodie
754 1357 930 1403 iterum
960 1355 1207 1418 publicam
1240 1355 1537 1403 audientiam
1575 1360 1626 1403 ut
1651 1355 1778 1415 heri,
1813 1371 1963 1418 usque

185 1440 245 1487 ad
274 1439 445 1487 horam
479 1439 890 1502 congregationis.
932 1441 1062 1501 Papa
1097 1438 1331 1485 ordinavit
1365 1438 1447 1486 hic
1478 1438 1804 1487 cardinalibus
1837 1438 1965 1501 quod

184 1527 352 1586 gentes
389 1522 641 1570 Gallorum
674 1522 800 1570 iture
834 1522 895 1569 ad
925 1536 1130 1584 regnum
1161 1521 1534 1584 Neapolitanum
1568 1537 1667 1569 non
1704 1521 1966 1569 transirent

188 1622 278 1670 per
303 1610 503 1670 pontem
538 1607 752 1653 Milvium
777 1610 826 1654 et
856 1608 990 1652 extra
1011 1609 1200 1667 portam
1225 1605 1282 1651 de
1309 1605 1491 1667 Populo
1522 1606 1662 1668 juxta
1685 1620 1854 1652 muros
1877 1621 1965 1668 per

184 1689 282 1737 vias
309 1706 438 1738 suas.

251 1773 335 1820 Die
362 1773 552 1825 martis,
587 1776 646 1820 26
670 1772 978 1836 septembris,
1009 1772 1222 1838 abnhora
1241 1772 1514 1820 tredecima
1534 1787 1687 1835 usque
1710 1771 1772 1820 ad
1793 1772 1966 1836 vigesi-

186 1870 316 1902 mam
338 1855 551 1914 tertiam,
577 1856 902 1904 transiverunt
929 1858 1098 1918 gentes
1131 1855 1391 1912 Gallorum,
1418 1858 1470 1902 ut
1495 1871 1658 1918 supra,
1696 1859 1743 1902 et
1770 1855 1964 1902 fuerunt

185 1938 381 1985 circiter
396 1931 564 1987 lancee
587 1939 718 1986 mille
742 1942 790 1986 et
809 1938 1074 2001 quingente
1098 1938 1316 2000 equitum
1337 1938 1516 1986 levium
1538 1942 1587 1986 et
1604 1940 1791 2001 septem
1812 1938 1965 1986 millia

183 2021 420 2084 peditum.
454 2022 814 2070 Allodiaverunt
846 2021 895 2068 in
924 2026 1057 2069 terra
1078 2037 1116 2068 s.
1146 2021 1276 2068 Pauli
1299 2025 1432 2068 extra
1452 2025 1642 2085 portam
1667 2021 1958 2081 Ostiensem,

182 2110 228 2151 et
249 2104 299 2151 in
322 2109 466 2152 nocte
492 2111 539 2153 et
561 2105 610 2152 in
631 2105 708 2152 die
744 2104 966 2167 sequenti
988 2108 1254 2167 rapuerunt
1280 2105 1515 2152 maximas
1539 2104 1829 2168 quantitates
1854 2121 1962 2153 vac-

181 2202 350 2234 carum
379 2193 426 2236 et
458 2189 667 2236 aliorum
699 2187 982 2236 animalium
1016 2188 1264 2247 Romanis,
1308 2203 1456 2251 usque
1483 2189 1544 2235 ad
1570 2187 1785 2236 valorem
1821 2189 1962 2251 quin-

180 2269 340 2317 decim
361 2270 568 2318 millium
589 2271 664 2319 vel
687 2271 852 2334 viginti
878 2270 1088 2317 millium
1114 2273 1381 2318 scutorum.

238 2354 335 2400 *Die
359 2354 605 2412 mercurii,
642 2358 699 2402 27
725 2354 1037 2418 septembris,
1065 2353 1113 2400 in
1143 2369 1302 2408 mane,
1334 2354 1425 2401 fuit
1445 2354 1650 2401 incisum
1685 2370 1796 2402 crus
1818 2354 1960 2402 sinis-

180 2438 308 2482 trum
334 2438 460 2499 Pape
485 2436 534 2483 in
558 2437 748 2484 duobus
773 2437 894 2485 locis
917 2451 1028 2483 cum
1050 2451 1228 2499 magno
1251 2436 1419 2484 dolore
1441 2452 1528 2484 suo
1548 2436 1628 2501 (1).

245 2519 428 2566 Eadem
450 2519 545 2578 die,
564 2524 671 2582 post
691 2521 962 2583 prandium,
983 2522 1281 2584 gubernator
1302 2520 1416 2567 fecit
1430 2520 1679 2582 querelam
1699 2523 1826 2583 Pape
1849 2536 1959 2568 cum

180 2601 598 2649 conservatoribus
624 2603 722 2649 suis
750 2609 796 2649 et
832 2603 938 2650 aliis
968 2603 1197 2650 Romanis
1232 2602 1290 2649 de
1326 2603 1477 2664 preda
1503 2618 1590 2665 per
1618 2603 1778 2651 Gallos
1811 2603 1955 2651 facta.

180 2687 310 2747 Papa
334 2684 465 2732 misit
487 2700 570 2733 eos
594 2685 655 2732 ad
676 2686 1139 2748 Rothomagensem,
1165 2688 1213 2732 et
1236 2685 1326 2731 fuit
1350 2684 1625 2732 ordinatum
1646 2676 1777 2748 qdod
1799 2686 1959 2734 mitte-

178 2771 349 2814 rentur
374 2772 471 2816 tres
498 2769 840 2826 commissarii,
881 2785 1004 2816 unus
1027 2769 1128 2816 vice
1152 2771 1295 2831 Pape,
1323 2783 1446 2814 unus
1474 2768 1882 2830 Rothomagensis
1909 2772 1958 2816 et

179 2852 300 2898 unus
322 2852 651 2900 Romanorum
688 2852 770 2915 qui
808 2852 1048 2915 conjuncti
1084 2854 1355 2899 tractarent
1383 2851 1742 2899 restitutionem
1768 2851 1957 2899 anima—

175 2934 311 2983 lium.
348 2935 547 2982 Interim
579 2934 782 2982 Romani
813 2935 1092 2982 invaserunt
1132 2933 1291 2982 Gallos
1325 2948 1414 2996 per
1450 2932 1631 2981 Urbem
1667 2934 1952 2992 existentes,

175 3017 284 3065 illos
309 3021 475 3065 tamen
495 3018 578 3080 qui
605 3017 662 3065 de
690 3018 922 3065 societate
944 3017 1326 3080 pretereuntium
1348 3016 1559 3074 fuerunt,
1591 3020 1638 3064 et
1661 3001 1958 3079 acceperunt

178 3099 248 3145 eis
270 3115 419 3162 equos
445 3103 493 3147 et
518 3100 645 3147 bona
666 3103 713 3147 et
736 3086 922 3162 aliquos
956 3100 1329 3157 interfecerunt3
1359 3104 1408 3148 et
1433 3100 1839 3149 continuaverunt
1862 3103 1957 3148 Ro-

225 3209 258 3245 1.
286 3209 566 3258 Le'chirurgien
586 3210 636 3246 du
658 3221 748 3257 pape
777 3209 865 3247 etait
884 3221 934 3246 un
955 3210 1092 3247 certain
1116 3210 1301 3247 Ludovieo
1320 3210 1368 3246 da
1386 3211 1463 3247 San
1484 3210 1648 3254 Miniato,
1678 3211 1768 3247 dont
1791 3211 1823 3246 la
1844 3209 1955 3246 mala-
2018 3241 2020 3243 .
2068 3236 2070 3238 v

177 3266 303 3303 dresse
322 3279 433 3304 causa
451 3268 485 3304 la
505 3273 599 3304 mort
612 3269 660 3304 du
685 3269 834 3316 pontife.
851 3283 948 3306 «.....
967 3270 1121 3317 septimo
1141 3269 1238 3305 enim
1251 3274 1287 3306 et
1302 3269 1482 3318 vigesimo
1499 3269 1558 3306 die
1573 3276 1768 3318 postquam
1790 3269 1956 3306 Pontifex

174 3324 377 3362 declaratus
396 3327 477 3370 fuit,
501 3339 520 3364 e
541 3328 613 3364 vita
634 3327 804 3376 migravit
834 3339 879 3363 ex
907 3329 1025 3364 ulcere
1048 3329 1142 3365 tibiae
1171 3329 1340 3373 sinistrae,
1364 3329 1462 3377 quod
1489 3328 1695 3365 Ludovicus
1718 3328 1954 3373 Minatensis‚
1972 3319 1983 3336 ⁷
2012 3342 2018 3347 ·

105 3384 108 3387 ’
174 3383 360 3430 imperitus
391 3385 600 3433 chirurgus,
635 3385 776 3422 sincera
809 3385 919 3422 etiam
953 3392 1054 3433 parte
1087 3391 1223 3428 secata,
1244 3388 1384 3424 laethale
1420 3388 1551 3424 effecit.
1581 3403 1598 3419 n
1628 3387 1863 3436 Sigismondo
1896 3387 1955 3423 de'

178 3440 298 3484 Comi,
320 3446 346 3478 t.
372 3443 414 3486 11,
437 3443 495 3480 liv.
518 3443 597 3487 XV,
618 3455 655 3491 p.
682 3444 766 3481 292.
