2228 3938
271 359 340 396 168
869 358 1103 396 JOHANNIS
1136 358 1432 406 BURCHARDI,
1716 362 1929 402 [Novembre
1950 366 2044 405 1501]

336 460 478 510 Feria
500 460 728 521 secunda,
754 460 875 509 festo
898 462 1124 511 Omnium
1150 464 1455 524 Sanctorum,
1495 467 1512 512 1
1540 465 1721 514 mensis
1741 467 2035 527 novembriS,

273 544 542 594 cardinales
571 544 747 592 iterum
793 549 1028 594 venerunt
1057 547 1106 594 in
1143 562 1336 596 camera
1372 546 1629 610 Papagalli,
1667 547 1766 608 ubi,
1813 549 2038 597 omnibus

273 627 594 691 congregatis,
618 628 747 676 venit
768 628 827 676 de
858 644 1051 677 camera
1075 632 1203 694 Pape
1237 630 1493 679 cardinalis
1521 631 1901 694 Caputaquensis
1922 647 2047 680 nun-

273 711 404 761 cians
427 711 555 774 quod
584 710 712 758 irent
739 711 799 760 ad
830 711 1044 761 missam.
1080 714 1445 762 Descenderunt
1466 712 1613 777 igitur
1638 713 1697 760 ad
1730 712 1983 761 basilicam
2006 730 2046 761 s,

273 794 402 842 Petri
422 794 471 841 in
493 810 587 857 qua
607 797 772 843 Rmus
807 798 863 843 D.
890 795 1145 844 cardinalis
1165 813 1202 845 s,
1241 795 1465 845 Praxedis
1497 795 1756 844 celebravit
1779 797 2047 846 solemnem

272 878 488 938 missam,
515 879 644 941 Papa
671 879 888 937 absente,
925 895 1058 927 more
1088 884 1344 938 consueto,
1380 883 1424 926 et
1449 879 1561 942 qnia
1587 895 1684 927 non
1717 879 1848 943 potui
1868 879 2049 928 habere

272 976 523 1010 accessum
542 961 602 1009 ad
622 963 800 1025 Papam
817 977 908 1026 pro
928 963 1150 1026 petendis
1179 962 1511 1027 indulgentiis,
1534 961 1699 1010 habito
1718 963 1778 1011 de
1796 963 1889 1011 hoc
1906 963 2051 1013 verbo

273 1062 383 1095 cum
405 1051 542 1097 Rmo.
573 1050 628 1095 D.
655 1047 884 1096 cardinali
911 1048 1258 1108 Alexandrino,
1298 1049 1478 1113 placuit
1513 1047 1794 1096 Reverende
1829 1046 2053 1095 Domina-

272 1130 390 1177 tioni
421 1146 505 1178 sue
537 1131 666 1195 quod
693 1131 905 1180 facerem
940 1147 1086 1196 super
1126 1132 1438 1196 indulgentiis
1473 1131 1625 1179 solitis
1659 1129 1877 1178 cedulam
1905 1144 2051 1193 quam

272 1213 413 1262 vellet
433 1216 486 1262 R.
511 1214 776 1262 dominatio
799 1230 886 1263 sua
907 1215 1120 1279 signare,
1148 1219 1292 1280 prout
1314 1230 1372 1264 ex
1394 1214 1557 1263 officio
1578 1215 1767 1278 posset;
1802 1212 1931 1275 quod
1957 1212 2048 1265 feci

274 1297 441 1361 etipse
469 1297 653 1346 deloco
689 1314 776 1346 sua
796 1298 923 1347 inter
956 1299 1074 1346 alios
1105 1299 1373 1347 cardinales
1405 1298 1657 1356 recedenS‚
1694 1296 1825 1344 venit
1858 1295 1919 1344 ad
1935 1311 2051 1360 par-

271 1395 379 1427 vam
423 1379 691 1427 sacristiam
733 1396 761 1428 a
785 1379 881 1429 fine
922 1380 1106 1429 scamni
1147 1379 1465 1428 cardinalium
1500 1379 1639 1427 sitam
1679 1382 1727 1427 et
1767 1379 2046 1443 hujusmodi

273 1463 495 1511 cedulam
518 1463 737 1527 signavit,
765 1464 901 1527 cujus
922 1468 1060 1512 tenor
1081 1463 1190 1511 talis
1215 1466 1305 1523 est,
1330 1462 1552 1511 videlicet
1574 1478 1584 1510 ε

337 1546 477 1595 Motu
493 1547 703 1610 proprio.
733 1566 755 1590 «
781 1546 1012 1594 Omnibus
1035 1550 1081 1595 et
1103 1546 1304 1609 singulis
1327 1546 1501 1594 Christi
1518 1546 1756 1605 fidelibus,
1783 1546 1863 1609 qui
1886 1546 2048 1595 officio

275 1630 420 1678 misse
452 1629 680 1677 solemnis
716 1628 987 1677 festivitatis
1024 1629 1260 1676 hodierne
1296 1629 1523 1676 Omnium
1558 1631 1868 1687 Sanctorum,
1906 1644 2051 1691 quam

274 1712 477 1761 dilectus
505 1711 630 1759 filius
656 1716 824 1760 noster
850 1711 1086 1759 Antonius
1118 1711 1238 1759 tituli
1274 1728 1311 1759 s.
1348 1711 1574 1759 Praxedis
1613 1711 1866 1775 presbyter
1896 1710 2051 1758 cardi-

272 1795 394 1843 nalis
416 1795 463 1843 in
485 1795 685 1842 basilica
716 1795 949 1858 principis
970 1794 1302 1858 apostolorum
1331 1794 1390 1842 de
1413 1795 1543 1843 Urbe
1565 1797 1613 1843 et
1634 1794 1758 1842 illius
1781 1794 1918 1842 altari
1939 1808 2045 1842 ma-

269 1878 362 1941 jori
385 1878 649 1927 celebrabit
667 1893 752 1926 seu
773 1877 1001 1936 celebret,
1026 1877 1366 1938 interfuerunt,
1389 1882 1576 1941 septem
1598 1892 1755 1926 annos
1778 1881 1825 1926 et
1844 1876 2045 1926 totidem

274 2037 489 2074 Franciscus
509 2038 554 2074 de
575 2036 684 2084 Pepis
699 2037 845 2083 Doctor,
865 2040 995 2074 orator.
1020 2051 1038 2070 »
1062 2036 1188 2084 (Arch.
1210 2038 1370 2072 Fiorenc.
1394 2035 1492 2073 Clas.
1525 2036 1570 2071 X.
1600 2036 1697 2074 Dist.
1730 2049 1766 2081 ιι,
1789 2035 1869 2072 filza
1886 2036 1948 2080 51,
1969 2046 1991 2071 a
2011 2047 2042 2071 c.

276 2097 356 2133 102.
379 2096 448 2132 Les
468 2099 562 2133 mots
582 2108 627 2132 en
646 2094 813 2143 italiques
830 2099 913 2132 sont
931 2107 976 2131 en
987 2095 1134 2132 chiffres
1148 2106 1213 2132 sur
1226 2094 1636 2143 l'original.)·Plusieurs
1654 2094 1862 2140 historiens,
1878 2105 1950 2143 peu
1965 2105 2045 2130 sus-

272 2159 375 2203 pects
393 2155 437 2191 de
448 2155 629 2203 partialite
642 2166 735 2204 pour
747 2154 953 2191 Alexandre
967 2155 1028 2200 VI,
1050 2158 1113 2191 ont
1146 2157 1319 2203 repousse
1342 2170 1360 2188 «
1388 2159 1481 2192 cette
1502 2154 1705 2191 historiette
1733 2169 1751 2188 »
1779 2166 1825 2191 en
1851 2165 1890 2190 se
1912 2153 2048 2190 basant

274 2227 336 2252 sur
367 2214 602 2251 l'immoralite
635 2214 870 2251 scandaleuse
905 2213 1033 2262 qu’elle
1060 2225 1233 2262 suppose.
1253 2213 1322 2250 Les
1342 2217 1509 2262 rapports
1538 2214 1752 2250 incestueux
1779 2213 1827 2250 du
1845 2224 1937 2261 pape
1963 2223 2050 2249 avec

275 2284 316 2309 sa
337 2272 408 2310 fille
429 2277 493 2310 ont
519 2275 574 2310 ete
601 2274 731 2322 rejetes
751 2284 843 2322 pour
862 2274 894 2310 le
913 2277 1030 2309 meme
1057 2273 1171 2310 motis.
1191 2273 1298 2321 (Voy.
1327 2273 1362 2309 la
1386 2284 1575 2321 remarque
1604 2273 1648 2309 de
1678 2273 1732 2310 M.
1772 2273 1817 2309 de
1850 2273 2051 2326 Reumont,

275 2336 296 2369 a
319 2332 512 2369 l'oncasIon
538 2333 587 2369 du
615 2333 704 2369 reeit
722 2333 767 2369 de
794 2333 994 2378 Burchard,
1025 2333 1117 2369 dans
1137 2332 1275 2369 l’Arch.
1299 2333 1397 2370 Scor.
1415 2333 1516 2375 Ital„
1532 2334 1569 2369 3e
1583 2331 1688 2378 serie,
1706 2335 1732 2369 t.
1755 2332 1869 2378 XVII,
1891 2344 1928 2380 p.
1948 2333 2048 2378 325.)

274 2393 329 2429 Au
351 2392 735 2429 commencement'du
756 2403 864 2429 xvmo
891 2392 1011 2437 siecle,
1045 2391 1077 2428 le
1105 2395 1235 2440 regent
1276 2392 1320 2428 de
1359 2392 1495 2428 France
1529 2391 1679 2428 donnait
1710 2403 1756 2427 au
1776 2390 1868 2439 petit
1898 2391 2051 2427 Luxem—

272 2452 392 2499 bourg
423 2452 534 2488 douze
557 2451 649 2497 hals,
673 2455 720 2488 ou
750 2452 929 2488 danseurs
958 2456 993 2488 et
1025 2452 1245 2497 danseuses,
1285 2451 1564 2499 completement
1590 2462 1673 2496 nus,
1699 2449 1970 2488 renouvelaient
1996 2448 2049 2485 les

273 2512 364 2548 fetes
384 2510 551 2558 galantes
577 2511 626 2547 du
662 2511 828 2548 VatIcan.
852 2511 920 2547 Les
946 2512 1037 2556 fetes
1059 2512 1231 2556 d’Adam,
1254 2503 1391 2547 comme
1412 2522 1458 2547 on
1485 2510 1536 2547 les
1561 2509 1719 2559 appelait
1733 2509 1844 2556 alors,
1866 2513 1950 2546 sont
1975 2519 2050 2545 res-

273 2573 349 2607 tees
376 2570 555 2616 celebres3
584 2570 605 2606 il
633 2570 727 2607 n'est
760 2582 826 2619 pas
854 2569 1047 2606 d’ecrivain
1078 2570 1139 2618 qui
1170 2570 1222 2606 les
1265 2570 1324 2607 nie
1352 2581 1425 2606 non
1445 2569 1527 2617 plus
1554 2581 1624 2618 que
1652 2569 1704 2606 les
1738 2569 1911 2606 relations
1931 2568 2048 2606 inces-

275 2636 426 2667 tueuses
447 2630 492 2666 de
512 2629 677 2679 Philippe
695 2630 887 2666 ‘d'Orleans
907 2641 994 2666 avec
1017 2641 1058 2666 sa
1075 2629 1159 2672 fille,
1173 2630 1207 2666 la
1231 2630 1410 2666 duchesse
1431 2629 1475 2666 de
1491 2630 1606 2678 Berry
1619 2629 1733 2677 (Voy.
1758 2628 1930 2674 Dulaure,
1951 2630 2052 2666 Hist.

278 2690 320 2725 dc
331 2691 490 2734 Paris-‚L
506 2689 605 2734 VIII,
619 2700 654 2737 p.
673 2689 754 2735 183,
777 2690 858 2734 186,
876 2690 956 2735 191,
982 2690 1039 2726 ed.
1061 2689 1182 2737 1834).
1209 2689 1310 2725 Dans
1329 2700 1401 2724 une
1424 2687 1527 2725 lettre
1550 2692 1650 2725 toute
1671 2688 1791 2736 privee
1811 2688 1861 2724 du
1879 2689 1923 2724 16
1933 2687 2050 2736 juillet

276 2749 482 2797 precedent,
497 2748 677 2796 Agostino
691 2748 868 2796 Vespucci
883 2749 1002 2785 donne
1020 2751 1041 2784 a
1054 2748 1255 2785 Machiavel
1271 2748 1336 2784 des
1354 2747 1483 2784 details
1497 2747 1696 2794 analogues
1711 2749 1732 2782 a
1744 2759 1835 2783 ceux
1853 2746 1913 2795 qui
1924 2749 2049 2794 prece-

277 2810 363 2844 dent
374 2820 437 2846 sur
449 2807 484 2844 la
498 2808 552 2844 vie
564 2820 633 2856 que
648 2808 782 2845 menait
801 2808 833 2844 le
848 2808 951 2845 Saint
965 2809 1055 2844 Pere
1076 2820 1123 2844 au
1143 2807 1292 2845 Vatican
1307 2819 1315 2843 ε
1330 2821 1348 2842 «
1417 2806 1625 2843 Restavami
1640 2806 1730 2850 dire,
1745 2806 1811 2842 che
1831 2805 1862 2842 si
1881 2809 1968 2842 nota
1986 2816 2050 2853 per

277 2866 519 2914 qualcheuno,
541 2868 621 2913 che,
644 2867 702 2903 dal
722 2868 824 2915 Papa
844 2868 878 2903 in
899 2867 1003 2912 fuor1‚
1026 2868 1092 2904 che
1117 2867 1153 2904 vi
1170 2867 1218 2903 ha
1238 2866 1296 2903 del
1310 2866 1480 2903 continuo
1497 2865 1522 2901 il
1542 2877 1608 2902 suo
1624 2865 1777 2913 greggie
1798 2864 1946 2910 illecito,
1963 2864 2049 2912 ogni

278 2938 359 2963 sera
378 2926 479 2964 XXV
496 2926 624 2962 femine
649 2938 667 2962 e
684 2926 759 2974 piu,
777 2927 823 2963 da
839 2926 1053 2963 l’Avemaria
1078 2927 1123 2963 ad
1145 2938 1216 2963 una
1237 2926 1337 2971 hora,
1355 2937 1445 2962 sono
1466 2928 1604 2973 portate
1630 2923 1667 2959 in
1687 2923 1830 2970 Palazo,
1852 2923 1888 2959 in
1911 2935 2050 2972 groppa

278 2986 314 3022 di
342 2985 582 3033 qualcheuno,
613 2987 701 3022 adeo
730 2986 797 3022 che
822 2986 1135 3023 manifestamente
1168 2985 1204 3021 di
1235 2988 1326 3021 tutto
1345 2984 1369 3020 il
1399 2983 1529 3020 Palazo
1551 2986 1569 3019 e
1600 2982 1728 3020 factosi
1757 2975 1959 3031 postribulo
1976 2983 2051 3019 d'o-

279 3044 343 3093 gni
372 3045 556 3093 spurcitie.
586 3044 687 3081 Altra
728 3056 847 3081 nuova
873 3057 945 3082 non
977 3045 1012 3082 vi
1039 3045 1159 3093 voglio
1195 3045 1280 3081 dare
1303 3044 1392 3081 hora
1420 3043 1456 3079 di
1478 3055 1562 3092 qua,
1592 3054 1650 3079 ma
1683 3054 1722 3078 se
1761 3042 1808 3078 mi
1838 3042 2047 3090 rispondete

279 3115 370 3142 vene
390 3104 476 3140 daro
508 3102 599 3139 delle
632 3103 693 3151 piu
726 3103 870 3141 belle...
906 3105 959 3140 Ex
991 3104 1120 3148 Roma,
1150 3105 1195 3140 16
1220 3103 1299 3152 julii
1331 3104 1434 3139 1501.
1464 3103 1688 3139 Auousrmus
1723 3105 1898 3139 vester.»
1932 3101 2047 3149 (Cette

280 3164 382 3200 lettre
411 3175 432 3199 a
457 3165 512 3199 ete
539 3161 683 3210 publiee
710 3173 775 3210 par
795 3161 931 3207 villari,
964 3161 1109 3199 Niccolo
1139 3161 1380 3206 Machiavelli,
1401 3165 1427 3199 t.
1451 3162 1478 3206 Ι,
1501 3173 1537 3209 p.
1560 3162 1660 3203 558.)
1681 3161 1822 3197 Devant
1835 3172 1894 3197 ces
1918 3163 2047 3197 soenes

276 3221 512 3271 journalieres
552 3221 595 3257 de
630 3221 851 3265 debauches,
890 3232 937 3257 on
982 3220 1180 3268 s'explique
1209 3220 1465 3257 l'indill'erence
1498 3231 1568 3268 que
1606 3223 1681 3256 met
1708 3220 1897 3256 Burchard
1936 3223 1958 3256 a
1994 3221 2047 3257 les

281 3286 445 3319 raconter
465 3295 484 3315 «
511 3285 574 3318 not
598 3279 685 3324 only
716 3279 872 3317 without
891 3292 913 3317 a
931 3284 1123 3324 comment,
1152 3279 1218 3316 but
1243 3279 1335 3317 with
1366 3290 1407 3316 as
1439 3280 1546 3316 much
1579 3279 1811 3315 indifference
1841 3290 1882 3315 as
1909 3279 1940 3316 if
1962 3280 2048 3329 they

280 3353 376 3378 were
396 3341 480 3389 only
499 3340 560 3377 the
579 3339 683 3376 usual
702 3350 936 3376 occurrences
962 3339 1002 3375 of
1023 3339 1085 3375 the
1110 3339 1194 3387 day.
1221 3352 1240 3374 »
1267 3338 1424 3382 Roscoe,
1449 3340 1518 3375 The
1535 3339 1600 3384 life
1621 3339 1694 3375 (md
1710 3343 1816 3384 pont.
1839 3340 1886 3384 of
1901 3339 1970 3376 Leo
1990 3339 2050 3376 the

281 3402 389 3445 tenth,
409 3405 436 3437 t.
460 3400 523 3444 III,
545 3411 579 3448 p.
600 3400 682 3446 367,
700 3398 846 3436 dissert.
866 3409 913 3436 on
927 3398 989 3436 the
1010 3398 1196 3435 character
1214 3397 1253 3434 of
1269 3397 1310 3434 L.
1330 3397 1476 3446 Borgia.
