2254 3944
327 405 372 441 40
938 401 1170 438 JOHANNIS
1205 401 1499 448 BURCHARDI,
1908 405 1993 445 [Mai
2016 406 2110 446 1500]

391 509 613 567 Veneris,
654 512 709 556 15
743 507 875 566 maii,
912 507 1158 556 celebrate
1192 511 1303 555 sunt
1334 509 1536 570 exequie
1570 509 1695 556 bone
1727 508 1966 555 memorie
1997 523 2107 556 car-

327 593 502 640 dinalis
553 593 926 656 Segobricencis
973 592 1021 639 in
1067 591 1273 640 basilica
1318 608 1357 639 s.
1410 591 1541 638 Petri
1582 591 1641 637 de
1681 591 1844 650 Urbe;
1890 590 2107 640 officium

330 677 575 740 inceptum
614 676 705 725 fuit
738 678 871 726 circa
907 678 1084 726 horam
1121 677 1494 734 duodecimam;
1539 678 1706 722 Rmus.
1755 676 1810 722 D.
1843 675 2108 723 cardinalis

329 762 583 823 Capuanus
609 761 873 810 celebravit
896 762 1096 809 missam
1122 761 1364 824 majorem
1391 760 1440 806 in
1465 759 1607 806 altari
1631 759 1864 807 B..Marie
1888 759 2103 822 virginis,

329 844 409 890 ubi
449 844 714 892 cardinalis
745 844 1004 893 defunctus
1041 847 1114 892 est
1148 844 1384 907 sepultus.
1421 842 1610 891 Chorus
1643 858 1734 905 pro
1774 842 2107 890 cardinalibus

330 930 528 990 paratus
555 927 644 975 fuit
669 931 779 976 ante
806 929 991 976 dictum
1022 929 1177 976 altare
1210 929 1270 975 ad
1308 943 1455 975 unam
1487 942 1694 974 cannam
1726 942 1754 974 a
1777 925 1968 989 capella
1993 941 2108 989 pre-

329 1011 460 1058 dicta
482 1011 668 1059 distans
688 1028 697 1071 3
721 1012 861 1075 juxta
886 1012 1139 1060 columnas
1172 1029 1198 1060 a
1233 1028 1386 1060 cornu
1414 1010 1648 1074 evangelii
1681 1010 1850 1057 altaris
1874 1009 2102 1073 predicti,

328 1109 527 1141 scamna
552 1110 642 1157 pro
668 1096 910 1160 episcopis
936 1099 983 1143 et
1006 1095 1324 1159 presbyteris,
1351 1098 1399 1142 et
1425 1110 1452 1141 a
1476 1109 1629 1141 cornu
1655 1093 1860 1156 epistole
1885 1093 2106 1157 ejusdem

328 1177 513 1235 altaris,
543 1194 743 1226 scamna
767 1195 857 1243 pro
882 1179 1102 1227 diaconis
1129 1177 1492 1236 cardinalibus;
1522 1179 1569 1223 et
1594 1179 1704 1239 post
1727 1192 1982 1224 scamnum
2008 1176 2109 1223 dia-

329 1275 582 1319 conorum,
636 1278 888 1310 scamnum
936 1262 1090 1325 magis
1138 1262 1334 1308 bassum
1382 1276 1472 1323 pro
1521 1259 1831 1317 oratoribus3
1880 1262 1927 1307 et
1970 1263 2107 1307 retro

329 1358 584 1390 scamnum
611 1343 951 1402 diaconorum,
989 1348 1091 1391 tres
1116 1344 1242 1391 liuee
1273 1359 1589 1392 scamnorum
1621 1359 1712 1406 pro
1743 1343 1963 1406 prelatis.
1993 1345 2110 1391 Pre-

326 1425 411 1472 lati
458 1426 625 1489 palatii
674 1427 907 1474 sederunt
944 1428 993 1474 in
1029 1444 1228 1476 scamno
1275 1443 1418 1475 muro
1465 1427 1670 1474 ecclesie
1718 1426 2104 1490 propinquiore;

327 1509 579 1557 credentia
617 1525 707 1572 pro
745 1510 1025 1558 celebrante
1059 1515 1235 1574 parata
1272 1511 1362 1559 fuit
1400 1511 1449 1558 in
1486 1510 1664 1573 angulo
1702 1510 1831 1557 muri
1864 1513 2109 1558 transver-

327 1592 440 1638 salis
473 1593 600 1639 dicte
633 1592 820 1655 capelle
852 1609 880 1640 a
910 1609 1064 1641 cornu
1096 1594 1300 1656 epistole
1337 1610 1484 1657 super
1518 1594 1622 1656 ipso
1654 1609 1828 1651 muro;
1870 1596 1918 1640 et
1946 1596 2101 1652 extra,

327 1674 534 1738 epistola
558 1678 605 1722 et
628 1676 935 1739 evangelium
961 1677 1093 1724 dicta
1117 1680 1229 1724 sunt
1258 1677 1307 1723 in
1338 1677 1444 1740 ipsa
1474 1676 1666 1740 capella
1691 1680 1964 1724 oratorum.
1996 1679 2107 1724 Post

325 1759 542 1818 missam,
571 1758 687 1807 fecit
715 1760 991 1808 orationem
1018 1763 1313 1824 procurator
1338 1760 1525 1808 ordinis
1551 1760 1949 1818 Carmelitarum,
1974 1763 2107 1808 stans

325 1858 472 1905 super
498 1843 741 1906 pulpitum
766 1843 813 1890 in
839 1844 1065 1907 opposito
1091 1844 1218 1892 dicte
1245 1844 1448 1908 capelle,
1479 1860 1506 1891 a
1530 1843 1626 1890 fine
1652 1859 1968 1891 scamnorum
1993 1859 2107 1891 ora-

326 1929 506 1973 torum.
542 1929 766 1974 Castrum
798 1927 984 1975 doloris
1014 1928 1229 1991 positum
1255 1927 1343 1974 suit
1376 1944 1404 1975 a
1434 1927 1693 1985 columnis,
1728 1930 1864 1975 retro
1895 1927 2106 1974 bancum

325 2009 673 2072 episcoporum
713 2014 759 2057 ct
797 2011 1202 2074 presbyterorum
1240 2010 1566 2058 cardinalium
1605 2010 1665 2058 ad
1705 2010 1986 2057 distantiam
2025 2026 2106 2057 sex

324 2091 603 2154 palmorum
630 2093 690 2140 ab
716 2094 834 2156 ipsis
860 2093 1116 2152 columnis,
1148 2097 1195 2141 et
1226 2097 1373 2156 caput
1405 2094 1554 2141 castri
1587 2093 1678 2140 fuit
1706 2108 1876 2140 versus
1909 2093 2105 2141 easdem

326 2175 596 2234 columnas,
640 2179 688 2223 et
718 2176 809 2223 suit
839 2177 1159 2240 longitudinis
1197 2177 1476 2240 palmorum
1512 2177 1716 2240 triginta
1747 2176 1906 2235 unius,
1939 2176 2106 2225 latitu-

323 2258 449 2305 dinis
495 2259 774 2322 palmorum
811 2261 1013 2323 triginta
1047 2261 1276 2323 quinque,
1317 2259 1587 2307 altitudinis
1623 2260 1901 2323 palmorum
1933 2261 2105 2307 sexde—

324 2342 419 2388 cim
455 2342 530 2389 vel
566 2343 715 2391 circa.
756 2343 869 2390 Tele
906 2343 1062 2406 posite
1100 2343 1298 2405 fuerunt
1334 2343 1460 2391 sicut
1498 2343 1547 2390 in
1584 2343 1800 2405 exequiis
1837 2343 2104 2391 cardinalis

323 2441 360 2472 s.
412 2426 652 2490 Dionysii,
709 2430 911 2490 excepta
957 2427 1147 2490 capella
1190 2427 1412 2474 mulieris
1460 2427 1646 2474 incluse
1682 2425 1761 2491 (1),
1816 2426 1897 2473 ubi
1945 2427 2102 2490 posite

322 2508 519 2556 suerunt
543 2510 729 2557 circum
755 2511 1019 2573 imaginem
1043 2511 1186 2558 beate
1210 2510 1363 2558 Marie
1388 2510 1608 2574 virginis.

385 2594 437 2639 In
463 2593 617 2640 choro
644 2593 986 2651 cardinalium,
1016 2594 1066 2640 in
1092 2593 1298 2657 capella,
1330 2593 1412 2640 ubi
1439 2593 1587 2641 missa
1612 2596 1686 2640 est
1710 2593 1976 2653 celebrata,
2006 2610 2103 2642 non

322 2676 518 2723 suerunt
562 2676 658 2723 tele
694 2692 852 2739 neque
891 2677 1092 2724 intortia
1128 2693 1280 2740 supra
1314 2677 1473 2740 posita
1512 2677 1560 2723 in
1597 2677 1785 2739 quadro
1825 2676 1960 2725 circa
1997 2693 2104 2724 cas-

321 2763 483 2818 trum;
513 2775 662 2822 supra
685 2759 825 2818 telas,
855 2760 905 2806 in
929 2763 1139 2822 quatuor
1171 2761 1408 2824 partibUS,
1446 2760 1604 2822 posita
1634 2759 1834 2806 fuerunt
1859 2760 2102 2807 intortitia

321 2842 672 2905 quinquaginta
693 2843 767 2890 vel
792 2842 941 2900 circa,
964 2843 1188 2890 videlicet
1210 2858 1360 2905 supra
1385 2841 1638 2889 columnas
1664 2856 1867 2904 magnas
1893 2841 2100 2889 ecclesie

321 2926 561 2972 intortitia
587 2925 844 2985 tredecim,
875 2928 922 2972 et
947 2925 1207 2972 duodecim
1240 2940 1389 2988 supra
1415 2924 1668 2971 columnas
1693 2924 2101 2972 demoniacorum

322 3009 451 3071 ipsas
494 3010 768 3069 sequentes,
819 3024 939 3070 quas
986 3008 1081 3055 tele
1120 3024 1217 3055 non
1255 3008 1584 3066 excedebant3
1623 3008 1830 3055 totidem
1863 3009 1911 3055 in
1945 3025 2099 3072 oppo-

323 3091 445 3149 sito;
491 3094 707 3152 castrum
756 3090 940 3139 doloris
986 3090 1076 3138 fuit
1121 3091 1267 3138 nimis
1299 3107 1453 3155 prope
1490 3091 1596 3139 illas
1642 3091 1912 3150 columnaS,
1962 3096 2098 3141 retro

372 3229 404 3264 1.
435 3227 462 3263 ΙΙ
485 3227 599 3276 s’agit
618 3228 663 3264 de
692 3231 785 3265 cette
807 3226 968 3276 chapelle
994 3227 1038 3263 de
1059 3226 1315 3274 Saint-Pierre‚
1336 3231 1383 3264 ou
1413 3239 1451 3264 se
1484 3228 1599 3265 tenait
1625 3228 1765 3265 recluso
1785 3239 1855 3264 une
1884 3228 2013 3266 femme
2036 3230 2100 3278 qui

323 3287 463 3334 passait
484 3298 576 3335 pour
594 3287 726 3326 sainte.
749 3286 1052 3323 L’ambassadeur
1078 3286 1124 3322 du
1153 3287 1222 3323 duc
1250 3287 1294 3323 de
1322 3287 1469 3324 Ferrare
1501 3290 1523 3324 a
1549 3288 1678 3333 Rome,
1700 3287 1895 3324 Beltrando
1919 3288 1964 3325 de
1984 3289 2100 3327 Cons-

323 3345 438 3391 tabili,
462 3357 506 3382 en
524 3345 624 3394 parle
642 3347 733 3383 dans
749 3358 790 3383 sa
809 3346 968 3393 depeche
986 3346 1034 3382 du
1056 3346 1099 3382 18
1116 3349 1201 3383 aosst
1221 3347 1325 3393 1503,
1341 3359 1386 3383 au
1407 3347 1502 3395 sujet
1516 3347 1559 3383 de
1579 3347 1613 3383 la
1632 3346 1786 3383 maladie
1806 3347 1855 3383 du
1874 3359 1980 3396 pape.
2001 3364 2020 3382 «
2041 3348 2097 3386 On

322 3405 388 3441 fait
407 3405 493 3441 faire
522 3405 708 3454 beaucoup
729 3406 773 3442 de
798 3406 936 3454 prieres
962 3416 1027 3453 par
1048 3417 1116 3442 une
1143 3406 1271 3442 semme
1298 3418 1367 3454 que
1395 3406 1465 3442 l'on
1493 3406 1583 3443 croit
1608 3406 1738 3451 sainte,
1759 3409 1880 3443 murce
1902 3419 1946 3444 en
1973 3408 2096 3445 Saint-

324 3463 445 3500 Pierre
469 3475 476 3500 :
499 3469 594 3502 cette
614 3464 743 3501 semme
765 3467 890 3512 espere
911 3476 981 3512 peu
1002 3464 1094 3501 dans
1112 3464 1145 3501 la
1164 3465 1221 3501 vie
1242 3465 1286 3502 (16
1307 3466 1357 3503 Sa
1377 3465 1553 3503 Saintete.
1577 3481 1595 3499 »
1616 3465 1802 3503 l‘etrueelli
1822 3466 1915 3503 della
1935 3466 2096 3511 flattina,

325 3525 425 3559 nist.
453 3525 603 3570 diplom.
626 3525 686 3560 des
703 3524 896 3567 condures,
914 3528 940 3560 t.
965 3525 993 3569 l,
1012 3535 1047 3572 p.
1070 3525 1151 3561 437.
