2228 3938
299 381 367 417 188
903 376 1137 415 JOHANNIS
1171 375 1467 420 BURCHARDI,
1519 405 1523 409 .
1645 392 1652 399 κ
1801 376 2063 423 [Janvier,15⁰2]

297 484 587 531 ducatorum
625 480 728 529 auri
766 481 814 527 in
845 464 964 528 auro
998 497 1086 544 pro
1119 482 1230 529 dote
1267 483 1314 528 et
1358 479 1556 532 nomine
1588 479 1713 526 dotis
1746 480 1940 528 domine
1974 484 2066 530 Lu-

298 565 469 624 cretie,
509 580 630 627 quos
662 563 852 611 eisdem·
882 563 1114 611 fratribus
1149 564 1198 611 in
1234 562 1441 627 pecunia
1472 564 1729 610 numerata
1773 563 1975 612 tradidit
2020 569 2067 614 et

298 647 527 712 persolvit
564 663 573 694 ε
613 662 670 694 eo
705 646 753 694 in
790 647 1132 695 numeratione
1167 645 1447 710 hujusmodi
1486 644 1740 704 existente,
1793 645 1963 703 habuit
2009 663 2067 696 ex

299 730 505 778 Francia
530 730 736 786 litteras,
765 745 935 793 regem
959 732 1256 778 Francorum
1283 732 1473 777 Rmum.
1504 730 1561 776 D.
1589 728 1893 777 Cardinalem
1917 731 2066 780 Asca-

297 815 430 861 nium
457 812 734 861 omnimode
758 812 971 860 libertati
995 813 1285 861 restituisse.

364 897 534 956 Hodie,
559 896 685 943 hora
718 894 945 962 vigesima
966 897 1038 945 vel
1066 897 1214 954 circa,
1253 895 1458 944 recessit
1490 910 1547 942 ex
1581 894 1761 958 palatio
1799 896 2066 959 apostolico

297 981 495 1029 domina
518 984 760 1041 Lucretia,
790 982 890 1029 filia
915 983 1060 1044 Pape,
1089 981 1220 1028 itura
1244 979 1517 1027 Ferrariam
1545 978 1606 1026 ad
1629 978 1861 1026 maritum
1888 994 2026 1027 suum
2053 996 2062 1028 :

299 1065 527 1127 equitavit
558 1066 635 1114 via
664 1069 801 1113 recta
832 1064 891 1112 ad
920 1067 1118 1128 pontem
1149 1079 1187 1110 s.
1220 1062 1412 1126 Angeli3
1449 1062 1557 1108 inde
1590 1061 1650 1108 ad
1687 1061 1932 1109 sinistram
1956 1065 2066 1111 ante

298 1146 497 1193 domum
524 1147 638 1194 olim·
663 1146 923 1195 cardinalis
948 1145 1225 1193 Parmensis
1245 1160 1331 1207 per
1356 1146 1549 1212 portam
1575 1142 1632 1190 de
1658 1142 1860 1205 Populo,
1891 1144 2069 1192 Habuit
2117 1159 2120 1163 ·
2156 1140 2158 1142 ’

298 1229 345 1276 in
371 1229 604 1278 societate
628 1246 715 1278 sua
740 1245 889 1293 equos
915 1245 998 1276 sex
1029 1228 1101 1275 vel
1133 1228 1289 1284 circa3
1328 1242 1425 1274 non
1453 1229 1560 1274 erat
1590 1226 1826 1289 preciosis
1858 1227 2069 1274 vestibus

294 1311 478 1371 induta,
520 1313 729 1375 quia.....
764 1311 838 1377 (1).
873 1312 1004 1360 Ordo
1036 1310 1353 1374 equitantium
1380 1312 1496 1357 *ante
1526 1324 1634 1356 eam
1674 1311 1780 1356 erat
1811 1312 2069 1357 consuetus

294 1410 445 1457 usque
493 1396 553 1443 ad
590 1396 854 1443 servientes
901 1410 1165 1443 armorum.
1208 1396 1320 1441 Post
1354 1408 1436 1440 eos
1474 1391 1756 1454 equitabant
1794 1394 1959 1440 Rmus.
2009 1395 2065 1440 D.

297 1477 557 1525 cardinalis
581 1479 870 1526 Cusentinus
895 1492 1038 1540 quem
1064 1479 1148 1524 SS.
1178 1479 1234 1524 D.
1263 1479 1432 1523 noster
1458 1475 1639 1524 creavit
1668 1489 1826 1537 nuper
1852 1474 2068 1537 legatum

296 1560 355 1606 de
379 1560 534 1607 latere
561 1562 621 1608 ad
648 1561 985 1609 associandam
1010 1560 1260 1607 dominam
1291 1560 1567 1607 Lucretiam
1594 1576 1683 1624 per
1714 1564 1874 1609 terras
1901 1563 2069 1607 sancte

298 1658 504 1691 romane
532 1643 778 1701 Ecclesie3
809 1643 869 1691 ad
893 1643 1143 1690 dexteram
1170 1642 1417 1691 Cusentini
1443 1643 1693 1705 equitabat
1718 1645 1773 1691 D.
1806 1642 2072 1690 Ferdinan-

297 1725 385 1773 dus
409 1729 456 1773 et
487 1726 547 1774 ad
581 1726 827 1774 sinistram
862 1726 1124 1789 Borgie'D.
1172 1725 1523 1788 Sigismundus‚
1562 1725 1738 1773 fratres
1776 1725 2069 1789 supradicti3

298 1812 407 1872 post
431 1824 514 1857 eos
547 1809 745 1856 domina
772 1809 1015 1867 Lucretia,
1057 1808 1219 1856 media
1259 1808 1385 1855 inter
1423 1808 1725 1856 cardinalem
1759 1810 2010 1856 Estensem
2046 1823 2074 1859 a

299 1892 480 1940 dextris
523 1896 571 1939 et
613 1893 787 1940 ducem
828 1892 1224 1942 Valentinensem
1260 1907 1288 1939 a
1318 1891 1544 1949 sinistris,
1586 1907 1705 1954 quos
1744 1891 2073 1955 sequebantur
2104 1934 2106 1936 ,

301 1978 469 2039 gentes
495 1990 666 2023 eorum
692 1991 779 2023 suo
811 1975 995 2023 ordine.
1031 1974 1196 2022 Nullus
1235 1975 1493 2037 episcopus
1530 1974 1765 2033 interfuit,
1803 1973 2074 2037 prothono-

300 2058 449 2105 tarius
478 2058 553 2106 vel
585 2059 750 2106 abbas.
787 2058 1012 2122 Deputati
1042 2057 1239 2105 fuerunt
1274 2057 1491 2105 scutiferi
1524 2059 1650 2120 Pape
1680 2059 1727 2104 et
1758 2056 1948 2104 nobiles
1980 2059 2072 2104 Ro-

300 2142 432 2190 mani
457 2142 536 2204 qui
562 2141 741 2189 dictam
766 2141 1045 2189 Lucretiam
1071 2141 1371 2189 associarunt
1395 2140 1606 2204 propriis
1633 2155 1801 2187 eorum
1828 2140 2068 2203 expensis,

302 2229 348 2272 et
373 2225 592 2274 fecerunt
619 2225 792 2288 singuli
814 2225 902 2273 sibi
928 2228 1082 2273 vestes
1107 2239 1252 2272 novas
1278 2224 1336 2271 de
1363 2223 1630 2272 brocchato
1662 2224 1765 2271 auri
1794 2223 2000 2287 argenti,
2027 2228 2074 2271 et

302 2309 484 2356 sericas
510 2308 744 2356 diversas.
776 2307 1039 2372 Requisivit
1063 2307 1260 2371 insuper
1290 2307 1365 2354 his
1391 2307 1562 2356 diebus
1587 2308 1670 2354 SS.
1701 2309 1757 2354 D.
1787 2310 1952 2353 noster
1985 2321 2073 2369 per

303 2392 488 2439 socium
511 2407 674 2439 meum
699 2392 988 2454 magistrum
1013 2391 1405 2439 ceremoniarum
1430 2389 1644 2454 singulos
1670 2391 1770 2436 DD.
1798 2389 2075 2437 cardinales

304 2474 431 2536 quod
469 2474 672 2536 quilibet
706 2477 947 2538 prestaret
985 2475 1106 2522 duos
1144 2489 1293 2537 equos
1322 2474 1395 2521 vel
1430 2473 1548 2521 duas
1584 2472 1756 2532 mulas,
1804 2475 1851 2520 et
1896 2472 2074 2520 multos

305 2556 556 2620 episcopos
589 2557 718 2605 ultra
749 2557 934 2621 viginti,
965 2558 1091 2620 quod
1116 2557 1322 2620 quilibet
1346 2559 1590 2620 prestaret
1617 2570 1765 2603 unum
1799 2565 1978 2618 equum
2000 2555 2074 2604 vel

304 2655 448 2686 unam
473 2655 647 2702 equam
671 2656 758 2704 pro
781 2640 1131 2688 associantibus
1158 2640 1408 2688 dominam
1423 2639 1701 2687 Lucretiam
1727 2654 1879 2702 usque
1904 2640 2075 2686 Ferra-

300 2722 444 2782 riam,
472 2723 598 2786 quod
635 2723 852 2772 fecerunt
877 2723 1051 2788 singuli
1076 2723 1315 2787 requisiti.
1347 2726 1532 2772 Verum
1558 2722 1706 2784 aliqui
1732 2737 1790 2768 ex
1813 2720 2074 2769 cardinali-

300 2804 389 2851 bus
422 2821 520 2852 non
553 2805 793 2853 dederunt
821 2806 912 2852 nisi
944 2821 1094 2853 unum
1127 2820 1303 2867 equum
1332 2805 1407 2852 vel
1437 2819 1581 2851 unam
1620 2803 1801 2850 mulam
1825 2818 1912 2866 pro
1938 2817 2074 2850 asso-

303 2887 539 2935 ciantibus
572 2887 816 2935 dominam
848 2887 1141 2945 Lucretiam,
1182 2892 1227 2934 et
1260 2886 1445 2934 nullum
1478 2885 1759 2949 hujusmodi
1793 2884 2072 2934 animalium

305 2958 747 3017 mutuatorum‘suit
769 2969 1064 3017 restitutum.

352 3069 384 3104 1.
412 3068 464 3104 En
495 3067 599 3104 blanc
631 3069 722 3104 dans
755 3072 838 3104 tous
872 3067 923 3104 les
954 3080 1044 3105 mss„
1081 3068 1193 3105 Cesar
1220 3068 1317 3106 avait
1347 3067 1478 3116 equipe
1513 3078 1557 3103 en
1578 3078 1644 3103 son
1675 3077 1759 3103 nom
1782 3077 1853 3102 une
1870 3069 1996 3115 troupe
2032 3066 2076 3103 de

302 3127 397 3163 deux
425 3131 527 3164 cents
556 3127 728 3164 cavaliers
760 3139 851 3176 pour
877 3133 1036 3164 escorter
1065 3128 1220 3164 Lucrece
1247 3131 1283 3164 et
1316 3139 1357 3164 sa
1394 3127 1503 3163 suite.
1525 3125 1574 3162 Ce
1603 3125 1846 3174 deploiement
1879 3125 1923 3161 de
1961 3126 2075 3162 forces

302 3185 426 3222 n’etait
450 3197 516 3234 pas
542 3198 630 3223 sans
660 3186 838 3234 inquietet·
864 3185 1033 3225 l’orateur
1065 3186 1232 3223 florentin
1253 3186 1315 3234 qui
1350 3185 1470 3222 faisait
1495 3189 1590 3234 part,
1616 3196 1658 3221 en
1688 3196 1748 3221 ces
1780 3189 1928 3228 termes,
1950 3185 1993 3221 de
2015 3197 2075 3222 ses

305 3256 487 3294 soupcons
508 3247 529 3281 a
548 3244 582 3282 la
600 3245 830 3294 Seigneurie.
858 3261 922 3283 (ι...
940 3247 969 3282 Α
983 3257 1039 3282 me
1057 3246 1135 3282 dice
1156 3257 1205 3282 un
1231 3245 1323 3282 altro
1347 3246 1413 3282 che
1433 3244 1467 3281 vi
1493 3243 1697 3282 nominai...
1721 3244 1786 3280 che
1802 3244 1835 3279 in
1858 3249 1989 3292 questa
2007 3256 2074 3281 an-

303 3304 388 3341 data
405 3304 442 3341 di
461 3304 644 3342 Madonna
663 3304 829 3341 Lucretia
848 3305 892 3341 ad
914 3305 942 3341 F
944 3316 1077 3350 errara,
1105 3304 1212 3341 sobto
1233 3304 1347 3353 spetie
1369 3304 1404 3340 di
1424 3303 1638 3352 compagnia
1658 3303 1694 3339 di
1721 3303 1925 3348 honorarla,
1949 3303 1978 3340 si
2000 3303 2077 3340 fara

305 3364 421 3400 sforza
440 3363 476 3400 di
498 3367 622 3412 gente,
644 3368 680 3400 et
702 3366 763 3412 qui
780 3368 815 3401 et
843 3364 994 3409 alti-one,
1029 3368 1064 3400 et
1090 3364 1237 3412 quando
1266 3374 1422 3400 sar-anno
1443 3362 1476 3400 al
1496 3370 1616 3411 tempo
1637 3366 1671 3398 et
1694 3361 1727 3398 al
1748 3361 1859 3410 luogo
1892 3362 2073 3408 ordinato,

302 3427 397 3459 tuete
419 3434 575 3460 saranno
594 3427 720 3460 contra
736 3423 781 3459 ad
802 3422 836 3459 la
855 3423 994 3461 etita...
1017 3438 1035 3456 »
1059 3438 1078 3457 «
1097 3423 1226 3468 Rome,
1249 3423 1298 3472 ιιι]
1320 3421 1523 3460 decembris
1540 3421 1646 3458 MDI.
1674 3421 1837 3458 Servitor
1857 3421 2073 3458 Franciscus

303 3481 347 3516 de
370 3481 492 3529 Pepis,
516 3483 659 3519 Doctor.
683 3498 701 3516 »
724 3482 840 3528 (Clas,
865 3482 910 3527 X,
933 3482 1023 3520 dist.
1047 3484 1083 3528 2,
1106 3482 1185 3519 filza
1203 3483 1263 3529 51,
1285 3493 1307 3518 a
1326 3493 1358 3518 c.
1379 3482 1479 3529 287.)
