2228 3938
289 392 357 428 172
893 388 1124 426 JOHANNIS
1161 387 1458 431 BURCHARDI,
1735 388 1944 427 [Decembre
1965 393 2058 432 1501]

291 496 400 540 ante
439 491 765 554 quadraginta
801 507 952 538 annos
989 491 1134 538 fuisse
1174 489 1461 538 comitatum
1499 491 1546 535 et
1580 503 1608 535 a
1638 489 1890 553 sexaginta
1919 494 2055 540 annis

290 575 414 622 citra
458 590 563 620 esse
601 577 820 622 erectum
855 574 903 621 in
942 575 1192 632 ducatum,
1234 575 1501 636 propterea
1544 571 1691 618 etiam
1726 574 1939 622 Venetos
1976 576 2056 638 qui

286 658 565 705 habuerunt
582 657 642 704 ad
661 659 812 705 DCCC
831 658 1023 715 ducem,
1042 657 1220 704 debere
1249 655 1500 704 Sabandos
1527 654 1812 717 precedere.
1834 658 1965 719 Papa
1990 657 2058 705 in-

289 740 559 804 terrogavit
582 756 659 787 me
682 740 796 803 quid
822 739 941 787 mihi
956 740 1223 787 videretur.
1254 737 1499 801 Respondi
1527 737 1782 785 Sanctitati
1808 754 1892 785 sue
1907 740 2054 802 quod,

288 827 510 886 tempore
537 823 656 871 Sixti
688 825 769 870 lllI
798 825 946 886 Pape,
979 826 1148 870 orator
1173 822 1309 869 ducis
1349 819 1595 868 Sabaudie
1624 820 1862 882 precessit
1895 825 2058 870 orato-

288 921 392 953 rem
426 906 563 954 ducis
600 906 881 965 Mediolani,
910 908 956 953 et
993 908 1109 953 tunc
1135 904 1390 967 temporis,
1427 905 1676 950 oratorem
1707 903 1848 956 ducis,
1874 903 2060 952 Medio-

288 989 385 1037 lani
412 989 710 1053 precessisse
738 992 989 1038 oratorem
1012 991 1334 1046 Venetorum,
1353 1001 1449 1049 qua
1465 986 1524 1034 de
1543 1001 1596 1032 re
1613 986 1742 1034 idem
1765 986 1883 1034 dixit
1899 986 2060 1034 cardi-

287 1073 412 1121 nalis
440 1088 477 1121 s,
509 1073 741 1122 Severini.

350 1157 531 1203 Eadem
557 1156 651 1215 die,
682 1157 730 1204 in
756 1173 883 1215 sero,
914 1156 1113 1219 quidam
1130 1154 1471 1202 mascheratus
1496 1168 1610 1200 usus
1635 1156 1708 1200 est
1731 1169 1820 1216 per
1845 1156 2060 1218 Burgum

287 1239 578 1302 quibusdam
602 1239 759 1287 verbis
786 1238 1055 1287 inhonestis
1080 1241 1254 1286 contra
1285 1237 1461 1284 ducem
1486 1235 1902 1296 Valentinensem,
1932 1237 2061 1300 quod

288 1322 384 1369 dux
408 1321 684 1385 intelligens
719 1322 834 1370 fecit
863 1337 974 1369 eum
1008 1321 1116 1384 capi
1142 1323 1189 1367 et
1214 1320 1326 1366 duci
1354 1319 1413 1366 ad
1443 1312 1631 1365 curiam
1659 1334 1695 1366 s.
1726 1319 1912 1378 Crucis,
1943 1319 2060 1367 olim

288 1404 550 1463 Sabellam,
580 1408 627 1453 et
653 1405 785 1453 circa
813 1420 994 1453 nonam
1031 1404 1207 1451 horam
1239 1402 1396 1450 noctis
1428 1401 1516 1449 suit
1542 1402 1586 1448 ei
1623 1401 1838 1449 abscissa
1869 1418 2060 1460 manus,

287 1488 393 1550 ipsa
418 1488 635 1535 anterior
662 1504 777 1550 pars
814 1488 996 1550 lingue,
1032 1502 1124 1549 que
1158 1486 1246 1533 fuit
1277 1482 1493 1548 appensa
1523 1499 1672 1547 parvo
1706 1484 1858 1548 digito
1887 1500 2062 1532 manus

291 1570 524 1628 abscisse,
558 1573 605 1617 et
638 1586 811 1616 manus
847 1570 953 1632 ipsa
981 1569 1195 1615 fenestre
1234 1567 1368 1614 curie
1405 1583 1443 1614 s,
1497 1567 1665 1615 Crucis
1704 1583 1937 1630 appensa,
1980 1567 2062 1615 ubi

292 1653 469 1700 mansit
496 1652 556 1700 ad
582 1653 847 1700 secundam
872 1652 1002 1698 diem
1028 1650 1106 1716 (1).

351 1734 605 1783 Dominica
632 1735 775 1783 tertia
807 1734 1057 1792 adventus,
1099 1737 1154 1782 12
1202 1733 1313 1781 dicti
1351 1733 1530 1780 mensis
1567 1731 1861 1791 decembris,
1894 1734 2060 1779 Rmus.

294 1821 349 1866 D.
375 1818 635 1866 cardinalis
657 1818 911 1866 Grimanus
931 1817 1195 1867 celebravit
1211 1817 1409 1864 missam
1431 1815 1691 1880 plublicam
1713 1815 1760 1862 in
1779 1814 1965 1879 capella
1986 1830 2067 1862 su-

295 1900 531 1964 pradicta.
559 1903 689 1964 Papa
711 1904 953 1964 presente.
978 1902 1266 1948 Sermonem
1288 1899 1403 1947 fecit
1425 1902 1709 1962 procurator
1727 1897 1912 1946 ordinis
1925 1897 2068 1946 here-

296 1983 526 2030 mitarum
548 1999 587 2029 S.
614 1982 884 2047 Augustini.
912 1982 1018 2030 Alia
1043 1997 1180 2030 more
1202 1981 1361 2030 solito.

359 2068 460 2114 Hoc
487 2081 645 2125 mane,
678 2071 914 2114 venerunt
949 2065 1110 2114 littere
1150 2065 1210 2112 de
1241 2064 1450 2127 quadam
1479 2063 1638 2110 insula
1669 2065 1938 2110 Turcarum
1976 2079 2066 2126 per

296 2149 606 2214 monsignore
628 2149 686 2196 de
709 2149 964 2197 Rabestani
993 2148 1300 2212 capitaneum
1330 2145 1609 2210 generalem
1639 2145 1913 2193 triremium
1938 2145 2066 2209 regis

296 2231 513 2290 Francie,
536 2235 584 2279 et
600 2232 786 2279 duobus
808 2231 1020 2279 millibus
1041 2233 1307 2279 Turcarum
1332 2228 1604 2277 interfectis
1628 2228 1701 2275 vel
1720 2228 1849 2275 circa
1870 2227 1950 2292 (2).

363 2316 535 2362 Orator
559 2315 695 2362 ducis
723 2314 961 2363 Sabaudie
984 2314 1078 2361 hoc
1102 2328 1243 2361 mane
1269 2312 1356 2360 fuit
1379 2312 1429 2359 in
1455 2311 1657 2374 capella,
1692 2311 1767 2358 cui
1794 2313 1924 2374 Papa
1946 2310 2064 2359 dixit

298 2398 346 2446 in
377 2413 570 2446 camera
602 2397 845 2461 Papagalli
876 2397 1005 2460 quod
1038 2412 1135 2444 non
1166 2397 1364 2444 deberet
1393 2394 1686 2443 contendere
1723 2409 1835 2442 cum
1875 2397 2065 2442 oratore

297 2482 483 2529 Veneto
509 2496 656 2543 super
679 2480 1007 2543 precedentia,
1033 2480 1116 2529 sed
1135 2480 1177 2528 ei
1204 2480 1393 2537 cedere,
1418 2478 1456 2525 si
1481 2477 1684 2535 veniret,
1713 2482 1760 2525 et
1786 2492 1882 2525 non
1907 2477 2067 2525 facere

300 2562 582 2611 scandalum
608 2563 688 2627 (3).

346 2723 379 2758 1.
409 2721 474 2758 Cet
491 2722 698 2770 imprudent
717 2735 763 2759 -se
784 2722 958 2759 nommait
975 2722 1146 2759 Jeronino
1173 2720 1354 2759 Mancioni
1376 2732 1384 2757 :
1408 2720 1430 2756 il
1451 2720 1540 2757 etait
1560 2720 1604 2756 de
1627 2719 1762 2768 Naples
1790 2722 1838 2755 ou
1862 2718 1887 2755 il
1913 2718 2069 2762 exercait

298 2782 331 2816 la
350 2781 553 2828 profession
579 2781 624 2817 de
650 2783 809 2820 rheteur.
833 2781 1012 2829 Agostino
1038 2781 1118 2817 Niso
1138 2785 1284 2817 raconte
1312 2779 1343 2815 le
1363 2779 1428 2816 fait
1453 2791 1500 2814 un
1521 2790 1592 2826 peu
1619 2778 1884 2814 dit't'eremment
1911 2776 1956 2814 dt
1975 2775 2066 2813 Bur-

297 2840 406 2876 ehard
439 2852 447 2877 z
484 2855 502 2873 «
533 2841 585 2876 De
618 2841 755 2878 salibus
787 2846 907 2877 autem
943 2846 978 2876 et
1011 2839 1170 2877 dicteriis
1204 2838 1435 2876 mordacibus
1471 2836 1819 2886 praetermittendum
1850 2846 1933 2872 esse
1963 2839 2065 2884 puto,

298 2899 466 2946 quoniam
489 2912 568 2935 cum
591 2912 777 2937 sermones
798 2900 871 2937 sint
890 2899 1044 2936 aculeati
1061 2910 1102 2935 ac
1122 2899 1324 2943 mordaces.
1346 2896 1463 2945 magis
1484 2895 1640 2933 attinent
1662 2895 1707 2932 ad
1728 2895 1936 2940 maledicos,
1958 2905 2065 2942 quam

298 2959 342 2994 ad
367 2958 541 2994 aulicares
560 2959 677 3004 viros;
698 2960 783 3007 quia
803 2963 977 3007 praeterea
996 2962 1193 3006 provocant
1212 2957 1257 2994 ad
1287 2956 1410 2993 odium
1430 2955 1486 2992 vel
1502 2954 1674 2991 ultionem
1694 2965 1775 3002 quae
1795 2964 1817 2989 a
1838 2952 1934 2989 bono
1949 2952 2067 2989 aulico

299 3016 444 3053 omnino
465 3017 637 3063 fuglenda
656 3029 738 3054 esse
752 3018 970 3065 judicamus.
995 3017 1084 3054 Cum
1109 3015 1337 3053 Hieronimus
1359 3014 1572 3052 Mancionus
1594 3011 1871 3061 Neapolitanus,
1893 3012 2069 3048 adversus

298 3075 475 3111 Caesarem
499 3076 667 3123 Borgiam
696 3089 786 3113 usus
808 3082 906 3114 esset
924 3075 1057 3113 talibus
1078 3075 1249 3112 aculeatis
1278 3074 1518 3118 sermonibus,
1541 3077 1577 3109 et
1602 3084 1623 3109 a
1642 3072 1786 3109 Caesare
1812 3070 1936 3118 lingue
1956 3070 2064 3107 muti-

299 3133 432 3170 latione
453 3134 488 3169 in
509 3134 606 3171 illum
627 3136 918 3172 animadversum
939 3139 1008 3172 est.
1029 3149 1047 3169 »
1070 3137 1122 3171 De
1142 3146 1180 3171 re
1198 3136 1330 3179 aulica,
1348 3133 1408 3170 liv.
1431 3133 1460 3178 1,
1482 3132 1588 3179 chap.
1616 3142 1699 3172 nvn,
1722 3140 1758 3178 p.
1781 3130 1906 3167 336-7.
1931 3125 2067 3178 (1614).

344 3194 380 3229 2.
410 3193 481 3229 Sur
500 3193 534 3229 la
553 3194 651 3241 prise
672 3195 716 3230 de
738 3194 899 3240 Metelin,
921 3206 1008 3242 voy.
1035 3195 1123 3230 Jean
1145 3194 1316 3234 d’Auton,
1338 3192 1397 3229 ch.
1420 3202 1634 3227 inx-Lxxn.

345 3251 379 3289 3.
408 3252 478 3289 Les
500 3252 688 3300 questions
712 3253 756 3289 de
776 3256 973 3301 preseance
1001 3256 1111 3300 ayant
1134 3251 1229 3288 alors
1257 3250 1291 3287 la
1311 3251 1392 3299 plus
1419 3249 1558 3298 grande
1579 3249 1800 3297 importunae
1821 3253 1857 3285 et
1882 3248 2069 3285 occasion-

299 3316 389 3348 nant
414 3316 565 3349 souvent
590 3312 655 3348 des
687 3312 915 3349 discussions
937 3311 999 3359 qui
1028 3311 1283 3359 degeneraient
1304 3308 1531 3358 quelquesois
1558 3320 1603 3344 en
1630 3308 1730 3345 voies
1757 3308 1801 3343 de
1824 3307 1901 3353 fait,
1928 3307 1951 3343 it
1978 3307 2085 3344 n’est

300 3382 366 3418 pas
385 3370 509 3408 inutile
530 3371 574 3407 de
598 3376 783 3420 rapporter
803 3382 843 3408 ce
869 3382 940 3419 que
961 3371 1162 3406 Francesco
1183 3369 1271 3417 Pepi
1293 3368 1439 3405 eerivait
1457 3371 1479 3404 a
1499 3367 1534 3404 la
1553 3366 1767 3415 Seigneurie
1791 3379 1837 3404 au
1858 3367 1953 3415 sujet
1972 3367 2016 3403 de
2036 3365 2071 3402 la

301 3430 506 3467 discussion
538 3430 600 3478 qui
627 3430 746 3467 s’ctait
777 3430 898 3467 elevee
919 3435 1019 3467 entre
1051 3430 1222 3466 l'orateur
1247 3429 1291 3464 de
1322 3427 1455 3465 Venise
1476 3431 1512 3464 et
1543 3426 1636 3463 celui
1657 3425 1705 3462 du
1737 3426 1806 3463 duc
1829 3426 1873 3462 de
1905 3425 2066 3463 Savoie:

303 3504 321 3521 «
403 3488 500 3525 Hieri
518 3489 668 3527 mattina
691 3489 816 3531 l'altra,
839 3490 996 3526 essendo
1016 3500 1078 3537 per
1098 3488 1147 3525 ire
1168 3488 1205 3524 in
1226 3486 1402 3536 cappella,
1424 3491 1460 3523 et
1475 3485 1722 3523 trovandovisi
1741 3485 1905 3522 l'oratore
1932 3484 2069 3521 Veneto
