2228 3938
211 370 351 413 [Juillet
372 371 463 411 1501]
651 368 820 407 RERUM
854 368 1158 407 URBANARUM
1189 369 1539 407 COMMENTARII.
1921 375 1984 412 151

279 472 510 532 Sabbato,
550 476 576 522 3
610 473 791 522 mensis
813 473 940 538 julii,
979 474 1182 522 recessit
1214 474 1275 523 ab
1307 474 1434 523 Urbe
1473 491 1586 523 cum
1622 476 1848 539 gentibus
1888 478 1988 525 suis

213 558 309 606 dux
347 556 631 606 Valentinus
672 557 771 620 qui,
810 556 1020 605 dimissis
1053 558 1164 619 illis,
1201 563 1253 607 ut
1291 562 1578 622 sequeretur
1614 560 1899 624 monsignor
1930 561 1989 610 de

215 639 389 703 Ubigni
427 639 487 687 ad
535 655 742 703 regnum
784 641 1178 704 Neapolitanum,
1216 641 1320 706 ipse
1369 642 1543 690 eodem
1582 658 1693 690 sero
1734 643 1883 692 rediit
1927 645 1987 694 ad

214 723 413 772 Urbem.

275 806 419 855 Feria
441 806 605 866 tertia,
633 809 662 853 6
686 804 867 853 mensis
892 805 1019 869 julii,
1055 810 1201 871 capta
1229 808 1320 856 fuit
1345 812 1393 856 et
1426 810 1487 857 ad
1512 825 1741 858 carceres
1767 811 1988 860 Sabellas

211 891 360 938 ducta
374 905 430 938 ac
455 892 646 938 torture
667 888 888 953 exposita
904 890 1135 938 adstatim
1151 894 1199 939 et
1222 891 1352 940 infra
1381 908 1526 940 unam
1550 892 1728 941 horam
1753 910 1989 959 suspensa

213 973 456 1021 Ludovica
480 972 696 1037 Hispana
713 973 949 1021 meretrix
972 974 1033 1021 ad
1059 976 1261 1023 Puteum
1285 975 1464 1024 Album
1490 978 1679 1024 morari
1705 978 1866 1036 solita,
1897 994 1990 1042 que

212 1057 501 1105 coeuntibus
533 1071 645 1105 cum
673 1071 732 1106 ea
759 1056 1014 1105 furabatur
1044 1056 1279 1121 quantum
1312 1062 1509 1123 poterat
1541 1063 1589 1108 et
1612 1061 1780 1125 plures
1804 1060 1990 1110 fecerat

206 1140 440 1205 jugulari.
477 1142 629 1204 Capta
651 1142 768 1189 tunc
791 1139 953 1188 fuerat
991 1157 1049 1189 ex
1073 1157 1131 1189 eo
1165 1143 1313 1205 quod,
1354 1144 1686 1207 gubernatore
1722 1145 1865 1193 Urbis
1902 1146 1991 1194 do-

151 1255 154 1258 ·
211 1239 345 1271 mum
387 1239 524 1271 suam
560 1226 958 1287 pertranseunte,
1000 1225 1200 1289 quidam
1245 1227 1413 1274 Gallus
1442 1226 1520 1275 cui
1557 1227 1818 1276 duodecim
1855 1232 1992 1277 scuta

211 1307 342 1355 furto
369 1308 722 1367 substraxerat,
751 1323 862 1356 cum
888 1324 946 1356 ea
968 1311 1237 1373 propterea
1267 1310 1462 1374 publice
1489 1312 1817 1360 contendebat
1848 1315 1895 1360 et
1931 1313 1991 1360 de

187 1437 191 1441 .
213 1406 271 1438 ea
294 1391 614 1455 gubernatori
633 1393 1047 1455 conquerebatur.

275 1474 418 1523 Feria
452 1474 622 1538 quinta
657 1475 774 1524 dicti
804 1476 985 1524 mensis
1016 1478 1145 1541 julii,
1185 1478 1245 1526 de
1280 1479 1514 1526 mandato
1547 1480 1632 1527 SS.
1669 1481 1725 1527 D.
1764 1481 1823 1528 N.
1861 1482 1991 1544 Pape

208 1557 431 1606 habitum
463 1561 536 1606 est
564 1558 614 1606 in
649 1558 888 1622 Capitolio
914 1564 1319 1609 conservatorum
1353 1576 1550 1608 camere
1574 1561 1709 1609 urbis
1734 1562 1991 1611 consilium

210 1641 387 1690 civium
434 1644 770 1690 Romanorum
808 1643 870 1689 ad
908 1644 1039 1706 quod
1082 1660 1181 1692 non
1226 1643 1421 1691 fuerunt
1465 1644 1625 1692 vocati
1669 1661 1807 1693 more
1851 1645 1991 1695 solito

212 1740 382 1773 omnes
407 1724 571 1788 capita
593 1724 854 1789 regionum
881 1729 929 1774 et
952 1727 1033 1775 alii
1068 1727 1215 1787 soliti,
1245 1728 1329 1775 sed
1357 1727 1513 1776 solum
1536 1728 1603 1776 illi
1629 1729 1711 1792 qui
1738 1733 1877 1777 erant
1900 1745 1991 1793 pro

211 1810 351 1871 parte
379 1807 689 1866 Ursinorum,
723 1812 769 1856 et
794 1809 1104 1873 propositum
1129 1813 1177 1858 et
1208 1811 1461 1859 obtentum
1484 1811 1615 1874 quod
1638 1811 1881 1859 Marinum
1906 1812 1992 1859 de-

210 1891 351 1939 beret
377 1891 481 1939 solo
505 1890 700 1954 equari;
730 1894 779 1939 et
817 1892 1007 1940 veneris
1036 1896 1064 1940 9
1097 1893 1214 1941 dicti
1238 1893 1421 1941 mensis
1452 1893 1499 1941 in
1531 1909 1676 1942 mane
1704 1894 1886 1942 iterum
1910 1910 1991 1942 re-

212 1974 356 2023 cessit
385 1975 446 2022 ab
478 1975 608 2023 Urbe
633 1990 751 2023 cum
781 1975 986 2039 reliquis
1022 1977 1250 2041 gentibus
1275 1978 1375 2025 suis
1403 1994 1573 2026 versus
1604 1978 1861 2042 Neapolim
1895 1979 1992 2027 dux

210 2056 514 2107 Valentinus.
545 2057 701 2106 Credo
725 2057 885 2122 ipsum
902 2059 1076 2107 eodem
1102 2076 1213 2108 sero
1239 2061 1301 2108 ad
1325 2061 1504 2109 Urbem
1530 2061 1752 2109 rediisse.

275 2141 329 2189 111
354 2143 498 2189 nocte
533 2141 772 2205 sequenti,
813 2141 890 2190 die
915 2143 1107 2202 martiS,
1145 2146 1201 2192 13
1225 2144 1408 2192 mensis
1425 2144 1536 2209 julii
1566 2144 1796 2208 predicti,
1831 2144 1992 2192 irrue-

209 2226 325 2274 runt
345 2239 403 2271 ex
427 2226 598 2273 Castro
614 2224 924 2274 ‘Viterbiense
947 2226 1195 2275 Johannes
1219 2227 1399 2275 Paulus
1417 2228 1686 2286 Balhonus,
1705 2227 1987 2287 Perusinus,

209 2322 321 2356 cum
343 2306 512 2356 multis
536 2306 645 2355 aliis
669 2310 862 2371 partem
890 2308 1179 2358 Ursinorum
1194 2310 1469 2358 faventibus
1491 2310 1542 2358 in
1567 2310 1808 2358 civitatem
1831 2311 1990 2360 Viter-

209 2390 429 2440 biensem
471 2390 520 2439 in
562 2390 741 2439 multos
775 2391 904 2458 cives
951 2395 1146 2456 partem
1190 2393 1588 2442 Columnensium
1626 2396 1893 2453 s‘ervanteS,
1941 2397 1989 2442 et

208 2472 562 2522 interfecerunt
587 2473 896 2535 quindecim;
928 2474 1010 2523 alii
1036 2475 1204 2525 dicunt
1232 2476 1401 2540 viginti
1427 2492 1529 2535 sex,
1559 2475 1686 2525 inter
1709 2492 1830 2541 quos
1855 2491 1989 2526 asse-

208 2557 324 2604 runt
344 2553 493 2604 fuisse
515 2569 599 2603 sex
623 2556 866 2604 doctores.

272 2641 326 2688 In
347 2642 492 2687 nocte
518 2639 756 2703 sequenti,
786 2639 863 2688 die
886 2641 1120 2690 mercurii
1141 2645 1198 2688 14
1222 2640 1443 2704 ejusdem
1465 2629 1647 2688 mensis
1666 2640 1796 2704 julii,
1811 2640 1986 2705 sepulti

181 2763 184 2767 .
208 2722 405 2771 fuerunt
427 2722 523 2771 duo
549 2721 597 2770 in
625 2722 836 2771 ecclesia
860 2725 914 2772 B.
946 2724 1101 2772 Marie
1135 2724 1194 2772 de
1221 2723 1424 2786 Populo,
1458 2723 1517 2770 de
1543 2738 1717 2787 campo
1740 2724 1986 2772 Gallorum

204 2843 360 2894 religion
379 2844 416 2881 di
435 2844 566 2889 Roma,
594 2857 613 2882 e
634 2845 659 2881 il
683 2857 778 2895 papa
796 2857 914 2883 venne
945 2859 966 2883 a
997 2859 1120 2884 messa
1138 2858 1161 2884 a
1181 2847 1256 2884 San
1275 2847 1399 2893 Piero;
1422 2847 1483 2896 poi
1502 2847 1538 2884 fo
1559 2847 1709 2896 divulga
1741 2847 1775 2884 la
1795 2847 1869 2897 liga
1887 2852 1943 2886 tra
1962 2849 1986 2886 il

204 2916 312 2954 papa,
335 2904 474 2941 Franza
501 2916 520 2941 e
549 2904 712 2953 Spagna,
736 2917 804 2943 con
824 2906 958 2953 bando,
992 2907 1131 2955 ogniun
1164 2906 1230 2943 fazi
1260 2906 1365 2943 focho
1394 2918 1459 2955 per
1478 2907 1595 2943 Roma
1614 2918 1633 2943 e
1664 2907 1777 2944 feste.
1805 2908 1886 2953 Poi,
1908 2919 1930 2945 a
1949 2908 1986 2945 di

203 2965 319 3014 primo
336 2964 423 3006 luio,
445 2964 470 3000 il
490 2959 610 3002 duclla
622 2965 758 3013 partira
775 2978 842 3015 per
860 2967 996 3004 Reame
1022 2978 1089 3004 con
1111 2966 1145 3003 le
1170 2970 1279 3015 gente
1300 2978 1382 3008 sue,
1402 2966 1513 3003 molto
1533 2978 1729 3015 pomposo3
1749 2978 1768 3004 e
1788 2979 1853 3016 per
1868 2967 1986 3004 Roma
2056 3007 2061 3013 ,

202 3035 276 3060 non
296 3023 328 3060 si
347 3024 437 3060 vede
457 3023 550 3061 altro
566 3024 635 3060 che
660 3024 826 3063 brochati
842 3038 862 3063 e
888 3031 978 3063 sete.
1005 3026 1045 3062 El
1064 3025 1193 3074 signor
1211 3026 1311 3063 Zuan
1331 3025 1475 3063 Zordan
1492 3037 1512 3062 e
1538 3025 1563 3062 il
1584 3025 1712 3074 signor
1737 3025 1845 3064 Carlo
1864 3027 1986 3064 Ursini

203 3095 222 3120 e
238 3082 400 3120 Vitelozo
418 3094 538 3120 vanno
558 3095 626 3120 con
658 3083 722 3120 lui.
743 3085 785 3121 Li
806 3085 924 3134 campi
955 3085 1010 3122 de’
1030 3085 1186 3122 francesi
1206 3097 1225 3122 e
1245 3088 1267 3122 a
1286 3085 1443 3131 Marino,
1464 3091 1561 3123 terra
1581 3085 1698 3134 prima
1726 3086 1763 3122 di
1794 3084 1984 3130 Colonesi;

204 3146 402 3191 aspectano
420 3142 446 3178 il
473 3142 606 3188 ducha,
626 3154 699 3180 non
719 3143 841 3182 hanno
866 3149 1065 3183 eontrasto.
1087 3145 1159 3181 Tra
1191 3145 1331 3182 Franza
1350 3157 1369 3181 e
1390 3145 1542 3194 Spagna
1573 3148 1592 3182 e
1620 3145 1753 3194 partito
1772 3143 1797 3181 il
1816 3157 1944 3192 regno,
1967 3157 1986 3182 e

204 3201 278 3238 don
309 3200 503 3248 Consalvo,
531 3203 719 3250 capetanio
743 3215 901 3252 yspano,
933 3216 955 3240 a
979 3203 1156 3241 cominzia
1186 3215 1207 3240 a
1234 3203 1348 3241 inti-ar
1383 3205 1421 3240 in
1451 3205 1619 3243 Calabria
1639 3218 1659 3242 e
1693 3205 1770 3254 piar
1796 3209 1903 3242 terre.
1936 3205 1987 3240 La

207 3259 376 3297 Calabria
404 3272 424 3297 e
455 3260 547 3298 Puia
572 3262 683 3299 tocha
701 3273 724 3299 a
742 3262 906 3312 Spagna,
940 3263 974 3300 el
1004 3268 1101 3301 resto
1121 3275 1143 3300 a
1162 3263 1300 3300 Franza
1329 3275 1395 3312 per
1427 3264 1585 3312 capitoli.
1617 3279 1636 3300 n
1669 3265 1823 3309 Sanuto,
1858 3268 1885 3301 t.
1921 3263 1982 3308 IV,

209 3318 278 3357 col.
300 3319 426 3357 61-62.
448 3320 498 3356 Le
517 3321 622 3357 traite
641 3321 687 3358 de
708 3328 860 3370 partage
886 3327 985 3360 entre
1005 3323 1040 3360 la
1063 3323 1201 3360 France
1229 3327 1265 3360 et
1285 3322 1482 3372 l‘Espagne
1503 3324 1552 3360 du
1572 3334 1746 3372 royaume
1773 3323 1817 3358 de
1837 3322 1983 3370 Naples,

209 3378 316 3427 signe
335 3377 368 3415 le
388 3379 427 3415 11
450 3380 646 3417 novembre
667 3381 773 3427 1500,
797 3386 855 3419 est
873 3382 994 3431 publie
1013 3384 1106 3419 dans
1133 3382 1167 3419 le
1187 3384 1303 3430 corps
1323 3384 1588 3430 diplomatique
1609 3383 1653 3419 de
1676 3382 1849 3426 Dumont‚
1868 3385 1896 3417 t.
1918 3381 1985 3427 III,

209 3438 259 3474 11⁰-
279 3437 395 3486 partie
417 3449 453 3486 p.
481 3439 564 3484 444,
587 3443 622 3476 et
641 3439 676 3475 la
693 3439 790 3477 bulte
816 3441 864 3477 du
884 3453 977 3490 pape
997 3442 1060 3491 qui
1085 3453 1256 3479 consuere
1276 3453 1316 3478 ce
1345 3447 1498 3490 partage
1521 3443 1580 3489 (25
1595 3441 1673 3488 juin
1701 3440 1820 3488 1501),
1843 3439 1935 3478 dans
1955 3439 1987 3476 le

216 3497 452 3544 Supplement
471 3508 516 3532 au
538 3498 650 3544 Corps
670 3499 782 3546 dipl„
802 3504 830 3538 t.
850 3500 916 3543 III,
937 3512 973 3549 p.
997 3502 1032 3546 1,
1053 3505 1090 3538 et
1107 3501 1199 3537 dans
1218 3500 1417 3546 Rinaldi‚t.
1437 3501 1552 3546 XXX,
1573 3512 1609 3551 p.
1629 3500 1699 3536 358
1718 3503 1754 3535 et
1774 3499 1868 3539 suiv.
