2248 3892
322 403 394 441 426
932 402 952 439 J
956 401 1117 439 OHANN
1121 401 1164 440 IS
1199 401 1493 449 BURCHARDI,
1900 404 1984 446 [Mai
2007 405 2104 447 1506]

325 506 408 565 εἰς,
437 504 663 564 UrbinuS,
698 504 1052 565 CesenatensiS,
1081 505 1329 567 Columna,
1357 505 1897 572 MedicesuCesarinuffi
1926 509 2102 557 Farne-

324 589 441 648 siuS,
465 587 724 653 Aragonia,
749 588 1023 650 CorneliuS,
1044 590 1623 656 ConstantinopolitanuS,
1658 591 1834 639 Finalis
1850 590 1934 657 (1).

384 1096 632 1161 [Sabbato,
662 1098 774 1160 post
789 1096 981 1146 tertiam
1000 1096 1172 1144 horam
1193 1095 1365 1155 noctiS,
1389 1099 1446 1144 16
1462 1095 1595 1156 maii,
1617 1099 1673 1144 R.
1695 1098 1746 1144 P.
1765 1098 1822 1144 D.
1850 1098 1874 1145 J
1880 1095 2098 1145 ohannes

319 1180 643 1239 BroccarduS,
692 1180 949 1245 episcopus
993 1182 1203 1228 Ortanus
1241 1183 1288 1229 et
1330 1179 1541 1229 Civitatis
1575 1179 1860 1240 Castellane‚
1912 1180 2099 1244 capelle

320 1266 403 1313 SS.
426 1267 484 1313 D.
512 1266 568 1313 N.
600 1266 730 1328 Pape
755 1264 991 1328 magister
1016 1262 1426 1322 ceremoniarum,
1454 1263 1672 1312 debitum
1700 1263 1858 1313 carnis
1887 1263 2003 1312 satis
2026 1263 2100 1312 la-

318 1346 649 1396 mentabiliter
671 1347 828 1407 solvit,
860 1347 995 1412 cujus
1017 1347 1180 1395 anima
1203 1346 1474 1410 requiescat
1497 1346 1546 1399 in
1570 1363 1689 1411 pace
1716 1346 1795 1412 (2).

362 1490 396 1526 1.
424 1489 474 1527 Le
494 1490 645 1527 Journal
677 1491 722 1527 de
749 1489 939 1526 Burchard
959 1499 998 1526 se
1016 1489 1168 1527 termine
1194 1491 1215 1526 a
1240 1492 1334 1526 cette
1353 1489 1438 1526 date
1457 1489 1507 1525 du
1535 1489 1585 1525 27
1612 1489 1702 1526 avril
1725 1490 1834 1530 1506.
1859 1489 1912 1526 La
1931 1487 2092 1526 mention

313 1549 360 1586 de
393 1560 434 1586 sa
453 1553 550 1587 mort
578 1554 614 1587 et
640 1550 705 1586 des
735 1551 968 1587 evenements
989 1549 1051 1598 qui
1082 1549 1116 1585 la
1144 1549 1321 1587 suivirent
1346 1561 1368 1585 a
1393 1550 1450 1586 ete
1483 1549 1630 1597 redigee
1655 1561 1722 1597 par
1749 1561 1799 1586 un
1830 1550 1875 1586 de
1907 1560 1969 1586 ses
1988 1549 2095 1597 amis,

314 1611 495 1658 peut-etre
514 1621 581 1658 par
601 1621 668 1647 son
689 1608 882 1646 secretaire
903 1608 1060 1654 Gabriel,
1081 1608 1150 1646 cite
1176 1609 1469 1658 precedemment
1488 1619 1584 1657 page
1603 1609 1687 1654 390,
1709 1608 1808 1656 ligne
1827 1610 1868 1646 2.

361 1670 397 1705 2.
426 1667 475 1705 Ce
495 1669 724 1717 paragraphe
746 1672 801 1706 est
826 1668 1014 1717 reproduit
1040 1671 1268 1706 exactement
1295 1668 1386 1705 dans
1418 1667 1451 1704 le
1473 1669 1726 1715 Necroloqium
1753 1669 1956 1705 Romanum
1981 1668 2094 1715 (mss.

315 1729 425 1774 7871,
443 1728 506 1766 fol.
528 1729 610 1773 103,
637 1728 683 1765 de
703 1728 738 1765 la
763 1727 967 1774 Vaticana),
995 1728 1138 1776 d'apres
1158 1727 1191 1765 le
1211 1739 1305 1766 mss.
1332 1727 1377 1764 de
1398 1727 1600 1764 Burchard.
1631 1729 1686 1775 (Ιη
1701 1730 1773 1775 fine
1793 1726 1898 1763 diarii
1917 1727 2096 1776 ejusdem,

316 1787 354 1824 in
373 1787 544 1825 Archivio
572 1792 712 1824 secreto
744 1787 965 1837 Vaticano.)
987 1787 1037 1825 Ce
1067 1800 1157 1825 mss.
1187 1788 1232 1825 de
1259 1788 1331 1824 222
1354 1786 1511 1824 feuillets
1540 1786 1662 1823 donne
1685 1798 1750 1835 par
1775 1786 1881 1824 ordre
1901 1786 2096 1824 chronolo-

316 1847 428 1896 gique
448 1847 482 1884 la
502 1848 620 1885 notice
641 1847 706 1884 des
727 1850 840 1884 morts
858 1846 985 1895 depuis
1003 1847 1073 1884 l'an
1092 1860 1117 1884 M
1137 1850 1157 1884 εὶ
1177 1847 1319 1884 l'annee
1335 1859 1483 1885 MDLxxL
1503 1845 1604 1883 C’est
1615 1858 1680 1895 par
1699 1857 1821 1883 erreur
1841 1858 1911 1895 que
1927 1845 2033 1884 Paris
2053 1847 2098 1884 de

317 1907 461 1943 Grassis
478 1907 679 1955 enregistre
697 1906 733 1943 la
751 1910 845 1943 mort
865 1907 910 1943 de
929 1907 1118 1944 Burchard
1134 1910 1156 1944 a
1174 1907 1211 1944 la
1224 1908 1307 1944 date
1328 1907 1376 1943 du
1388 1906 1591 1952 dimanche‚
1610 1907 1656 1943 17
1673 1905 1757 1943 mai.
1775 1920 1795 1940 «
1815 1906 1882 1943 Die
1901 1906 2096 1951 dominica,

318 1958 362 2002 17
387 1966 526 2002 mensis
554 1966 658 2009 maii,
686 1970 850 2002 mortuus
880 1969 936 2002 est
966 1967 1016 2004 R.
1055 1967 1098 2003 P.
1132 1967 1180 2004 D.
1219 1966 1413 2014 episcopus
1444 1965 1623 2012 Ortanus,
1655 1966 1759 2014 cujus
1791 1964 1914 2003 anima
1940 1965 1978 2002 in
2009 1977 2101 2015 pace

315 2025 532 2073 requiescat.
555 2025 685 2061 Amen.
708 2024 775 2061 Hic
802 2024 871 2061 fuit
890 2023 955 2068 ¹ille
975 2036 1132 2074 magnus
1157 2025 1380 2073 trimagister
1406 2028 1442 2062 et
1469 2024 1672 2072 trigenialis
1699 2024 1984 2062 ceremoniarum
2009 2036 2097 2062 nos-

317 2089 468 2130 trarum,
491 2084 553 2132 qui
569 2084 599 2121 si
616 2084 800 2121 humanus
820 2083 947 2121 vivens
963 2084 1106 2131 fuisset,
1127 2084 1253 2132 procul
1270 2083 1382 2120 dubio
1398 2087 1526 2121 nostra
1546 2094 1606 2120 ars
1626 2095 1671 2120 ex
1686 2082 1747 2121 illo
1767 2084 1940 2132 ampliata
1951 2084 2098 2130 fuisset,

321 2144 385 2180 sed
407 2143 579 2191 quoniam
597 2155 671 2180 non
693 2143 810 2180 solum
829 2155 903 2180 non
920 2144 1103 2181 humanus
1134 2144 1199 2180 sed
1225 2154 1336 2192 supra
1359 2154 1485 2180 omnes
1504 2142 1643 2179 bestias
1662 2142 1964 2189 bestialissimus,
1984 2143 2095 2180 inhu-

316 2202 567 2248 manissimus,
602 2202 924 2240 invidiosissimus.
957 2204 1043 2240 Ideo
1076 2207 1200 2241 nostre
1233 2202 1435 2240 ceremonie
1473 2205 1508 2239 et
1544 2201 1755 2239 conculcate
1788 2206 1825 2240 et
1855 2202 2027 2251 implicite
2060 2206 2098 2240 et

316 2261 508 2299 obscurata
527 2261 692 2310 fuerunt;
711 2261 821 2299 immo
848 2274 930 2299 cum
951 2262 1102 2309 viveret,
1130 2262 1217 2312 quia
1241 2274 1315 2299 non
1344 2267 1458 2299 artem
1478 2273 1587 2310 quam
1613 2261 1715 2299 solus
1741 2273 1788 2299 ex
1813 2261 1969 2299 diversis
1988 2261 2094 2300 libris

313 2321 572 2358 occultissimis
599 2322 844 2359 occultissime
873 2322 1040 2371 rapiebat
1071 2322 1321 2360 demonstrare
1344 2325 1408 2359 aut
1433 2322 1564 2359 docere
1586 2321 1754 2358 noluerat
1773 2321 1846 2358 nisi
1865 2321 1904 2357 in
1929 2321 2040 2367 facto,
2061 2325 2098 2359 et

311 2381 409 2417 illam
429 2381 578 2430 quidem
597 2382 865 2427 confusissime,
888 2386 928 2419 ut
948 2382 1057 2419 etiam
1077 2386 1162 2431 post
1181 2382 1294 2420 vitam
1314 2393 1419 2419 suam
1431 2393 1536 2418 nemo
1551 2381 1763 2426 imbiberet;
1781 2380 1833 2417 ita
1846 2380 2097 2419 inhumaniter

311 2440 388 2488 egit
408 2441 506 2489 quod
525 2440 636 2478 libros
663 2453 756 2489 quos
785 2453 831 2478 ex
858 2442 994 2479 talibus
1023 2441 1260 2490 inscripserat
1291 2453 1397 2479 nemo
1425 2440 1632 2490 intelligere
1665 2444 1789 2490 potest
1817 2440 1889 2478 nisi
1923 2439 2093 2479 diabolus

313 2503 474 2537 assertor
506 2501 585 2549 ejus
617 2504 681 2538 aut
707 2502 839 2538 saltem
872 2502 1014 2545 sibilla,
1039 2502 1091 2539 sic
1120 2502 1217 2539 enim
1245 2501 1356 2548 cifris,
1387 2501 1425 2538 id
1446 2504 1502 2538 est
1530 2500 1781 2545 caracteribus
1807 2493 2107 2538 obscurrissimis'

317 2558 500 2606 depinxit,
523 2562 585 2597 aut
606 2559 722 2597 literis
743 2560 943 2598 obliteratis
971 2565 1007 2598 et
1033 2560 1152 2598 oblitis
1175 2561 1348 2610 figuravit
1373 2565 1414 2598 ut
1442 2561 1549 2598 credo
1569 2560 1690 2609 ipsum
1714 2559 1891 2597 habuisse
1917 2559 2100 2598 diabolum

317 2629 383 2667 pro
401 2619 545 2667 copista
570 2618 653 2656 talis
682 2620 877 2669 scripture,
903 2620 998 2658 sicut
1022 2621 1154 2670 partim
1178 2621 1293 2657 videri
1318 2624 1439 2670 potest
1469 2620 1506 2656 in
1531 2620 1605 2657 fine
1630 2619 1741 2668 hujus
1762 2618 1844 2656 libri
1866 2618 1931 2655 ubi
1957 2618 2099 2668 aliquos

316 2678 532 2726 quinternos
546 2678 706 2728 alligavi.
730 2680 858 2727 Itaque
873 2680 910 2716 in
931 2692 997 2717 sua
1018 2680 1188 2718 felicitate
1205 2680 1256 2717 sic
1269 2681 1367 2728 jacet
1383 2692 1466 2717 eum
1480 2679 1557 2717 suis
1572 2679 1759 2729 spiritibus
1772 2678 1812 2716 in
1828 2678 1946 2717 alieno
1965 2679 2101 2717 mundo

316 2741 425 2785 prout
439 2738 476 2774 in
495 2739 565 2775 hoc
583 2751 666 2775 cum
686 2739 896 2776 hominibus
917 2751 956 2776 se
975 2740 1104 2778 habet.

365 2797 439 2834 Sed
459 2809 532 2834 non
550 2797 788 2835 obstantibus
810 2798 1063 2846 iniquitatibus
1084 2802 1120 2836 et
1141 2798 1472 2847 malignitatatibus
1501 2798 1593 2847 ejus,
1616 2809 1684 2847 ego
1706 2797 1825 2836 sciens
1846 2810 1918 2836 non
1935 2797 2006 2846 ipsi
2022 2797 2100 2845 jam

316 2859 459 2893 mortuo
478 2860 513 2893 et
534 2856 740 2902 incensato,
758 2858 821 2894 sed
835 2858 922 2894 mihi
942 2858 1011 2907 ipsi
1031 2859 1207 2896 honorem
1222 2858 1407 2907 sepulture
1418 2858 1496 2907 ejus
1511 2869 1699 2895 cessurum
1714 2857 1745 2895 si
1759 2857 1880 2908 ipsum
1899 2855 2098 2894 honorifice

320 2915 479 2963 sepelliri
504 2916 639 2963 fecero,
669 2928 784 2964 eoque
815 2917 922 2954 etiam
948 2922 1133 2965 posterum
1149 2918 1354 2967 exemplum
1372 2918 1519 2968 pietatis
1540 2921 1711 2966 operatus
1737 2929 1818 2955 sum
1843 2919 1883 2954 ut
1897 2915 2097 2953 honorifice

319 2974 530 3023 sepeliatur,
552 2977 621 3013 hoc
643 2977 751 3014 modo
776 2977 864 3026 petii
890 2989 912 3014 a
937 2978 1037 3026 Papa
1061 2981 1100 3015 ut
1124 2989 1227 3015 suam
1252 2978 1425 3015 familiam
1455 2978 1613 3016 mitteret
1631 2975 1889 3013 associaturam
1916 2975 2041 3021 funus,
2062 2979 2100 3014 et

315 3033 454 3082 placuit
477 3046 544 3072 sue
576 3035 781 3073 Sanctitati
803 3048 812 3073 z
839 3048 965 3073 verum
997 3037 1082 3085 quia
1104 3037 1228 3086 pluvia
1251 3037 1526 3086 superveniens,
1547 3036 1644 3073 idem
1669 3033 1802 3071 familia
1828 3033 1994 3083 predicta
2021 3046 2096 3072 non

318 3093 434 3131 venit.
464 3093 599 3132 Omnes
628 3096 796 3133 RRmos.
825 3096 902 3133 DD.
926 3096 1127 3134 cardinales
1158 3097 1226 3133 feci
1255 3097 1325 3134 hoc
1355 3097 1463 3134 modo
1488 3094 1639 3144 rogari:
1662 3108 1682 3128 «
1711 3093 1902 3131 Intimetur
1927 3093 2099 3133 omnibus

318 3152 474 3190 RRmis.
506 3154 585 3191 DD.
616 3154 864 3192 cardinalibus
891 3155 1044 3204 qualiter
1068 3156 1177 3194 hodie
1202 3160 1366 3193 mortuus
1398 3159 1456 3193 est
1485 3153 1705 3191 reverendus
1730 3153 1841 3190 Pater
1863 3153 1908 3191 D.
1936 3154 2099 3192 Joannes

319 3211 567 3259 Bruccardus,
590 3213 784 3263 episcopus
802 3213 974 3259 Ortanus,
994 3215 1169 3263 magister
1187 3213 1484 3259 ceremoniarum,
1505 3217 1542 3252 et
1559 3223 1624 3262 per
1642 3223 1874 3262 consequens
1893 3213 2097 3251 communis

319 3270 483 3307 omnium
504 3271 730 3310 RRmorum.
754 3272 832 3311 DD.
855 3272 1091 3310 cardinalium
1114 3272 1313 3309 familiaris.
1333 3273 1418 3310 Ideo
1443 3277 1621 3321 rogentur
1643 3283 1710 3321 pro
1734 3276 1838 3321 parte
1863 3277 2098 3312 executurum

321 3341 447 3367 omnes
469 3334 505 3368 et
526 3327 667 3380 singuli
687 3332 765 3370 DD.
781 3330 924 3380 prelati,
944 3336 984 3369 ut
998 3331 1125 3369 saltem
1141 3335 1279 3381 partem
1296 3331 1430 3370 familie
1449 3331 1605 3381 quisque
1618 3331 1761 3369 mittere
1780 3332 1952 3382 dignetur
1966 3332 2013 3370 ad
2032 3332 2097 3370 ho·

320 3400 449 3426 norare
471 3394 507 3427 et
528 3390 713 3428 associare
727 3402 859 3439 corpus
874 3390 952 3438 ejus
966 3391 1011 3427 ad
1031 3390 1222 3428 ecclesiam
1236 3403 1268 3428 s.
1279 3391 1393 3428 Marie
1407 3391 1452 3428 de
1466 3390 1618 3440 Populo,
1629 3391 1850 3436 hodie,hora
1863 3391 2056 3441 vigesima.
2072 3405 2092 3425 »

371 3448 415 3484 Et
434 3453 520 3486 nota
539 3451 638 3497 quod
651 3449 733 3487 ideo
748 3450 822 3486 dixi
831 3461 903 3498 pro
914 3454 1024 3496 parte
1042 3455 1270 3488 eoeecutorum
1285 3449 1506 3499 simpliciter,
1529 3450 1614 3499 quia
1628 3450 1803 3500 cumipse
1822 3451 1860 3487 in
1876 3453 2095 3489 testamento

325 3517 392 3542 suo
414 3518 520 3544 suum
542 3513 796 3547 executuorem
823 3509 1050 3547 constituerit
1067 3509 1214 3548 Rmum.
1237 3511 1281 3549 D.
1302 3509 1520 3547 cardinalem
1542 3521 1573 3549 S.
1597 3509 1758 3559 Georgii,
1776 3513 1899 3548 tamen
1918 3510 2033 3559 Papa,
2055 3513 2098 3548 ut
