2228 3938
288 382 356 418 182
729 404 732 406 v
892 383 911 419 J
916 381 1076 420 OHANN
1081 384 1123 421 IS
1157 383 1453 430 BURCHARDI,
1737 384 1945 424 [Meembre
1965 386 2059 426 15⁰2]

350 483 492 530 Feria
526 486 677 538 sexta,
718 471 889 532 ultima
915 486 1095 533 mensis
1123 487 1412 546 decembris,
1450 502 1655 550 vespere
1683 486 1876 535 fuerunt
1905 486 1952 533 in
1977 502 2057 535 ca-

281 566 410 629 pella
429 566 615 629 majore
633 566 816 629 palatii,
847 569 976 631 Papa
994 574 1238 632 presente,
1265 575 1311 618 et
1337 570 1557 628 sabbato,
1586 574 1603 617 1
1628 569 1809 618 mensis
1828 569 2054 633 januarii,

284 652 448 696 Rmus.
483 651 538 696 D.
580 649 840 697 cardinalis
871 651 1230 701 Alexandrinus
1265 653 1523 701 celebravit
1556 638 1756 701 missam
1789 652 2057 701 solemnem

280 732 327 779 in
350 731 536 795 capella
557 732 791 795 predicta,
817 736 947 797 Papa
970 739 1217 798 presente,
1244 740 1291 784 et
1312 752 1410 784 non
1434 736 1523 784 suit
1546 752 1723 784 sermo.

285 838 288 839 ⁷
345 817 456 863 Post
482 815 758 878 prandium,
784 815 871 864 fuit
890 817 1107 866 habitum
1135 819 1182 866 in
1204 819 1364 883 platea
1388 835 1426 867 s.
1455 819 1580 867 Petri
1610 819 1786 867 festum
1812 821 2057 866 Romano-

278 914 384 946 rum
413 899 542 962 quod
564 899 687 962 jovis
714 900 1018 964 carnisprivii
1054 901 1103 948 in
1132 904 1299 964 Agone
1325 902 1495 949 haberi
1527 901 1806 960 consuevit3
1848 899 2056 949 adducte

279 981 537 1029 duodecim
576 998 781 1031 carruce
819 983 1071 1048 regionum
1109 985 1168 1032 de
1206 984 1570 1047 antiquitatibus
1601 987 1930 1032 Romanorum
1963 999 2056 1046 que

276 1079 371 1111 non
394 1064 749 1129 intelliguntur,
778 1082 915 1114 more
942 1067 1100 1115 solito.
1128 1071 1180 1115 In
1205 1070 1364 1126 nocte,
1394 1068 1441 1115 in
1469 1083 1667 1116 camera
1699 1069 1825 1131 Pape
1851 1066 2052 1114 recitate

279 1151 388 1195 sunt
414 1148 599 1196 diverse
624 1150 842 1197 comedie
867 1155 914 1199 et
935 1150 1059 1199 facte
1085 1151 1342 1198 moresche
1366 1155 1413 1199 et
1435 1151 1527 1199 alie
1552 1151 1734 1199 choree
1751 1150 1829 1215 (1).

345 1231 684 1295 Superioribus
722 1233 890 1281 diebus
919 1234 1160 1298 impressa
1191 1235 1280 1282 fuit
1311 1239 1358 1282 et
1393 1234 1451 1282 de
1486 1233 1738 1283 Alemania
1774 1234 1834 1282 ad
1874 1234 2055 1282 Urbem

280 1315 427 1362 missa
464 1316 669 1378 quedam
710 1316 912 1380 epistola
948 1333 1040 1380 que
1070 1319 1201 1366 venit
1238 1318 1298 1366 ad
1333 1333 1503 1365 manus
1540 1317 1661 1366 Rmi.
1706 1319 1760 1365 D.
1798 1316 2058 1365 cardinalis

279 1398 581 1459 MutinensiS,
609 1404 655 1447 et
681 1399 788 1459 suit,
817 1404 868 1449 ut
890 1400 1123 1461 intellexi,
1149 1404 1277 1465 Pape
1304 1401 1446 1460 lecta,
1476 1402 1660 1450 tenoris
1686 1400 2051 1464 subsequentis:

377 1560 399 1583 «
427 1541 692 1604 Maqm'fico
721 1541 929 1589 Domino
962 1542 1127 1605 Sylvio
1160 1542 1215 1590 de
1240 1543 1434 1590 Sabellis
1461 1544 1593 1606 apud
1608 1544 1957 1591 serenissimum

892 1625 1216 1673 Romanorum
1246 1642 1434 1689 reqem:

347 1746 367 1768 «
397 1725 652 1789 Magnifice
676 1726 878 1774 Domine
909 1726 1053 1790 Sylvi,
1086 1727 1309 1774 salutem.
1342 1727 1674 1775 Intelleximus
1703 1744 1760 1775 ex
1788 1727 2057 1775 amicorum

278 1809 470 1867 litteris,
501 1812 548 1856 te
574 1809 779 1872 perfidia
801 1810 1070 1874 proscripto
1093 1815 1236 1873 atque
1260 1810 1307 1857 in
1332 1811 1533 1874 predam
1558 1811 1684 1859 datis
1709 1811 1932 1859 omnibus
1960 1811 2060 1858 for-
2094 1858 2100 1862 .

278 1892 406 1939 tunis
438 1892 549 1951 tuis,
587 1894 646 1941 ab
689 1894 816 1942 Urbe
853 1894 1133 1942 discessisse
1175 1897 1222 1942 et
1261 1895 1435 1942 horum
1477 1895 1717 1943 latronum
1762 1895 1974 1943 furorem
2010 1898 2059 1942 et

279 1977 464 2023 rabiem
498 1978 722 2025 evasisse.
758 1977 1025 2036 DoluimuS,
1060 1982 1108 2024 ut
1141 1993 1318 2041 equum
1342 1977 1448 2037 fuit,
1487 1978 1546 2026 de
1581 1978 1676 2026 tuis
1705 1978 2056 2035 incommodis;

280 2059 364 2107 sed
389 2063 553 2107 tamen
583 2060 710 2107 inter
741 2063 810 2107 tot
843 2060 972 2107 mala
1003 2060 1159 2123 gavisi·
1181 2076 1364 2119 sumus,
1398 2063 1445 2107 te
1477 2061 1755 2108 incolumen
1787 2061 1835 2107 in
1865 2063 2060 2108 Germa-

279 2140 410 2190 niam
429 2147 475 2191 et
494 2144 621 2207 apud
638 2140 866 2191 Cesarem
887 2147 1158 2206 receptum.
1185 2144 1321 2191 Unde
1342 2159 1451 2192 cum
1470 2144 1798 2208 intelligamus
1816 2146 1863 2192 te
1885 2144 2059 2192 litteris

281 2226 712 2275 commendatariis
743 2230 790 2275 et
820 2226 1027 2274 aliorum
1058 2227 1284 2290 precibus
1313 2227 1440 2289 apud
1469 2242 1579 2275 eum
1612 2243 1758 2291 agere
1785 2232 1833 2274 ut
1859 2227 1905 2274 in
1936 2227 2059 2275 inte-

280 2326 422 2374 grum
447 2309 716 2357 restituaris
746 2309 883 2357 valde
913 2309 1135 2357 admirati
1167 2325 1328 2356 sumus
1361 2310 1673 2373 prudentiam
1701 2313 1833 2358 tuam
1864 2325 1921 2357 eo
1949 2325 2059 2357 cre-

281 2393 513 2452 dulitatis,
544 2393 635 2452 vel,
669 2392 1068 2459 utconfidentius
1101 2397 1263 2441 tecum
1293 2408 1514 2456 agamus,
1548 2393 1754 2441 levitatis
1788 2393 2056 2454 devenisse,

282 2481 331 2523 ut
356 2492 520 2540 speres
537 2476 668 2523 hunc
692 2476 943 2524 hominem
973 2475 1272 2540 proditorem
1303 2476 1495 2539 generis
1515 2476 1731 2534 humani,
1761 2476 1840 2539 qui
1863 2490 2060 2524 omnem

281 2561 459 2606 etatem
486 2560 663 2622 stupris
696 2564 743 2607 et
772 2559 956 2623 rapinis
988 2560 1365 2608 contaminatam
1397 2560 1458 2607 ad
1490 2558 1803 2623 decipiendos
1836 2559 2060 2608 homines
2107 2580 2111 2583 ·

281 2642 600 2705 consumpsit,
629 2642 809 2705 aliquid
836 2659 1046 2706 unquam
1076 2644 1204 2706 quod
1232 2644 1415 2707 justum
1441 2642 1501 2690 sit
1531 2643 1603 2691 vel
1634 2658 1775 2706 posse
1806 2643 1881 2691 vel
1913 2657 2060 2706 agere

281 2726 370 2773 nisi
396 2729 527 2774 metu
554 2729 602 2774 et
626 2726 807 2774 viribus
838 2732 1110 2774 coercetur.
1141 2729 1304 2786 Erras,
1335 2726 1602 2786 carissime,
1634 2730 1682 2774 et
1706 2726 1850 2788 longe
1878 2725 2060 2772 falleris

283 2808 320 2855 si
346 2809 592 2857 existimas
616 2809 762 2856 ullam
788 2825 995 2872 unquam
1018 2825 1190 2873 pacem
1215 2825 1325 2857 cum
1347 2810 1440 2857 hoc
1463 2812 1772 2857 monstruoso
1794 2807 1952 2870 capite
1974 2806 2058 2855 tibi

283 2907 389 2939 esse
417 2892 730 2954 querendam.
767 2895 887 2940 Nam
921 2897 1176 2956 postquam
1205 2907 1263 2940 ex
1293 2891 1424 2939 nulla
1452 2906 1616 2950 causa,
1644 2891 1730 2938 sed
1755 2906 1813 2938 ex
1838 2891 1941 2953 ejus
1969 2889 2062 2937 avi-

284 2973 430 3020 ditate
454 2976 501 3020 et
528 2972 736 3035 perfidia
763 2974 822 3020 ab
848 2989 905 3021 eo
933 2974 1154 3037 proditus
1186 2978 1231 3022 et
1258 2973 1559 3036 proscriptus
1585 2975 1728 3034 atque
1753 2972 1801 3018 in
1834 2971 2062 3035 perditio-

284 3071 395 3102 nem
429 3059 477 3103 et
508 3056 713 3118 predam
748 3057 889 3104 datus
926 3072 995 3115 es,
1034 3060 1259 3104 eternum
1290 3056 1377 3104 tibi
1409 3071 1520 3103 cum
1554 3056 1638 3102 illo
1673 3055 1850 3103 bellum
1888 3058 2062 3102 eterno

286 3138 395 3186 odio
420 3143 492 3185 est
514 3138 798 3186 finiendum.
831 3142 961 3203 Opus
988 3144 1060 3188 est
1080 3140 1228 3203 igitur
1255 3143 1443 3186 tentare
1468 3139 1588 3186 alias
1614 3138 1712 3186 vias
1736 3141 1783 3185 et
1806 3138 2062 3201 publicum

287 3236 483 3269 romane
504 3222 776 3285 pestilentie
797 3223 967 3270 vulnus
987 3224 1111 3270 veris
1130 3223 1330 3271 medicis
1349 3214 1543 3286 aperire
1564 3238 1573 3280 3
1599 3237 1873 3284 proponere
1897 3223 2060 3270 Cesari

288 3308 335 3352 et
359 3304 534 3353 ceteris
565 3305 751 3352 romani
784 3306 972 3369 Imperii
1003 3306 1301 3369 principibus
1336 3305 1496 3352 clades
1530 3320 1715 3364 omneS,
1749 3321 2057 3369 quecumque

337 3436 368 3471 1.
391 3435 487 3483 Voy,
506 3435 764 3484 Gregorovius,
785 3438 937 3472 Lucrece
956 3438 1101 3481 Βονῃία,
1120 3440 1144 3472 t.
1167 3436 1194 3480 1,
1215 3436 1319 3483 chap.
1339 3447 1434 3481 xx11;
1452 3435 1641 3480 Sanuto,t.
1664 3434 1723 3478 IV,
1742 3448 1777 3483 p.
1794 3437 1863 3471 222
1878 3440 1913 3472 et
1931 3435 2032 3471 suiv.
2055 3460 2064 3491 3

287 3494 473 3540 Muratori,
489 3497 559 3534 Rev·
602 3496 683 3532 Ital.
705 3495 838 3546 Script.
863 3495 994 3532 Diart'o
1013 3497 1216 3541 Ferrarese,
1240 3500 1264 3532 t.
1289 3495 1418 3540 XXIV,
1438 3506 1472 3547 p.
1496 3495 1566 3530 337
1584 3499 1620 3531 et
1639 3494 1758 3540 suiv.,
1777 3499 1844 3533 etc.
