2254 3944
135 365 241 404 [Mars
264 365 353 405 1500]
584 364 751 402 RERUM
785 361 1086 401 URBANARUM
1118 363 1468 402 COMMENTARH.
1873 369 1918 402 29

135 472 246 516 cata
268 485 415 532 super
441 467 672 516 brachiis.
701 470 831 516 Unus
854 466 1073 531 acolytus
1098 466 1309 530 portavit
1337 466 1641 514 thuribulum
1660 483 1770 514 cum
1790 468 1916 515 navi-

138 552 246 599 cula
284 552 483 610 incensi,
528 552 652 599 alter
682 567 761 598 vas
798 566 922 613 aque
955 549 1212 597 benedicte
1251 566 1362 598 cum
1400 550 1701 614 aspersorio,
1731 554 1779 598 et
1816 552 1914 599 du‘o

139 636 312 699 prelati
342 636 619 684 assistentes
643 635 825 682 librum
861 636 909 681 et
941 634 1214 682 candelam.
1257 637 1391 698 Papa
1426 634 1664 693 surrexit;
1694 635 1918 698 deposita

140 720 228 767 sibi
255 720 419 779 mitra,
454 718 701 767 benedixit
731 718 921 776 vexilla,
952 718 1118 766 dicens
1146 735 1156 765 ε
1205 739 1226 761 «
1260 718 1574 783 Adjutorium
1607 722 1832 766 nostrum
1866 719 1915 766 in

139 803 334 851 nomine
363 803 568 861 Domini,
604 802 685 865 qui
725 802 842 850 fecit
868 802 1028 850 celum
1059 805 1107 849 et
1145 805 1347 850 terram.
1379 801 1614 850 Dominus
1637 803 1911 861 vobiscum3

141 891 187 935 et
205 904 316 936 cum
333 887 504 951 spiritu
529 890 631 934 tuo.
661 888 868 934 Oremus
897 887 1244 950 :Omnipotens
1267 886 1566 950 sempiterne
1584 888 1730 944 Deus,
1760 887 1839 950 qui
1867 903 1918 934 05

138 975 432 1020 cunctorum
451 971 726 1020 benedictio
753 974 801 1018 et
825 961 1234 1034 triumphantium
1260 971 1514 1029 fortitudo,
1545 970 1734 1034 respice
1754 971 1919 1034 propi-

141 1056 235 1103 tius
263 1056 323 1104 ad
348 1071 521 1119 preces
549 1054 838 1103 humilitatis
866 1057 1051 1113 nostre,
1081 1058 1128 1102 et
1153 1054 1245 1102 hec
1270 1054 1445 1102 vexilla
1482 1070 1574 1117 que
1601 1053 1774 1102 bellico
1814 1054 1919 1100 usui

142 1142 405 1204 preparata
433 1142 560 1193 sunt,
591 1155 679 1202 per
707 1139 938 1187 celestem
967 1138 1360 1186 benedictionem
1391 1137 1710 1196 sanctificata,
1748 1140 1922 1185 contra·

142 1223 446 1272 adversarios
471 1227 518 1278 01
544 1223 752 1270 rebelles
771 1222 994 1271 nationes
1020 1224 1114 1270 sint
1145 1222 1303 1270 Valida
1327 1238 1383 1270 ac
1410 1225 1492 1270 tuo
1524 1220 1796 1268 munimine
1821 1221 1919 1269 cir-

139 1310 408 1372 cumsepta,
440 1307 630 1370 sintque
663 1307 870 1354 inimicis
901 1307 1066 1371 populi
1096 1305 1350 1355 christiani
1378 1305 1617 1354 terribilia
1642 1308 1690 1353 et
1714 1305 1923 1354 interce-

141 1392 366 1439 dentibus
392 1391 570 1439 sanctis
596 1390 688 1438 tuis
719 1391 1095 1438 solidamentum
1121 1394 1167 1438 et
1192 1390 1394 1438 victorie
1420 1393 1556 1438 certa
1580 1389 1778 1449 fiducia,
1810 1389 1924 1453 quia

142 1478 191 1522 tu
216 1491 267 1522 es
293 1477 421 1522 Deus
445 1475 527 1538 qui
552 1475 682 1522 bella
707 1474 922 1522 conteris
948 1477 996 1521 etv
1019 1474 1067 1520 in
1092 1477 1139 1521 te
1165 1474 1476 1538 sperantibus
1503 1473 1698 1521 celestis
1722 1473 1926 1536 presidii

142 1562 331 1622 prestas
356 1558 591 1607 auxilium
615 1575 705 1622 per
727 1558 974 1606 Christum
1002 1558 1266 1605 Dominum
1293 1560 1535 1604 nostrum.
1571 1577 1591 1600 »

206 1644 351 1705 Papa,
401 1642 704 1690 ministrante
752 1641 1037 1704 presbytero
1080 1640 1311 1687 cardinali
1360 1639 1580 1702 predicto
1632 1639 1918 1696 naviculam,

141 1725 372 1789 imposuit
395 1725 645 1773 incensum
681 1724 728 1771 in
769 1724 1084 1782 thuribulum,
1125 1724 1331 1787 aspersit
1366 1722 1537 1771 vexilla
1576 1727 1624 1770 et
1657 1723 1923 1771 incensavit

144 1826 224 1869 ea3
253 1809 377 1857 sedit
414 1813 461 1857 et
498 1807 685 1871 accepit
720 1807 936 1865 mitram3
973 1807 1069 1855 dux
1104 1807 1232 1856 venit
1265 1811 1375 1855 ante
1414 1806 1719 1865 Pontificem,
1759 1822 1927 1855 coram.

146 1910 240 1957 quo
265 1892 545 1958 genuflexit,
572 1892 764 1939 detecto
801 1891 976 1954 capite,
1006 1897 1051 1939 et
1075 1890 1282 1954 prestitit
1315 1890 1560 1939 fidelitatis
1592 1891 1924 1954 juramentum

147 1979 234 2027 sub
258 1977 333 2024 his
356 1976 511 2024 verbis
541 1991 549 2020 ε
584 1996 604 2018 «
632 1978 749 2039 Ego,
782 1978 928 2024 Cesar
953 1975 1127 2039 Borgia
1151 1975 1210 2022 de
1237 1974 1456 2034 Francia,
1488 1975 1585 2022 dux
1609 1977 1652 2023 V
1654 1973 1927 2022 alentinen-

147 2062 228 2121 sis,
257 2060 631 2120 confalonerius,
666 2059 899 2107 vexillifer
924 2076 1009 2107 seu
1034 2059 1314 2123 capitaneus
1345 2059 1584 2123 generalis
1611 2075 1648 2106 5.
1677 2062 1731 2106 R.
1762 2061 1839 2118 E.,
1866 2059 1926 2106 ab

140 2146 230 2194 hac
255 2145 378 2193 hora
403 2144 450 2191 in
475 2149 618 2193 antea
642 2143 799 2191 fidelis
830 2149 875 2191 et
900 2143 1134 2192 obediens
1166 2158 1249 2191 ero
1275 2143 1418 2191 beato
1446 2145 1606 2202 Petro,
1636 2160 1674 2190 s.
1704 2145 1762 2190 R.
1798 2144 1850 2189 E.
1880 2146 1928 2190 et

142 2229 292 2289 vobis,
319 2227 624 2277 sanctissimo
663 2227 871 2276 Domino
901 2243 1029 2287 meo,
1072 2230 1128 2275 D.
1157 2227 1430 2276 Alexandro
1458 2229 1585 2291 Pape
1626 2229 1703 2287 VI,
1731 2225 1926 2274 vestris-

92 2359 94 2361 ,
141 2329 234 2376 que
264 2312 628 2361 suecessoribus
658 2312 890 2360 canonice
925 2312 1233 2360 intrantibus.
1275 2315 1379 2361 Non
1417 2327 1498 2360 ero
1527 2311 1575 2358 in
1607 2310 1810 2359 consilio
1843 2315 1928 2358 aut

142 2413 381 2445 consensu
406 2396 478 2444 vel
503 2396 627 2444 facto
652 2401 703 2444 ut
729 2396 875 2444 vitam
897 2396 1111 2460 perdatis
1128 2399 1209 2444 aut
1232 2396 1523 2454 membrum,
1554 2411 1641 2443 5011
1666 2393 1926 2458 capiamini

143 2480 275 2528 mala
315 2480 557 2543 captione,
600 2482 682 2527 aut
717 2479 766 2526 in
807 2482 993 2527 vestros
1037 2496 1347 2527 successores
1393 2479 1642 2542 predictos
1689 2472 1927 2525 violenter

147 2578 319 2612 manus
354 2563 722 2626 quomodolibet
756 2562 1060 2626 ingerantur,
1101 2564 1176 2611 vel
1211 2563 1391 2627 injurie
1432 2563 1592 2625 alique
1631 2562 1922 2614 inferantur,

148 2646 315 2710 quovis
345 2646 533 2710 quesite
565 2646 754 2705 colore;
791 2646 1049 2693 consilium
1078 2662 1195 2694 vero
1227 2647 1354 2709 quod
1390 2639 1516 2693 mihi
1544 2645 1781 2692 credituri
1814 2644 1930 2691 estis

149 2730 222 2777 vel
243 2737 562 2778 'successores
593 2728 803 2792 predicti
833 2729 1072 2776 credituri
1105 2732 1231 2782 511111,
1275 2746 1364 2792 per
1395 2746 1444 2776 se
1478 2731 1560 2776 aut
1591 2727 1787 2775 nuntios
1818 2743 1932 2774 suos

151 2830 233 2861 seu
270 2813 476 2871 litteras,
515 2813 576 2860 ad
614 2816 828 2860 vestrum
865 2828 950 2859 seu
995 2820 1334 2859 successorum
1372 2811 1644 2859 eorundem
1680 2810 1927 2866 damnum,

152 2913 228 2944 me
261 2897 459 2954 sciente,
502 2895 683 2943 nemini
721 2896 950 2959 pandam.
993 2898 1229 2959 Papatum
1266 2898 1539 2943 Romanum
1577 2897 1623 2941 et
1668 2892 1855 2957 regalia
1891 2909 1928 2940 S.

154 2981 283 3028 Petri
307 2980 440 3029 vobis
467 2982 514 3027 et
555 2980 773 3043 ejusdem
800 2979 1164 3027 successoribus
1195 2979 1391 3043 adjutor
1422 2993 1508 3026 ero
1534 2978 1596 3026 ad
1619 2976 1931 3025 retinendum

154 3066 200 3110 et
237 3063 596 3110 defendendum
642 3065 815 3110 contra
857 3079 1052 3110 omnem
1092 3062 1366 3120 hominem;
1408 3062 1623 3126 legatum
1668 3059 1934 3124 apostolice

156 3147 282 3194 sedis
301 3146 349 3193 in
373 3147 533 3194 eundo
559 3149 607 3193 et
631 3146 885 3194 redeundo
908 3146 1180 3194 honorifice
1206 3146 1430 3194 tractabo
1454 3162 1510 3193 ac
1536 3145 1584 3192 in
1610 3144 1707 3191 suis
1728 3143 1936 3191 necessi-

159 3229 339 3277 tatibus
368 3230 630 3294 adjuvabo;
661 3230 792 3293 jura,
826 3229 1056 3288 honoreS,
1098 3230 1353 3294 privilegia
1386 3232 1434 3276 et
1472 3228 1816 3276 auctoritatem
1847 3229 1936 3273 Ro-

161 3326 303 3359 mane
346 3313 568 3371 ecclesie,
614 3316 778 3361 vestra
814 3316 862 3361 01
899 3328 1240 3362 successorum
1289 3316 1568 3361 vestrorum
1620 3324 1930 3363 conservare,

120 3411 125 3415 ‘
163 3393 442 3454 defendere,
483 3412 663 3460 augere
696 3399 745 3444 01
779 3413 1068 3461 promovere
1106 3398 1307 3455 curabo,
1349 3413 1440 3444 nec
1477 3412 1592 3444 vero
1628 3395 1677 3442 in
1714 3390 1931 3446 consilio,

162 3478 237 3525 vel
262 3477 406 3536 facto,
435 3495 519 3526 seu
543 3482 773 3539 tractatu,
801 3481 850 3528 in
872 3481 1046 3543 quibus
1069 3484 1242 3529 contra
1265 3496 1348 3529 vos
1372 3480 1448 3528 vel
1472 3479 1670 3527 eosdem
1692 3487 1938 3523 successo-
