2228 3938
337 360 404 396 114
945 363 1178 399 JOHANNIS
1212 362 1508 406 BURCHARD1‚
1842 364 1995 404 [Fevrier
2017 366 2116 405 1501]

338 461 607 509 officiorum
633 463 982 526 cujuscumque
1008 464 1244 527 qualitatis
1265 462 1641 528 provinciarum,
1665 462 1908 511 civitatum
1939 468 2108 514 etter-

334 559 498 591 rarum
528 547 745 592 Romane
770 546 992 605 ecclesie,
1026 562 1218 595 necnon
1250 546 1378 594 alme
1404 545 1542 593 Urbis
1575 548 1623 592 et
1652 547 1869 594 Romane
1898 547 2028 595 curie
2054 563 2111 596 ac

333 627 725 690 patriarchalium
747 629 1249 693 metropolitanarum,
1275 627 1626 677 cathedralium
1655 632 1703 676 et
1727 628 1932 677 aliarum
1954 630 2110 678 eccle-

333 710 535 771 siarum,
556 711 981 773 monasteriorum,
1005 712 1319 776 prioratuum,
1338 710 1772 775 prepositurarum,
1798 711 2104 776 dignitatum,

331 810 667 857 personarum,
689 795 1179 854 administrationum,
1208 795 1496 854 officiorum,
1527 794 1827 842 cantantium
1844 800 1888 843 et
1904 795 2110 859 preben-

331 877 520 937 darum,
546 878 989 927 ecclesiasticorum
1018 878 1307 927 secularium
1333 882 1377 926 et
1404 878 1550 926 etiam
1577 894 1615 925 s.
1642 877 1911 938 Benedicti,
1941 895 1980 926 s.
2009 881 2108 927 Au—

329 960 522 1024 gustini,
550 961 897 1020 Cisterciensis,
924 962 1269 1019 Cluniacensis,
1307 961 1675 1020 Carthusiensis,
1707 961 2104 1022 Camaldulensis,

330 1045 510 1092 Montis
537 1045 724 1105 Oliveti,
751 1046 1143 1106 Humiliatorum,
1170 1045 1649 1104 Premonstratensis,
1678 1045 1827 1095 Vallis
1850 1046 2104 1105 Umbrose,

326 1128 700 1188 Cruciferorum,
728 1129 1083 1178 monachorum
1099 1129 1448 1177 heremitarum
1473 1145 1510 1176 s.
1534 1129 1816 1193 Hieronymi
1838 1129 2105 1178 etaliorum

323 1212 599 1273 quorumvis
616 1212 861 1272 ordinum,
874 1217 973 1261 tam
986 1213 1195 1261 virorum
1212 1228 1357 1275 quam
1372 1212 1647 1271 mulierum,
1668 1212 1812 1260 etiam
1831 1211 2107 1261 mendIcan-

323 1294 442 1342 tium
459 1311 518 1344 ex
535 1295 782 1360 privilegio
797 1297 871 1345 vel
894 1296 1010 1344 alias
1026 1301 1182 1345 certos
1198 1296 1380 1343 reditus
1395 1295 1696 1354 habentium,
1716 1294 2106 1359 regulariumque

320 1378 617 1438 militiarum,
646 1380 829 1428 scilicet
851 1396 887 1428 s,
906 1380 1073 1428 Jacobi
1089 1381 1149 1428 de
1175 1379 1371 1443 Spatha,
1390 1379 1449 1427 de
1465 1379 1726 1438 Calatrava,
1752 1379 1811 1426 de
1827 1378 2100 1438 Alcantara,

320 1460 378 1509 de
391 1463 646 1521 Montesia,
664 1466 686 1510 J
693 1479 779 1510 esu
797 1463 988 1521 Christi,
1004 1464 1064 1510 de
1076 1462 1202 1520 Avis,
1217 1464 1270 1509 B.
1285 1462 1432 1510 Marie
1448 1462 1821 1510 Teutonicorum
1838 1465 1886 1510 et
1899 1462 2102 1510 aliarum

317 1539 730 1608 quarumcumque
761 1545 908 1592 etiam
936 1561 1139 1607 quarum
1175 1544 1360 1592 reditus
1388 1545 1448 1592 ad
1476 1545 1856 1609 hospitalitatem
1883 1543 2100 1608 deputati

315 1626 475 1675 forent
501 1644 589 1691 per
618 1627 894 1674 universum
921 1627 1090 1675 orbem
1109 1626 1480 1675 consistentium
1506 1627 1798 1686 officiorum,
1827 1627 2050 1675 videlicet
2073 1643 2101 1675 a

312 1708 501 1772 legatis,
524 1709 943 1773 gubernatoribus,
970 1708 1256 1767 rectoribus,
1279 1708 1561 1772 capitaneis,
1582 1708 1903 1773 potestatibus
1930 1711 1978 1756 et
1998 1707 2101 1756 aliis

314 1793 678 1857 quibuscunque
691 1793 978 1841 officialibus
995 1793 1192 1852 nostris,
1213 1792 1546 1856 dictarumque
1571 1796 1786 1842 Romane
1803 1792 1934 1842 curie
1946 1794 1994 1840 et
2008 1794 2098 1841 Ur—

312 1876 384 1923 bis
404 1877 649 1924 redituum
658 1893 771 1924 vero
789 1880 837 1924 et
848 1880 1167 1939 proventuum
1185 1875 1625 1925 ecclesiasticorum
1635 1877 1694 1924 ab
1707 1876 1930 1946 omnibus
1939 1878 1989 1924 et
2004 1875 2097 1924 sin-

313 1959 436 2022 gulis
451 1959 843 2023 archiepiscopis,
865 1959 1049 2018 electis,
1071 1959 1325 2008 abbatibus
1341 1963 1388 2007 et
1404 1959 1676 2020 abbatissis,
1695 1959 1949 2023 prioribus,
1967 1958 2095 2023 prio-

311 2042 462 2101 rissis,
507 2042 785 2106 prepositis,
829 2041 1318 2101 administratoribus,
1361 2042 1804 2102 commendatariis,
1848 2042 2087 2106 capitulis,

310 2125 642 2183 conventibus,
662 2125 953 2189 guardianis,
973 2125 1194 2188 capitulis
1211 2125 1478 2188 ceterisque
1494 2125 1714 2189 personis
1727 2124 2085 2184 ecclesiasticiS,

309 2208 600 2256 secularibus
639 2211 687 2255 et
727 2208 1042 2271 regularibUS,
1086 2208 1307 2255 ordinum
1343 2210 1390 2255 et
1426 2208 1707 2256 militiarum
1738 2207 2084 2272 predictarum,

308 2291 704 2356 etiamjexemptis
720 2296 767 2340 et
782 2307 880 2340 non
891 2291 1144 2355 exemptis,
1160 2307 1215 2339 ac
1225 2291 1485 2354 magistris,
1507 2291 1766 2355 prioribus,
1787 2291 2080 2350 castellanis,

305 2375 541 2439 bajulivis,
579 2375 947 2438 preceptoribus
983 2372 1282 2434 militiarum,
1318 2375 1638 2438 prioratuum,
1670 2374 2078 2433 castellaniarum,

306 2457 595 2522 bajuliarum
630 2474 686 2506 ac
719 2452 1133 2522 preceptoriarum
1164 2461 1212 2505 et
1238 2457 1537 2517 militiarum,
1568 2443 1848 2522 hujusmodi
1872 2458 2075 2517 fructus,

305 2541 493 2589 reditus
535 2545 582 2588 et
627 2545 895 2605 proventus
936 2541 1307 2600 ecclesiasticos,
1358 2542 1576 2602 ubilibet,
1616 2542 1665 2589 in
1701 2541 1922 2590 universo
1959 2541 2078 2589 orbe

303 2624 682 2688 percipientibus
716 2627 764 2672 et
793 2625 1094 2689 percepturis
1126 2625 1475 2689 cujuscumque
1507 2625 1879 2689 preeminentie,
1921 2623 2078 2689 digni-

302 2707 427 2766 tatis,
457 2710 624 2766 status,
658 2709 852 2771 gradus,
885 2709 1071 2756 ordinis
1096 2709 1169 2757 vel
1202 2708 1488 2757 conditionis
1522 2709 1789 2757 existerent
1814 2724 1902 2772 per
1932 2723 2077 2771 quas-

303 2790 415 2837 dam
445 2791 605 2853 primo
647 2790 823 2837 deinde
862 2791 1007 2838 etiam
1036 2791 1095 2839 ab
1127 2791 1360 2839 universis
1391 2793 1439 2839 et
1471 2791 1669 2855 singulis
1688 2790 1871 2847 Judeis,
1903 2789 1952 2837 in
1976 2788 2077 2836 uni—

301 2888 441 2921 verso
478 2873 853 2920 christianorum
888 2875 1010 2921 orbe>
1039 2873 1235 2922 ubilibet
1271 2873 1544 2920 constitutis
1576 2872 1858 2936 vigesimam
1886 2875 2073 2935 partem

302 2956 518 3004 omnium
542 2956 780 3003 bonorum
811 2971 1027 3015 suorum,
1067 2956 1314 3004 fructuum
1343 2971 1550 3018 quoque,
1580 2955 1840 3014 redituum,
1870 2971 2071 3019 proven-

300 3042 436 3086 tuum
462 3053 898 3102 quorumcumque,
928 3038 1284 3101 undecumque,
1312 3039 1783 3102 quomodocumque,
1815 3038 1959 3086 etiam
1983 3055 2071 3103 per

300 3121 566 3169 usurariam
590 3121 875 3185 pravitatem
901 3122 961 3169 ad
986 3123 1272 3170 eorumdem
1295 3121 1561 3170 Judeorum
1584 3137 1754 3170 manus
1778 3122 2068 3186 provenien-

297 3205 444 3263 tium3
475 3208 521 3252 et
552 3203 591 3250 si
615 3203 856 3267 predictos
881 3204 1060 3252 Judeos
1085 3205 1306 3252 fraudem
1338 3205 1386 3252 in
1414 3204 1661 3268 premissis
1693 3204 1930 3254 committi
1954 3220 2068 3253 con-

293 3287 522 3351 tingeret,
552 3290 650 3346 aut,
680 3287 814 3351 lapso
845 3288 1054 3336 termino
1080 3290 1280 3347 statuto,
1307 3288 1586 3351 vigesimam
1612 3288 1895 3352 hujusmodi
1930 3287 2065 3336 exhi-

290 3370 404 3418 bere
434 3370 758 3434 neglexerint,
784 3374 899 3418 tunc
925 3374 973 3419 et
995 3388 1050 3419 eo
1082 3387 1214 3430 casu,
1243 3371 1386 3419 etiam
1410 3371 1648 3420 decimam
1679 3371 1922 3435 integram
1954 3386 2059 3419 om-

286 3453 422 3500 nium
455 3453 695 3502 bonorum
734 3469 929 3501 suorum
963 3454 1293 3518 predictorum
1324 3453 1426 3503 sine
1458 3454 1619 3518 aliqua
1648 3454 1933 3503 remissione
1973 3469 2059 3519 per
