2202 3918
317 345 386 382 348
926 345 946 381 J
950 344 1156 381 OHANNIS
1191 343 1484 390 BURCHARDI,
1865 349 1974 389 [Avril
1997 351 2088 393 1504]

316 448 579 497 dictionem
605 449 653 494 et
677 446 978 494 retrocessit.
1007 449 1138 494 Tunc
1163 446 1279 494 dixit
1304 447 1551 506 Lucensis,
1584 450 1755 511 postea
1778 464 1887 512 ego,
1915 450 2089 500 deinde

316 532 393 579 alii
416 546 504 594 per
524 530 743 577 ordinem
767 522 951 577 tantum
972 546 981 577 :
1009 530 1294 578 Albanensis
1319 530 1433 578 dixit
1462 533 1589 594 Pape
1612 549 1620 578 :
1647 531 1712 579 ad
1727 533 1898 580 multos
1919 550 2085 594 annos,

316 615 397 678 qui
423 613 610 677 recepit
631 629 740 660 eum
766 614 826 660 ad
853 613 1072 661 osculum
1100 613 1253 676 pedis,
1278 628 1448 660 manus
1471 617 1518 661 et
1544 612 1655 661 orIS.
1687 617 1813 678 Pape
1839 616 1983 664 dixit:
2012 617 2091 665 Do

315 697 438 745 vobis
453 713 620 759 pacem
632 714 651 754 ,·
674 700 720 744 et
741 696 880 744 rediit
907 697 966 742 ad
988 695 1135 743 altare
1161 697 1219 743 ad
1243 695 1516 743 exuendum
1544 712 1612 745 se.
1638 700 1757 745 Item
1777 697 1980 746 fecimus
2002 714 2091 746 nos

311 796 462 844 prope
486 780 657 838 altare,
682 783 730 827 et
752 779 1022 827 cardinales
1050 779 1227 826 nostri:
1257 779 1580 827 interfuerunt
1602 780 1679 827 alii
1706 785 1912 843 quatuor
1938 782 2090 829 cardi-

311 863 461 921 nales,
501 862 724 910 videlicet
752 861 1105 920 Ulixbonensis,
1140 863 1393 921 Cumanus,
1431 878 1470 909 s,
1501 862 1711 911 Severini
1747 868 1793 910 et
1823 864 2085 926 Aragonia.

312 945 597 993 Ordinatum
631 945 789 992 fuerat
817 944 963 1007 quod,
997 949 1105 1007 post
1133 944 1406 1007 prandium,
1438 948 1567 1009 Papa
1597 951 1906 994 consecraret
1936 962 2086 1010 agnos

314 1029 429 1088 Dei3
465 1029 550 1076 sed
585 1028 694 1091 quia
730 1032 831 1076 erat
862 1028 1006 1074 nimis
1043 1027 1199 1087 tarde,
1240 1028 1288 1075 id
1314 1028 1492 1076 factum
1529 1044 1626 1077 non
1666 1028 1771 1076 fuit.
1811 1031 1941 1092 Papa
1974 1029 2087 1078 fecit
2117 1059 2121 1065 -

311 1112 568 1176 prandium
599 1112 647 1159 in
679 1127 882 1159 >camera
923 1115 1152 1158 consueta
1187 1115 1297 1160 ante
1338 1111 1525 1158 Turrim
1561 1111 1607 1158 in
1644 1128 1814 1159 mensa
1852 1113 2088 1175 quadrata

315 1196 462 1254 solus,
495 1198 558 1254 et,
594 1199 702 1258 post
740 1211 868 1252 eum,
905 1195 951 1241 in
987 1210 1155 1242 mensa
1186 1194 1332 1258 longa
1365 1195 1534 1241 decem
1569 1194 1836 1242 cardinales
1867 1195 2089 1243 videlicet

314 1278 599 1342 supradicti,
629 1282 831 1341 excepto
856 1277 1182 1336 Ulixbonensi,
1214 1294 1251 1324 s.
1286 1277 1535 1324 Praxedis:
1571 1278 1843 1325 successive
1870 1277 1949 1325 alii
1973 1293 2086 1325 ora-

311 1367 440 1410 tores
475 1361 642 1410 ordine
667 1377 750 1408 suo
777 1366 824 1408 et
853 1377 938 1408 nos
962 1360 1177 1423 episcopi
1210 1360 1498 1420 consecrati,
1527 1360 1727 1407 fecimus
1755 1361 2010 1424 prandium
2037 1361 2087 1409 in

314 1445 470 1504 Turri,
506 1445 723 1492 videlicet
749 1444 795 1490 in
825 1444 947 1491 illius
975 1443 1099 1490 aula.
1132 1446 1230 1506 Ego
1266 1443 1367 1491 sedi
1399 1444 1444 1490 in
1475 1444 1632 1506 capite
1661 1459 1845 1502 mense,
1873 1448 1982 1507 post
2009 1460 2087 1492 me

278 1514 281 1519 ⁵
311 1526 584 1585 Militensis,
613 1526 965 1584 Urbinatensis,
992 1526 1386 1589 archiepiscopus
1410 1526 1636 1583 Pisanus;
1661 1525 1737 1573 alii
1757 1530 2083 1574 recesserunt.

307 1608 576 1667 Naulensis,
608 1609 840 1671 magister
867 1608 1056 1665 domUS,
1090 1608 1214 1655 sedit
1242 1611 1507 1666 extremus,
1545 1612 1595 1655 ut
1623 1608 1894 1656 attenderet
1921 1624 2088 1657 mense

306 1693 452 1754 Pape.
484 1691 639 1739 Finito
666 1692 890 1755 prandio,
916 1691 1172 1739 cardinalis
1199 1691 1508 1749 camerarius,
1536 1691 1766 1738 Lucensis
1792 1695 1839 1738 et
1866 1691 2086 1739 vicecan-

305 1774 525 1821 cellarius
576 1775 910 1838 supplicarunt
958 1777 1137 1837 Papam
1180 1774 1309 1837 quod
1352 1774 1532 1822 faceret
1576 1789 1652 1820 me
1698 1773 2083 1821 referendarium

304 1857 488 1920 gratie3
533 1857 662 1920 quod
699 1857 812 1905 fecit
853 1857 954 1904 sine
994 1856 1292 1917 difficultate,
1337 1857 1564 1920 gratiose,
1601 1861 1648 1904 et
1683 1872 1790 1920 ego,
1830 1859 2029 1904 vocatus
2057 1872 2084 1904 a

303 1940 591 1998 camerario,
618 1941 682 1987 fui
705 1940 947 1987 osculatus
971 1941 1120 2003 pedes
1146 1943 1301 2003 Pape;
1327 1944 1373 1986 et
1397 1940 1566 1988 eadem
1593 1940 1687 2000 die,
1716 1940 1823 1987 misi
1846 1939 2084 2003 supplica-

299 2021 483 2069 tionem
509 2022 940 2069 referendariatam
965 2038 1052 2085 per
1080 2038 1157 2070 me
1189 2022 1246 2069 de
1274 2022 1429 2086 prima
1460 2026 1660 2070 tonsura
1684 2038 1770 2085 pro
1801 2037 1896 2079 me,
1933 2037 2080 2084 quam

298 2103 500 2167 signavit
523 2120 608 2167 pro
633 2120 710 2152 me
735 2104 1048 2152 Mimatensis.

369 2185 454 2234 Die
476 2187 616 2249 jovis,
652 2190 702 2233 11
737 2187 920 2249 aprilis,
951 2188 1034 2234 SS.
1064 2189 1120 2234 D.
1160 2191 1325 2234 noster
1357 2187 1538 2234 audivit
1573 2186 1771 2234 missam
1806 2187 1997 2234 bassam
2024 2187 2072 2234 in

303 2269 414 2318 aula
439 2269 721 2332 pontificum
746 2285 889 2332 quam
915 2269 1173 2316 celebravit
1206 2272 1260 2317 D.
1297 2269 1594 2328 Dominicus,
1634 2269 1912 2333 capellanus
1937 2285 2071 2327 suus,

301 2370 448 2418 supra
473 2370 691 2402 mensam
726 2355 788 2402 ibi
824 2360 1043 2418 paratam
1081 2355 1129 2401 in
1163 2370 1259 2417 qua
1292 2357 1423 2418 Papa
1445 2355 1603 2418 pridie
1635 2371 1723 2402 nos
1756 2354 2069 2403 consecravit.

302 2440 405 2494 Qua
424 2437 574 2495 finita,
606 2452 696 2500 ego
723 2438 944 2500 deposito
968 2437 1218 2497 mantello,
1250 2437 1412 2500 accepi
1437 2437 1607 2484 stolam
1632 2453 1777 2500 supra
1797 2437 2073 2485 rochettum

299 2523 346 2566 et
375 2518 585 2576 mitram,
621 2519 732 2581 quia
763 2535 859 2566 non
898 2523 999 2566 erat
1020 2519 1249 2581 pluviale;
1279 2523 1325 2567 et
1358 2520 1416 2567 de
1449 2519 1645 2567 licentia
1667 2522 1811 2583 Pape,
1849 2519 2071 2566 benedixi

298 2617 471 2664 aquam
507 2602 555 2647 in
589 2602 758 2648 eadem
797 2601 906 2648 aula
942 2617 1108 2649 versus
1153 2604 1343 2665 portam
1374 2602 1433 2649 ad
1472 2607 1714 2649 cameram
1757 2601 1981 2649 audentie
2024 2606 2072 2649 et

295 2684 472 2732 lodiam
498 2688 714 2747 paratam
742 2684 790 2731 in
822 2689 1030 2746 quatuor
1062 2685 1280 2744 conchis,
1304 2685 1506 2746 gduabus
1542 2685 1782 2748 argenteis
1808 2688 1856 2732 et
1881 2684 2067 2732 duabus

294 2766 353 2813 de
379 2781 533 2813 rame.
562 2766 756 2814 Interim
784 2769 914 2829 Papa
939 2767 1126 2830 accepit
1152 2782 1298 2830 super
1319 2767 1596 2815 rochettum
1622 2766 1854 2814 amictum
1882 2766 2064 2824 album,

293 2848 536 2911 cingulum
569 2856 617 2896 et
654 2849 827 2897 stolam
862 2850 1039 2907 albam,
1073 2850 1265 2896 mitram
1300 2850 1567 2913 simplicem
1602 2850 1661 2896 de
1687 2849 1852 2913 paucis
1891 2847 2063 2911 perlis;

290 2931 495 2978 accessit
520 2932 580 2977 ad
613 2931 764 2978 dictas
805 2938 1011 2994 quatuor
1043 2933 1253 2980 conchas
1285 2937 1332 2980 et
1362 2933 1609 2980 benedixit
1640 2931 1862 2979 eamdem
1894 2945 2066 2992 aquam

289 3029 401 3062 cum
427 3014 644 3061 balsamo
668 3017 715 3061 et
739 3015 1022 3072 chrismate,
1048 3019 1095 3062 et
1120 3015 1293 3063 deinde
1309 3015 1554 3063 benedixit
1577 3029 1729 3077 agnus
1753 3011 1815 3076 (1)
1838 3013 1885 3058 in
1910 3012 2067 3075 capsis

290 3097 502 3159 quinque
527 3102 573 3144 et
598 3097 797 3155 ibidem,
826 3103 1026 3161 accepto
1053 3099 1288 3162 gremiali,
1316 3099 1506 3156 sedenS,
1527 3096 1787 3159 baptisavit
1815 3111 1915 3154 eos,
1942 3095 2068 3143 inter

287 3185 496 3242 quatuor
530 3180 741 3228 conchas
774 3185 878 3227 erat
904 3197 1107 3244 magnus
1132 3182 1305 3229 chiffus
1332 3196 1479 3243 super
1500 3195 1595 3243 quo
1623 3178 1929 3242 ponebantur
1951 3193 2065 3225 suc-

332 3329 365 3362 1.
393 3327 522 3371 Aqnus
547 3330 602 3362 est
626 3329 742 3362 tantOt
767 3325 961 3362 invariable
993 3329 1108 3362 tant6t
1136 3325 1288 3362 decline.
1318 3325 1373 3362 On
1401 3337 1445 3361 en
1474 3324 1547 3361 voit
1570 3325 1613 3360 de
1646 3325 1846 3361 nombreux
1868 3323 2054 3372 exemples

284 3385 376 3419 dans
403 3385 523 3422 l’Ordo
552 3396 721 3421 romanus
752 3385 796 3420 de
823 3386 864 3420 P.
894 3384 1046 3428 Amelio,
1081 3385 1200 3432 publie
1234 3397 1298 3432 par
1331 3384 1515 3427 Mabillon‚
1543 3386 1706 3421 Museum
1738 3387 1917 3430 Italicum,
1946 3388 1973 3421 t.
2009 3384 2058 3429 11,

288 3454 324 3489 p.
345 3443 519 3487 509-510,
541 3449 608 3481 etc.
