<?xml version="1.0" encoding="UTF-8"?>
<!DOCTYPE html PUBLIC "-//W3C//DTD XHTML 1.0 Transitional//EN"
    "http://www.w3.org/TR/xhtml1/DTD/xhtml1-transitional.dtd">
<html xmlns="http://www.w3.org/1999/xhtml" xml:lang="en" lang="en">
 <head>
  <title>
</title>
<meta http-equiv="Content-Type" content="text/html;charset=utf-8" />
  <meta name='ocr-system' content='tesseract 3.04.00' />
  <meta name='ocr-capabilities' content='ocr_page ocr_carea ocr_par ocr_line ocrx_word'/>
</head>
<body>
  <div class='ocr_page' id='page_1' title='image "./diariumsivererum03burcuoft_0252.png"; bbox 0 0 2228 3938; ppageno 0'>
   <div class='ocr_carea' id='block_1_1' title="bbox 271 370 2042 418">
    <p class='ocr_par' dir='ltr' id='par_1_1' title="bbox 271 370 2042 418">
     <span class='ocr_line' id='line_1_1' title="bbox 271 370 2042 418; baseline 0 -10"><span class='ocrx_word' id='word_1_1' title='bbox 271 373 339 408; x_wconf 76' lang='lat'>170</span> <span class='ocrx_word' id='word_1_2' title='bbox 868 370 1101 409; x_wconf 74' lang='grc' dir='ltr'>ιΙΟΗΑΝΝΙΞ</span> <span class='ocrx_word' id='word_1_3' title='bbox 1136 370 1432 418; x_wconf 87' lang='lat' dir='ltr'>BURCHARDI,</span> <span class='ocrx_word' id='word_1_4' title='bbox 1710 372 1926 413; x_wconf 84' lang='lat' dir='ltr'>[Novembre</span> <span class='ocrx_word' id='word_1_5' title='bbox 1948 375 2042 416; x_wconf 79' lang='lat' dir='ltr'>15o1]</span> 
     </span>
    </p>
   </div>
   <div class='ocr_carea' id='block_1_2' title="bbox 233 473 2112 3372">
    <p class='ocr_par' dir='ltr' id='par_1_2' title="bbox 273 473 2091 871">
     <span class='ocr_line' id='line_1_2' title="bbox 338 473 2032 525; baseline 0.002 -3"><span class='ocrx_word' id='word_1_6' title='bbox 338 476 519 522; x_wconf 90' lang='lat' dir='ltr'>Eadem</span> <span class='ocrx_word' id='word_1_7' title='bbox 543 474 620 523; x_wconf 88' lang='lat' dir='ltr'>die</span> <span class='ocrx_word' id='word_1_8' title='bbox 640 473 758 521; x_wconf 91' lang='lat' dir='ltr'>obiit</span> <span class='ocrx_word' id='word_1_9' title='bbox 779 477 837 522; x_wconf 90' lang='lat' dir='ltr'><strong>D.</strong></span> <span class='ocrx_word' id='word_1_10' title='bbox 862 476 1031 523; x_wconf 85' lang='lat' dir='ltr'>Petrus</span> <span class='ocrx_word' id='word_1_11' title='bbox 1050 477 1260 524; x_wconf 86' lang='lat' dir='ltr'>Caranza</span> <span class='ocrx_word' id='word_1_12' title='bbox 1278 475 1604 523; x_wconf 87' lang='lat' dir='ltr'>cubicularius</span> <span class='ocrx_word' id='word_1_13' title='bbox 1627 479 1841 524; x_wconf 88' lang='lat' dir='ltr'>secretus</span> <span class='ocrx_word' id='word_1_14' title='bbox 1863 478 1947 524; x_wconf 88' lang='lat' dir='ltr'><strong>SS.</strong></span> <span class='ocrx_word' id='word_1_15' title='bbox 1976 480 2032 525; x_wconf 91' lang='lat' dir='ltr'>D.</span> 
     </span>
     <span class='ocr_line' id='line_1_3' title="bbox 273 557 2091 622; baseline -0.001 -15"><span class='ocrx_word' id='word_1_16' title='bbox 273 562 327 607; x_wconf 92' lang='lat' dir='ltr'>N.</span> <span class='ocrx_word' id='word_1_17' title='bbox 356 561 485 622; x_wconf 82' lang='lat' dir='ltr'>Pape</span> <span class='ocrx_word' id='word_1_18' title='bbox 511 558 591 620; x_wconf 92' lang='lat' dir='ltr'>qui</span> <span class='ocrx_word' id='word_1_19' title='bbox 616 557 811 620; x_wconf 89' lang='lat' dir='ltr'>reliquit</span> <span class='ocrx_word' id='word_1_20' title='bbox 840 558 887 604; x_wconf 92' lang='lat' dir='ltr'>in</span> <span class='ocrx_word' id='word_1_21' title='bbox 916 559 1123 621; x_wconf 89' lang='lat' dir='ltr'>pecunia</span> <span class='ocrx_word' id='word_1_22' title='bbox 1151 563 1407 607; x_wconf 86' lang='lat' dir='ltr'>numerata</span> <span class='ocrx_word' id='word_1_23' title='bbox 1428 562 1538 607; x_wconf 88' lang='lat' dir='ltr'>octo</span> <span class='ocrx_word' id='word_1_24' title='bbox 1570 559 1722 607; x_wconf 89' lang='lat' dir='ltr'>millia</span> <span class='ocrx_word' id='word_1_25' title='bbox 1755 560 2043 608; x_wconf 80' lang='lat' dir='ltr'>ducatorum</span> <span class='ocrx_word' id='word_1_26' title='bbox 2086 604 2091 605; x_wconf 18' lang='lat'><em>⁷</em></span> 
     </span>
     <span class='ocr_line' id='line_1_4' title="bbox 273 641 2045 706; baseline 0.001 -17"><span class='ocrx_word' id='word_1_27' title='bbox 273 647 318 689; x_wconf 88' lang='lat' dir='ltr'>et</span> <span class='ocrx_word' id='word_1_28' title='bbox 342 641 495 688; x_wconf 88' lang='lat' dir='ltr'>multa</span> <span class='ocrx_word' id='word_1_29' title='bbox 517 641 611 688; x_wconf 86' lang='lat' dir='ltr'>alia</span> <span class='ocrx_word' id='word_1_30' title='bbox 631 641 758 688; x_wconf 89' lang='lat' dir='ltr'>bona</span> <span class='ocrx_word' id='word_1_31' title='bbox 781 656 873 703; x_wconf 90' lang='lat' dir='ltr'>que</span> <span class='ocrx_word' id='word_1_32' title='bbox 897 642 1060 689; x_wconf 90' lang='lat' dir='ltr'>omnia</span> <span class='ocrx_word' id='word_1_33' title='bbox 1081 645 1210 706; x_wconf 84' lang='lat' dir='ltr'>Papa</span> <span class='ocrx_word' id='word_1_34' title='bbox 1237 642 1424 705; x_wconf 89' lang='lat' dir='ltr'>recepit</span> <span class='ocrx_word' id='word_1_35' title='bbox 1450 659 1459 690; x_wconf 89' lang='lat'>:</span> <span class='ocrx_word' id='word_1_36' title='bbox 1499 645 1555 690; x_wconf 90' lang='lat' dir='ltr'>D.</span> <span class='ocrx_word' id='word_1_37' title='bbox 1593 643 1820 691; x_wconf 87' lang='lat' dir='ltr'>Lucretia</span> <span class='ocrx_word' id='word_1_38' title='bbox 1840 643 1976 706; x_wconf 89' lang='lat' dir='ltr'>petiit</span> <span class='ocrx_word' id='word_1_39' title='bbox 1998 647 2045 691; x_wconf 89' lang='lat' dir='ltr'>et</span> 
     </span>
     <span class='ocr_line' id='line_1_5' title="bbox 274 724 2047 789; baseline 0.001 -18"><span class='ocrx_word' id='word_1_40' title='bbox 274 724 484 772; x_wconf 79' lang='lat' dir='ltr'>obtinuit</span> <span class='ocrx_word' id='word_1_41' title='bbox 526 725 653 771; x_wconf 89' lang='lat' dir='ltr'>bona</span> <span class='ocrx_word' id='word_1_42' title='bbox 694 724 970 788; x_wconf 88' lang='lat' dir='ltr'>hujusmodi</span> <span class='ocrx_word' id='word_1_43' title='bbox 1011 741 1098 789; x_wconf 90' lang='lat' dir='ltr'>per</span> <span class='ocrx_word' id='word_1_44' title='bbox 1138 728 1319 789; x_wconf 87' lang='lat' dir='ltr'>Papam</span> <span class='ocrx_word' id='word_1_45' title='bbox 1361 725 1450 773; x_wconf 89' lang='lat' dir='ltr'>sibi</span> <span class='ocrx_word' id='word_1_46' title='bbox 1494 726 1716 785; x_wconf 89' lang='lat' dir='ltr'>concedi,</span> <span class='ocrx_word' id='word_1_47' title='bbox 1757 741 1851 789; x_wconf 89' lang='lat' dir='ltr'>que</span> <span class='ocrx_word' id='word_1_48' title='bbox 1883 729 2047 774; x_wconf 86' lang='lat' dir='ltr'>tamen</span> 
     </span>
     <span class='ocr_line' id='line_1_6' title="bbox 274 807 1546 871; baseline 0 -17"><span class='ocrx_word' id='word_1_49' title='bbox 274 807 456 854; x_wconf 87' lang='lat' dir='ltr'>habere</span> <span class='ocrx_word' id='word_1_50' title='bbox 479 823 574 854; x_wconf 85' lang='lat' dir='ltr'>non</span> <span class='ocrx_word' id='word_1_51' title='bbox 594 807 763 871; x_wconf 91' lang='lat' dir='ltr'>potuit.</span> <span class='ocrx_word' id='word_1_52' title='bbox 1543 813 1546 817; x_wconf 90' lang='grc'>’</span> 
     </span>
    </p>

    <p class='ocr_par' dir='ltr' id='par_1_3' title="bbox 341 890 2048 954">
     <span class='ocr_line' id='line_1_7' title="bbox 341 890 2048 954; baseline 0.001 -17"><span class='ocrx_word' id='word_1_53' title='bbox 341 890 611 948; x_wconf 87' lang='lat' dir='ltr'>Dominica,</span> <span class='ocrx_word' id='word_1_54' title='bbox 651 894 706 937; x_wconf 73' lang='lat'>14</span> <span class='ocrx_word' id='word_1_55' title='bbox 742 891 963 954; x_wconf 89' lang='lat' dir='ltr'>ejusdem</span> <span class='ocrx_word' id='word_1_56' title='bbox 989 892 1169 939; x_wconf 87' lang='lat' dir='ltr'>mensis</span> <span class='ocrx_word' id='word_1_57' title='bbox 1195 892 1485 952; x_wconf 81' lang='lat' dir='ltr'>novembris,</span> <span class='ocrx_word' id='word_1_58' title='bbox 1512 895 1660 939; x_wconf 89' lang='lat' dir='ltr'>Rmus</span> <span class='ocrx_word' id='word_1_59' title='bbox 1694 893 1750 939; x_wconf 95' lang='lat' dir='ltr'>D.</span> <span class='ocrx_word' id='word_1_60' title='bbox 1788 891 2048 940; x_wconf 84' lang='lat' dir='ltr'>cardinalis</span> 
     </span>
    </p>

    <p class='ocr_par' dir='ltr' id='par_1_4' title="bbox 233 973 2058 1705">
     <span class='ocr_line' id='line_1_8' title="bbox 275 973 2049 1038; baseline 0.001 -18"><span class='ocrx_word' id='word_1_61' title='bbox 275 990 313 1020; x_wconf 88' lang='lat' dir='ltr'>s.</span> <span class='ocrx_word' id='word_1_62' title='bbox 350 973 601 1033; x_wconf 85' lang='lat' dir='ltr'>Praxedis,</span> <span class='ocrx_word' id='word_1_63' title='bbox 635 973 969 1021; x_wconf 78' lang='lat' dir='ltr'>assistentibus</span> <span class='ocrx_word' id='word_1_64' title='bbox 997 974 1088 1022; x_wconf 91' lang='lat' dir='ltr'>sibi</span> <span class='ocrx_word' id='word_1_65' title='bbox 1120 978 1217 1022; x_wconf 87' lang='lat' dir='ltr'><strong>RR.</strong></span> <span class='ocrx_word' id='word_1_66' title='bbox 1258 977 1348 1023; x_wconf 90' lang='lat' dir='ltr'><strong>PP.</strong></span> <span class='ocrx_word' id='word_1_67' title='bbox 1391 977 1490 1022; x_wconf 93' lang='lat' dir='ltr'><strong>DD.</strong></span> <span class='ocrx_word' id='word_1_68' title='bbox 1528 975 1749 1022; x_wconf 87' lang='lat' dir='ltr'>Johanne</span> <span class='ocrx_word' id='word_1_69' title='bbox 1782 974 2049 1038; x_wconf 89' lang='lat' dir='ltr'>archiepis-</span> 
     </span>
     <span class='ocr_line' id='line_1_9' title="bbox 233 1043 2052 1122; baseline -0.001 -17"><span class='ocrx_word' id='word_1_70' title='bbox 233 1043 237 1047; x_wconf 26' lang='lat'><em>*</em></span> <span class='ocrx_word' id='word_1_71' title='bbox 276 1072 397 1121; x_wconf 92' lang='lat' dir='ltr'>copo</span> <span class='ocrx_word' id='word_1_72' title='bbox 418 1057 660 1119; x_wconf 83' lang='lat' dir='ltr'>Ragusino</span> <span class='ocrx_word' id='word_1_73' title='bbox 692 1062 739 1104; x_wconf 87' lang='lat' dir='ltr'>et</span> <span class='ocrx_word' id='word_1_74' title='bbox 759 1056 981 1121; x_wconf 90' lang='lat' dir='ltr'>Philippo</span> <span class='ocrx_word' id='word_1_75' title='bbox 1004 1058 1231 1122; x_wconf 90' lang='lat' dir='ltr'>episcopo</span> <span class='ocrx_word' id='word_1_76' title='bbox 1253 1059 1542 1122; x_wconf 87' lang='lat' dir='ltr'>Adjacense,</span> <span class='ocrx_word' id='word_1_77' title='bbox 1579 1061 1750 1118; x_wconf 89' lang='lat' dir='ltr'>Rome,</span> <span class='ocrx_word' id='word_1_78' title='bbox 1781 1057 1830 1104; x_wconf 92' lang='lat' dir='ltr'>in</span> <span class='ocrx_word' id='word_1_79' title='bbox 1862 1057 2052 1122; x_wconf 87' lang='lat' dir='ltr'>capella</span> 
     </span>
     <span class='ocr_line' id='line_1_10' title="bbox 277 1139 2050 1205; baseline -0.001 -15"><span class='ocrx_word' id='word_1_80' title='bbox 277 1141 453 1205; x_wconf 89' lang='lat' dir='ltr'>majori</span> <span class='ocrx_word' id='word_1_81' title='bbox 483 1139 667 1203; x_wconf 87' lang='lat' dir='ltr'>palatii,</span> <span class='ocrx_word' id='word_1_82' title='bbox 701 1139 759 1188; x_wconf 91' lang='lat' dir='ltr'>de</span> <span class='ocrx_word' id='word_1_83' title='bbox 793 1142 1040 1201; x_wconf 90' lang='lat' dir='ltr'>mandato,</span> <span class='ocrx_word' id='word_1_84' title='bbox 1080 1147 1130 1189; x_wconf 90' lang='lat' dir='ltr'>ut</span> <span class='ocrx_word' id='word_1_85' title='bbox 1163 1141 1410 1200; x_wconf 86' lang='lat' dir='ltr'>asseritur,</span> <span class='ocrx_word' id='word_1_86' title='bbox 1447 1142 1529 1189; x_wconf 87' lang='lat' dir='ltr'><strong>SS.</strong></span> <span class='ocrx_word' id='word_1_87' title='bbox 1568 1143 1624 1188; x_wconf 90' lang='lat' dir='ltr'>D.</span> <span class='ocrx_word' id='word_1_88' title='bbox 1665 1142 1720 1188; x_wconf 90' lang='lat' dir='ltr'>N.</span> <span class='ocrx_word' id='word_1_89' title='bbox 1765 1143 1912 1204; x_wconf 91' lang='lat' dir='ltr'>Pape,</span> <span class='ocrx_word' id='word_1_90' title='bbox 1951 1141 2050 1188; x_wconf 90' lang='lat' dir='ltr'>vive</span> 
     </span>
     <span class='ocr_line' id='line_1_11' title="bbox 279 1223 2053 1285; baseline -0.002 -11"><span class='ocrx_word' id='word_1_91' title='bbox 279 1227 407 1274; x_wconf 88' lang='lat' dir='ltr'>vocis</span> <span class='ocrx_word' id='word_1_92' title='bbox 426 1225 625 1274; x_wconf 87' lang='lat' dir='ltr'>oraculo</span> <span class='ocrx_word' id='word_1_93' title='bbox 648 1225 737 1273; x_wconf 91' lang='lat' dir='ltr'>sibi</span> <span class='ocrx_word' id='word_1_94' title='bbox 760 1224 908 1285; x_wconf 85' lang='lat' dir='ltr'>factO,</span> <span class='ocrx_word' id='word_1_95' title='bbox 934 1225 1235 1273; x_wconf 87' lang='lat' dir='ltr'>consecravit</span> <span class='ocrx_word' id='word_1_96' title='bbox 1254 1228 1350 1272; x_wconf 78' lang='grc' dir='ltr'>ΒΗ.</span> <span class='ocrx_word' id='word_1_97' title='bbox 1379 1227 1468 1272; x_wconf 91' lang='grc' dir='ltr'>ΡΡ.</span> <span class='ocrx_word' id='word_1_98' title='bbox 1496 1227 1596 1272; x_wconf 92' lang='lat' dir='ltr'><strong>DD.</strong></span> <span class='ocrx_word' id='word_1_99' title='bbox 1622 1224 1855 1272; x_wconf 90' lang='lat' dir='ltr'>Basilium</span> <span class='ocrx_word' id='word_1_100' title='bbox 1876 1223 2053 1272; x_wconf 88' lang='lat' dir='ltr'>Tuder-</span> 
     </span>
     <span class='ocr_line' id='line_1_12' title="bbox 282 1308 2052 1372; baseline -0.001 -15"><span class='ocrx_word' id='word_1_101' title='bbox 282 1310 434 1358; x_wconf 83' lang='lat' dir='ltr'>tinum</span> <span class='ocrx_word' id='word_1_102' title='bbox 468 1315 515 1357; x_wconf 89' lang='lat' dir='ltr'>et</span> <span class='ocrx_word' id='word_1_103' title='bbox 542 1308 896 1356; x_wconf 87' lang='lat' dir='ltr'>Bernardinum</span> <span class='ocrx_word' id='word_1_104' title='bbox 929 1308 1312 1356; x_wconf 86' lang='lat' dir='ltr'>Caballicensem</span> <span class='ocrx_word' id='word_1_105' title='bbox 1349 1308 1620 1372; x_wconf 88' lang='lat' dir='ltr'>episcopos,</span> <span class='ocrx_word' id='word_1_106' title='bbox 1648 1309 1785 1371; x_wconf 87' lang='lat' dir='ltr'>juxta</span> <span class='ocrx_word' id='word_1_107' title='bbox 1813 1308 1977 1366; x_wconf 84' lang='lat' dir='ltr'>ritum,</span> <span class='ocrx_word' id='word_1_108' title='bbox 2005 1311 2052 1355; x_wconf 88' lang='lat' dir='ltr'>et</span> 
     </span>
     <span class='ocr_line' id='line_1_13' title="bbox 280 1390 2054 1457; baseline -0.003 -15"><span class='ocrx_word' id='word_1_109' title='bbox 280 1396 389 1457; x_wconf 90' lang='lat' dir='ltr'>post</span> <span class='ocrx_word' id='word_1_110' title='bbox 411 1391 831 1441; x_wconf 89' lang='lat' dir='ltr'>consecrationem</span> <span class='ocrx_word' id='word_1_111' title='bbox 852 1391 1054 1439; x_wconf 79' lang='lat' dir='ltr'>retinuit</span> <span class='ocrx_word' id='word_1_112' title='bbox 1076 1407 1160 1440; x_wconf 88' lang='lat' dir='ltr'>eos</span> <span class='ocrx_word' id='word_1_113' title='bbox 1176 1395 1223 1439; x_wconf 90' lang='lat' dir='ltr'>et</span> <span class='ocrx_word' id='word_1_114' title='bbox 1244 1391 1525 1439; x_wconf 78' lang='lat' dir='ltr'>assistentes</span> <span class='ocrx_word' id='word_1_115' title='bbox 1549 1407 1604 1440; x_wconf 88' lang='lat' dir='ltr'>ac</span> <span class='ocrx_word' id='word_1_116' title='bbox 1627 1406 1796 1439; x_wconf 90' lang='lat' dir='ltr'>omnes</span> <span class='ocrx_word' id='word_1_117' title='bbox 1819 1390 2054 1439; x_wconf 86' lang='lat' dir='ltr'>officiales</span> 
     </span>
     <span class='ocr_line' id='line_1_14' title="bbox 279 1474 2056 1539; baseline -0.001 -16"><span class='ocrx_word' id='word_1_118' title='bbox 279 1477 327 1523; x_wconf 93' lang='lat' dir='ltr'>in</span> <span class='ocrx_word' id='word_1_119' title='bbox 350 1475 555 1539; x_wconf 81' lang='lat' dir='ltr'>prandio</span> <span class='ocrx_word' id='word_1_120' title='bbox 582 1490 764 1534; x_wconf 87' lang='lat' dir='ltr'>secum,</span> <span class='ocrx_word' id='word_1_121' title='bbox 794 1478 841 1522; x_wconf 86' lang='lat' dir='ltr'>et</span> <span class='ocrx_word' id='word_1_122' title='bbox 862 1474 978 1522; x_wconf 87' lang='lat' dir='ltr'>fecit</span> <span class='ocrx_word' id='word_1_123' title='bbox 1007 1480 1318 1523; x_wconf 89' lang='lat' dir='ltr'>consecratos</span> <span class='ocrx_word' id='word_1_124' title='bbox 1341 1476 1513 1523; x_wconf 87' lang='lat' dir='ltr'>sedere</span> <span class='ocrx_word' id='word_1_125' title='bbox 1541 1491 1687 1539; x_wconf 91' lang='lat' dir='ltr'>super</span> <span class='ocrx_word' id='word_1_126' title='bbox 1706 1489 1757 1522; x_wconf 89' lang='lat' dir='ltr'>se</span> <span class='ocrx_word' id='word_1_127' title='bbox 1782 1477 1830 1522; x_wconf 88' lang='lat' dir='ltr'>et</span> <span class='ocrx_word' id='word_1_128' title='bbox 1854 1474 2056 1522; x_wconf 87' lang='lat' dir='ltr'>benedi-</span> 
     </span>
     <span class='ocr_line' id='line_1_15' title="bbox 281 1556 2058 1624; baseline -0.001 -19"><span class='ocrx_word' id='word_1_129' title='bbox 281 1573 392 1605; x_wconf 84' lang='lat' dir='ltr'>cere</span> <span class='ocrx_word' id='word_1_130' title='bbox 415 1562 462 1606; x_wconf 90' lang='lat' dir='ltr'>et</span> <span class='ocrx_word' id='word_1_131' title='bbox 483 1557 664 1621; x_wconf 77' lang='lat' dir='ltr'>gratias</span> <span class='ocrx_word' id='word_1_132' title='bbox 685 1572 832 1620; x_wconf 84' lang='lat' dir='ltr'>agere</span> <span class='ocrx_word' id='word_1_133' title='bbox 858 1562 999 1621; x_wconf 90' lang='lat' dir='ltr'>prout</span> <span class='ocrx_word' id='word_1_134' title='bbox 1017 1558 1164 1606; x_wconf 86' lang='lat' dir='ltr'>etiam</span> <span class='ocrx_word' id='word_1_135' title='bbox 1185 1573 1341 1620; x_wconf 87' lang='lat' dir='ltr'>nuper</span> <span class='ocrx_word' id='word_1_136' title='bbox 1361 1558 1562 1617; x_wconf 88' lang='lat' dir='ltr'>fecerat,</span> <span class='ocrx_word' id='word_1_137' title='bbox 1589 1557 1717 1621; x_wconf 88' lang='lat' dir='ltr'>quod</span> <span class='ocrx_word' id='word_1_138' title='bbox 1739 1556 1959 1620; x_wconf 89' lang='lat' dir='ltr'>superius</span> <span class='ocrx_word' id='word_1_139' title='bbox 1976 1556 2058 1624; x_wconf 85' lang='lat' dir='ltr'>fol.</span> 
     </span>
     <span class='ocr_line' id='line_1_16' title="bbox 282 1639 609 1705; baseline -0.006 -17"><span class='ocrx_word' id='word_1_140' title='bbox 282 1640 507 1689; x_wconf 86' lang='lat' dir='ltr'>annotavi</span> <span class='ocrx_word' id='word_1_141' title='bbox 530 1639 609 1705; x_wconf 83' lang='lat'><strong>(1).</strong></span> 
     </span>
    </p>

    <p class='ocr_par' dir='ltr' id='par_1_5' title="bbox 285 1722 2112 2121">
     <span class='ocr_line' id='line_1_17' title="bbox 347 1722 2112 1788; baseline -0.001 -16"><span class='ocrx_word' id='word_1_142' title='bbox 347 1724 488 1772; x_wconf 89' lang='lat' dir='ltr'>Feria</span> <span class='ocrx_word' id='word_1_143' title='bbox 527 1723 758 1782; x_wconf 89' lang='lat' dir='ltr'>secunda,</span> <span class='ocrx_word' id='word_1_144' title='bbox 805 1727 863 1771; x_wconf 92' lang='grc'>22</span> <span class='ocrx_word' id='word_1_145' title='bbox 900 1724 1015 1772; x_wconf 87' lang='lat' dir='ltr'>dicti</span> <span class='ocrx_word' id='word_1_146' title='bbox 1050 1725 1230 1772; x_wconf 88' lang='lat' dir='ltr'>mensis</span> <span class='ocrx_word' id='word_1_147' title='bbox 1271 1724 1560 1784; x_wconf 87' lang='lat' dir='ltr'>novembris,</span> <span class='ocrx_word' id='word_1_148' title='bbox 1594 1728 1839 1788; x_wconf 90' lang='lat' dir='ltr'>portatum</span> <span class='ocrx_word' id='word_1_149' title='bbox 1877 1723 1968 1771; x_wconf 85' lang='lat' dir='ltr'>fuit</span> <span class='ocrx_word' id='word_1_150' title='bbox 2000 1722 2059 1770; x_wconf 89' lang='lat' dir='ltr'>ad</span> <span class='ocrx_word' id='word_1_151' title='bbox 2109 1761 2112 1764; x_wconf 86' lang='lat'><strong>.</strong></span> 
     </span>
     <span class='ocr_line' id='line_1_18' title="bbox 285 1807 2062 1871; baseline -0.001 -15"><span class='ocrx_word' id='word_1_152' title='bbox 285 1808 544 1856; x_wconf 87' lang='lat' dir='ltr'>ecclesiam</span> <span class='ocrx_word' id='word_1_153' title='bbox 567 1810 619 1855; x_wconf 95' lang='lat' dir='ltr'><strong>B.</strong></span> <span class='ocrx_word' id='word_1_154' title='bbox 645 1807 793 1855; x_wconf 89' lang='lat' dir='ltr'>Marie</span> <span class='ocrx_word' id='word_1_155' title='bbox 815 1808 1030 1856; x_wconf 88' lang='lat' dir='ltr'>Minerve</span> <span class='ocrx_word' id='word_1_156' title='bbox 1048 1808 1253 1856; x_wconf 91' lang='lat' dir='ltr'>cadaver</span> <span class='ocrx_word' id='word_1_157' title='bbox 1270 1811 1327 1856; x_wconf 92' lang='lat' dir='ltr'>D.</span> <span class='ocrx_word' id='word_1_158' title='bbox 1354 1808 1546 1857; x_wconf 89' lang='lat' dir='ltr'>Galletti</span> <span class='ocrx_word' id='word_1_159' title='bbox 1566 1807 1816 1871; x_wconf 89' lang='lat' dir='ltr'>scriptoris</span> <span class='ocrx_word' id='word_1_160' title='bbox 1835 1809 1883 1855; x_wconf 91' lang='lat' dir='ltr'>et</span> <span class='ocrx_word' id='word_1_161' title='bbox 1904 1821 2062 1855; x_wconf 90' lang='lat' dir='ltr'>secre-</span> 
     </span>
     <span class='ocr_line' id='line_1_19' title="bbox 286 1890 2060 1955; baseline -0.001 -16"><span class='ocrx_word' id='word_1_162' title='bbox 286 1892 412 1949; x_wconf 87' lang='lat' dir='ltr'>tarii,</span> <span class='ocrx_word' id='word_1_163' title='bbox 445 1891 715 1954; x_wconf 88' lang='lat' dir='ltr'>apostolici,</span> <span class='ocrx_word' id='word_1_164' title='bbox 748 1891 829 1954; x_wconf 88' lang='lat' dir='ltr'>qui</span> <span class='ocrx_word' id='word_1_165' title='bbox 858 1891 967 1938; x_wconf 89' lang='lat' dir='ltr'>heri</span> <span class='ocrx_word' id='word_1_166' title='bbox 1003 1892 1131 1939; x_wconf 87' lang='lat' dir='ltr'>diem</span> <span class='ocrx_word' id='word_1_167' title='bbox 1162 1892 1335 1941; x_wconf 87' lang='lat' dir='ltr'>clausit</span> <span class='ocrx_word' id='word_1_168' title='bbox 1362 1896 1651 1951; x_wconf 84' lang='lat' dir='ltr'>extremum,</span> <span class='ocrx_word' id='word_1_169' title='bbox 1687 1907 1715 1939; x_wconf 89' lang='lat' dir='ltr'>a</span> <span class='ocrx_word' id='word_1_170' title='bbox 1739 1890 2060 1955; x_wconf 82' lang='lat' dir='ltr'>scriptoribus</span> 
     </span>
     <span class='ocr_line' id='line_1_20' title="bbox 288 1974 2062 2039; baseline 0.001 -18"><span class='ocrx_word' id='word_1_171' title='bbox 288 1974 582 2022; x_wconf 87' lang='lat' dir='ltr'>associatum</span> <span class='ocrx_word' id='word_1_172' title='bbox 636 1977 684 2021; x_wconf 86' lang='lat' dir='ltr'>et</span> <span class='ocrx_word' id='word_1_173' title='bbox 740 1975 1020 2023; x_wconf 87' lang='lat' dir='ltr'>secretariis</span> <span class='ocrx_word' id='word_1_174' title='bbox 1069 1975 1349 2039; x_wconf 89' lang='lat' dir='ltr'>apostolicis</span> <span class='ocrx_word' id='word_1_175' title='bbox 1397 1976 1657 2039; x_wconf 90' lang='lat' dir='ltr'>multisque</span> <span class='ocrx_word' id='word_1_176' title='bbox 1710 1975 1836 2034; x_wconf 89' lang='lat' dir='ltr'>aliis,</span> <span class='ocrx_word' id='word_1_177' title='bbox 1886 1989 2062 2038; x_wconf 82' lang='lat' dir='ltr'>magna</span> 
     </span>
     <span class='ocr_line' id='line_1_21' title="bbox 288 2057 1025 2121; baseline 0 -15"><span class='ocrx_word' id='word_1_178' title='bbox 288 2073 483 2121; x_wconf 89' lang='lat' dir='ltr'>pompa.</span> <span class='ocrx_word' id='word_1_179' title='bbox 506 2057 798 2120; x_wconf 87' lang='lat' dir='ltr'>Requiescat</span> <span class='ocrx_word' id='word_1_180' title='bbox 820 2057 869 2104; x_wconf 91' lang='lat' dir='ltr'>in</span> <span class='ocrx_word' id='word_1_181' title='bbox 891 2074 1025 2121; x_wconf 88' lang='lat' dir='ltr'>pace.</span> 
     </span>
    </p>

    <p class='ocr_par' dir='ltr' id='par_1_6' title="bbox 293 2141 2067 2540">
     <span class='ocr_line' id='line_1_22' title="bbox 356 2141 2063 2205; baseline 0.001 -18"><span class='ocrx_word' id='word_1_182' title='bbox 356 2141 495 2188; x_wconf 89' lang='lat' dir='ltr'>Feria</span> <span class='ocrx_word' id='word_1_183' title='bbox 513 2141 670 2199; x_wconf 89' lang='lat' dir='ltr'>tertia,</span> <span class='ocrx_word' id='word_1_184' title='bbox 686 2144 744 2189; x_wconf 90' lang='grc'>23</span> <span class='ocrx_word' id='word_1_185' title='bbox 761 2142 1039 2188; x_wconf 90' lang='lat' dir='ltr'>novembris</span> <span class='ocrx_word' id='word_1_186' title='bbox 1054 2142 1277 2205; x_wconf 84' lang='lat' dir='ltr'>predicti,</span> <span class='ocrx_word' id='word_1_187' title='bbox 1290 2142 1399 2190; x_wconf 90' lang='lat' dir='ltr'>festi</span> <span class='ocrx_word' id='word_1_188' title='bbox 1417 2158 1455 2190; x_wconf 92' lang='lat' dir='ltr'>s.</span> <span class='ocrx_word' id='word_1_189' title='bbox 1472 2141 1750 2201; x_wconf 82' lang='lat' dir='ltr'>ClementiS,</span> <span class='ocrx_word' id='word_1_190' title='bbox 1766 2144 1820 2189; x_wconf 88' lang='lat' dir='ltr'>R.</span> <span class='ocrx_word' id='word_1_191' title='bbox 1838 2143 1894 2189; x_wconf 89' lang='lat' dir='ltr'>D.</span> <span class='ocrx_word' id='word_1_192' title='bbox 1914 2142 2063 2188; x_wconf 88' lang='lat' dir='ltr'>Fran-</span> 
     </span>
     <span class='ocr_line' id='line_1_23' title="bbox 293 2223 2066 2287; baseline 0 -16"><span class='ocrx_word' id='word_1_193' title='bbox 293 2224 469 2283; x_wconf 88' lang='lat' dir='ltr'>ciscus,</span> <span class='ocrx_word' id='word_1_194' title='bbox 483 2223 740 2287; x_wconf 90' lang='lat' dir='ltr'>episcopus</span> <span class='ocrx_word' id='word_1_195' title='bbox 757 2225 1062 2285; x_wconf 88' lang='lat' dir='ltr'>Ferentinus,</span> <span class='ocrx_word' id='word_1_196' title='bbox 1075 2225 1334 2273; x_wconf 89' lang='lat' dir='ltr'>celebravit</span> <span class='ocrx_word' id='word_1_197' title='bbox 1350 2225 1547 2273; x_wconf 87' lang='lat' dir='ltr'>missam</span> <span class='ocrx_word' id='word_1_198' title='bbox 1564 2225 1832 2273; x_wconf 88' lang='lat' dir='ltr'>solemnem</span> <span class='ocrx_word' id='word_1_199' title='bbox 1848 2224 1897 2271; x_wconf 92' lang='lat' dir='ltr'>in</span> <span class='ocrx_word' id='word_1_200' title='bbox 1913 2223 2066 2272; x_wconf 90' lang='lat' dir='ltr'>eccle-</span> 
     </span>
     <span class='ocr_line' id='line_1_24' title="bbox 296 2307 2062 2368; baseline 0 -14"><span class='ocrx_word' id='word_1_201' title='bbox 296 2307 366 2354; x_wconf 93' lang='lat' dir='ltr'>sia</span> <span class='ocrx_word' id='word_1_202' title='bbox 387 2311 651 2355; x_wconf 87' lang='lat' dir='ltr'>conventus</span> <span class='ocrx_word' id='word_1_203' title='bbox 676 2324 713 2355; x_wconf 91' lang='lat' dir='ltr'>s.</span> <span class='ocrx_word' id='word_1_204' title='bbox 739 2307 1018 2368; x_wconf 80' lang='lat' dir='ltr'>ClementiS,</span> <span class='ocrx_word' id='word_1_205' title='bbox 1044 2309 1120 2356; x_wconf 88' lang='lat' dir='ltr'>cui</span> <span class='ocrx_word' id='word_1_206' title='bbox 1140 2309 1465 2357; x_wconf 87' lang='lat' dir='ltr'>interfuerunt</span> <span class='ocrx_word' id='word_1_207' title='bbox 1486 2308 1651 2357; x_wconf 86' lang='lat' dir='ltr'>RRmi.</span> <span class='ocrx_word' id='word_1_208' title='bbox 1674 2310 2062 2366; x_wconf 81' lang='lat' dir='ltr'>Beneventanus,</span> 
     </span>
     <span class='ocr_line' id='line_1_25' title="bbox 298 2391 2067 2456; baseline -0.002 -17"><span class='ocrx_word' id='word_1_209' title='bbox 298 2409 336 2439; x_wconf 90' lang='lat' dir='ltr'>s.</span> <span class='ocrx_word' id='word_1_210' title='bbox 364 2391 610 2450; x_wconf 86' lang='lat' dir='ltr'>Praxedis,</span> <span class='ocrx_word' id='word_1_211' title='bbox 637 2391 922 2439; x_wconf 88' lang='lat' dir='ltr'>Mutinensis</span> <span class='ocrx_word' id='word_1_212' title='bbox 955 2398 999 2440; x_wconf 90' lang='lat' dir='ltr'>et</span> <span class='ocrx_word' id='word_1_213' title='bbox 1029 2393 1335 2453; x_wconf 81' lang='lat' dir='ltr'>ArborensiS,</span> <span class='ocrx_word' id='word_1_214' title='bbox 1365 2392 1501 2456; x_wconf 88' lang='lat' dir='ltr'>cujus</span> <span class='ocrx_word' id='word_1_215' title='bbox 1532 2395 1604 2441; x_wconf 87' lang='lat' dir='ltr'>est</span> <span class='ocrx_word' id='word_1_216' title='bbox 1626 2392 1811 2440; x_wconf 89' lang='lat' dir='ltr'>titulus.</span> <span class='ocrx_word' id='word_1_217' title='bbox 1840 2393 1941 2455; x_wconf 85' lang='lat' dir='ltr'>Ego</span> <span class='ocrx_word' id='word_1_218' title='bbox 1971 2405 2067 2437; x_wconf 90' lang='lat' dir='ltr'>non</span> 
     </span>
     <span class='ocr_line' id='line_1_26' title="bbox 297 2474 2066 2540; baseline -0.001 -18"><span class='ocrx_word' id='word_1_219' title='bbox 297 2474 511 2534; x_wconf 89' lang='lat' dir='ltr'>interfui,</span> <span class='ocrx_word' id='word_1_220' title='bbox 539 2475 622 2522; x_wconf 88' lang='lat' dir='ltr'>sed</span> <span class='ocrx_word' id='word_1_221' title='bbox 644 2474 802 2522; x_wconf 91' lang='lat' dir='ltr'>socius</span> <span class='ocrx_word' id='word_1_222' title='bbox 824 2491 961 2524; x_wconf 90' lang='lat' dir='ltr'>meus</span> <span class='ocrx_word' id='word_1_223' title='bbox 986 2493 995 2524; x_wconf 89' lang='lat'>:</span> <span class='ocrx_word' id='word_1_224' title='bbox 1022 2480 1287 2540; x_wconf 88' lang='lat' dir='ltr'>propterea</span> <span class='ocrx_word' id='word_1_225' title='bbox 1313 2476 1479 2524; x_wconf 87' lang='lat' dir='ltr'>nescio</span> <span class='ocrx_word' id='word_1_226' title='bbox 1501 2475 1860 2539; x_wconf 82' lang='lat' dir='ltr'>particulariter</span> <span class='ocrx_word' id='word_1_227' title='bbox 1881 2477 2066 2521; x_wconf 89' lang='lat' dir='ltr'>notare.</span> 
     </span>
    </p>

    <p class='ocr_par' dir='ltr' id='par_1_7' title="bbox 298 2557 2077 3372">
     <span class='ocr_line' id='line_1_27' title="bbox 362 2557 2071 2622; baseline -0.002 -16"><span class='ocrx_word' id='word_1_228' title='bbox 362 2558 706 2622; x_wconf 87' lang='lat' dir='ltr'>Superioribus</span> <span class='ocrx_word' id='word_1_229' title='bbox 739 2559 909 2607; x_wconf 90' lang='lat' dir='ltr'>diebus</span> <span class='ocrx_word' id='word_1_230' title='bbox 941 2561 1022 2608; x_wconf 89' lang='lat' dir='ltr'><strong>SS.</strong></span> <span class='ocrx_word' id='word_1_231' title='bbox 1065 2562 1121 2608; x_wconf 95' lang='lat' dir='ltr'>D.</span> <span class='ocrx_word' id='word_1_232' title='bbox 1168 2564 1335 2608; x_wconf 88' lang='lat' dir='ltr'>noster</span> <span class='ocrx_word' id='word_1_233' title='bbox 1373 2558 1526 2606; x_wconf 88' lang='lat' dir='ltr'>divisit</span> <span class='ocrx_word' id='word_1_234' title='bbox 1557 2563 1605 2606; x_wconf 92' lang='lat' dir='ltr'>et</span> <span class='ocrx_word' id='word_1_235' title='bbox 1640 2557 1888 2606; x_wconf 87' lang='lat' dir='ltr'>distribuit</span> <span class='ocrx_word' id='word_1_236' title='bbox 1916 2560 2071 2604; x_wconf 86' lang='lat' dir='ltr'>terras</span> 
     </span>
     <span class='ocr_line' id='line_1_28' title="bbox 298 2639 2073 2707; baseline -0.003 -16"><span class='ocrx_word' id='word_1_237' title='bbox 298 2641 691 2691; x_wconf 90' lang='lat' dir='ltr'>Columnensium</span> <span class='ocrx_word' id='word_1_238' title='bbox 710 2642 758 2689; x_wconf 89' lang='lat' dir='ltr'>in</span> <span class='ocrx_word' id='word_1_239' title='bbox 780 2643 899 2691; x_wconf 88' lang='lat' dir='ltr'>duas</span> <span class='ocrx_word' id='word_1_240' title='bbox 920 2649 1085 2707; x_wconf 83' lang='lat' dir='ltr'>partes</span> <span class='ocrx_word' id='word_1_241' title='bbox 1107 2647 1155 2693; x_wconf 91' lang='lat' dir='ltr'>et</span> <span class='ocrx_word' id='word_1_242' title='bbox 1171 2645 1325 2692; x_wconf 88' lang='lat' dir='ltr'>erexit</span> <span class='ocrx_word' id='word_1_243' title='bbox 1346 2643 1583 2693; x_wconf 87' lang='lat' dir='ltr'>civitatem</span> <span class='ocrx_word' id='word_1_244' title='bbox 1606 2642 1899 2706; x_wconf 88' lang='lat' dir='ltr'>Nepesinam</span> <span class='ocrx_word' id='word_1_245' title='bbox 1919 2639 1969 2687; x_wconf 89' lang='lat' dir='ltr'>in</span> <span class='ocrx_word' id='word_1_246' title='bbox 1990 2639 2073 2688; x_wconf 90' lang='lat' dir='ltr'>du-</span> 
     </span>
     <span class='ocr_line' id='line_1_29' title="bbox 299 2723 2072 2791; baseline -0.003 -17"><span class='ocrx_word' id='word_1_247' title='bbox 299 2730 485 2785; x_wconf 80' lang='lat' dir='ltr'>catum3</span> <span class='ocrx_word' id='word_1_248' title='bbox 512 2726 737 2775; x_wconf 88' lang='lat' dir='ltr'>similiter</span> <span class='ocrx_word' id='word_1_249' title='bbox 772 2731 819 2775; x_wconf 87' lang='lat' dir='ltr'>et</span> <span class='ocrx_word' id='word_1_250' title='bbox 852 2727 1085 2791; x_wconf 91' lang='lat' dir='ltr'>oppidum</span> <span class='ocrx_word' id='word_1_251' title='bbox 1117 2730 1424 2786; x_wconf 89' lang='lat' dir='ltr'>Sermonete,</span> <span class='ocrx_word' id='word_1_252' title='bbox 1457 2731 1505 2775; x_wconf 87' lang='lat' dir='ltr'>et</span> <span class='ocrx_word' id='word_1_253' title='bbox 1532 2731 1721 2790; x_wconf 90' lang='lat' dir='ltr'>partem</span> <span class='ocrx_word' id='word_1_254' title='bbox 1749 2723 1948 2772; x_wconf 92' lang='lat' dir='ltr'>dominii</span> <span class='ocrx_word' id='word_1_255' title='bbox 1981 2724 2072 2770; x_wconf 91' lang='lat' dir='ltr'>Co-</span> 
     </span>
     <span class='ocr_line' id='line_1_30' title="bbox 298 2803 2073 2874; baseline -0.006 -15"><span class='ocrx_word' id='word_1_256' title='bbox 298 2811 629 2859; x_wconf 89' lang='lat' dir='ltr'>lumnensium</span> <span class='ocrx_word' id='word_1_257' title='bbox 662 2810 917 2874; x_wconf 84' lang='lat' dir='ltr'>applicavit</span> <span class='ocrx_word' id='word_1_258' title='bbox 953 2811 1147 2858; x_wconf 90' lang='lat' dir='ltr'>ducatui</span> <span class='ocrx_word' id='word_1_259' title='bbox 1179 2810 1437 2873; x_wconf 91' lang='lat' dir='ltr'>Nepesino,</span> <span class='ocrx_word' id='word_1_260' title='bbox 1481 2809 1625 2856; x_wconf 89' lang='lat' dir='ltr'>aliam</span> <span class='ocrx_word' id='word_1_261' title='bbox 1658 2811 1846 2870; x_wconf 89' lang='lat' dir='ltr'>partem</span> <span class='ocrx_word' id='word_1_262' title='bbox 1878 2803 2073 2851; x_wconf 88' lang='lat' dir='ltr'>ducatui</span> 
     </span>
     <span class='ocr_line' id='line_1_31' title="bbox 301 2885 2073 2954; baseline -0.006 -12"><span class='ocrx_word' id='word_1_263' title='bbox 301 2896 674 2952; x_wconf 83' lang='lat' dir='ltr'>Sermonetano,</span> <span class='ocrx_word' id='word_1_264' title='bbox 701 2898 748 2941; x_wconf 90' lang='lat' dir='ltr'>et</span> <span class='ocrx_word' id='word_1_265' title='bbox 768 2893 1006 2940; x_wconf 88' lang='lat' dir='ltr'>investivit</span> <span class='ocrx_word' id='word_1_266' title='bbox 1031 2893 1322 2941; x_wconf 87' lang='lat' dir='ltr'>Rodericum</span> <span class='ocrx_word' id='word_1_267' title='bbox 1346 2892 1404 2939; x_wconf 88' lang='lat' dir='ltr'>de</span> <span class='ocrx_word' id='word_1_268' title='bbox 1425 2889 1686 2954; x_wconf 85' lang='lat' dir='ltr'>Aragonia,</span> <span class='ocrx_word' id='word_1_269' title='bbox 1706 2888 1858 2935; x_wconf 87' lang='lat' dir='ltr'>filium</span> <span class='ocrx_word' id='word_1_270' title='bbox 1877 2885 2073 2934; x_wconf 90' lang='lat' dir='ltr'>domine</span> 
     </span>
     <span class='ocr_line' id='line_1_32' title="bbox 301 2966 2073 3033; baseline -0.006 -9"><span class='ocrx_word' id='word_1_271' title='bbox 301 2977 525 3025; x_wconf 90' lang='lat' dir='ltr'>Lucretie</span> <span class='ocrx_word' id='word_1_272' title='bbox 557 2976 615 3024; x_wconf 91' lang='lat' dir='ltr'>de</span> <span class='ocrx_word' id='word_1_273' title='bbox 643 2976 819 3023; x_wconf 88' lang='lat' dir='ltr'>ducatu</span> <span class='ocrx_word' id='word_1_274' title='bbox 853 2977 1221 3033; x_wconf 87' lang='lat' dir='ltr'>Sermonetano,</span> <span class='ocrx_word' id='word_1_275' title='bbox 1259 2978 1306 3022; x_wconf 91' lang='lat' dir='ltr'>et</span> <span class='ocrx_word' id='word_1_276' title='bbox 1336 2974 1606 3021; x_wconf 86' lang='lat' dir='ltr'>Johannem</span> <span class='ocrx_word' id='word_1_277' title='bbox 1641 2969 1885 3033; x_wconf 87' lang='lat' dir='ltr'>Borgiam,</span> <span class='ocrx_word' id='word_1_278' title='bbox 1919 2966 2073 3015; x_wconf 86' lang='lat' dir='ltr'>filium</span> 
     </span>
     <span class='ocr_line' id='line_1_33' title="bbox 302 3050 2075 3122; baseline -0.006 -15"><span class='ocrx_word' id='word_1_279' title='bbox 302 3075 462 3118; x_wconf 88' lang='lat' dir='ltr'>suum,</span> <span class='ocrx_word' id='word_1_280' title='bbox 491 3075 635 3122; x_wconf 90' lang='lat' dir='ltr'>quem</span> <span class='ocrx_word' id='word_1_281' title='bbox 666 3059 713 3106; x_wconf 92' lang='lat' dir='ltr'>in</span> <span class='ocrx_word' id='word_1_282' title='bbox 738 3058 1023 3122; x_wconf 89' lang='lat' dir='ltr'>pontificatu</span> <span class='ocrx_word' id='word_1_283' title='bbox 1058 3058 1229 3105; x_wconf 91' lang='lat' dir='ltr'>habuit</span> <span class='ocrx_word' id='word_1_284' title='bbox 1253 3072 1363 3104; x_wconf 90' lang='lat' dir='ltr'>cum</span> <span class='ocrx_word' id='word_1_285' title='bbox 1389 3056 1596 3119; x_wconf 89' lang='lat' dir='ltr'>quadam</span> <span class='ocrx_word' id='word_1_286' title='bbox 1634 3056 1867 3111; x_wconf 89' lang='lat' dir='ltr'>Romana,</span> <span class='ocrx_word' id='word_1_287' title='bbox 1897 3050 1956 3099; x_wconf 89' lang='lat' dir='ltr'>de</span> <span class='ocrx_word' id='word_1_288' title='bbox 1987 3050 2075 3097; x_wconf 88' lang='lat' dir='ltr'>du-</span> 
     </span>
     <span class='ocr_line' id='line_1_34' title="bbox 304 3133 2077 3204; baseline -0.005 -15"><span class='ocrx_word' id='word_1_289' title='bbox 304 3145 414 3189; x_wconf 90' lang='lat' dir='ltr'>catu</span> <span class='ocrx_word' id='word_1_290' title='bbox 454 3141 715 3204; x_wconf 89' lang='lat' dir='ltr'>Nepesino,</span> <span class='ocrx_word' id='word_1_291' title='bbox 752 3139 1001 3187; x_wconf 81' lang='lat' dir='ltr'>constituit</span> <span class='ocrx_word' id='word_1_292' title='bbox 1041 3143 1088 3187; x_wconf 91' lang='lat' dir='ltr'>et</span> <span class='ocrx_word' id='word_1_293' title='bbox 1128 3139 1372 3202; x_wconf 88' lang='lat' dir='ltr'>deputavit</span> <span class='ocrx_word' id='word_1_294' title='bbox 1412 3141 1617 3185; x_wconf 88' lang='lat' dir='ltr'>RRmos.</span> <span class='ocrx_word' id='word_1_295' title='bbox 1662 3138 1761 3184; x_wconf 95' lang='lat' dir='ltr'><strong>DD.</strong></span> <span class='ocrx_word' id='word_1_296' title='bbox 1805 3133 2077 3183; x_wconf 86' lang='lat' dir='ltr'>cardinales</span> 
     </span>
     <span class='ocr_line' id='line_1_35' title="bbox 306 3220 2077 3285; baseline -0.003 -13"><span class='ocrx_word' id='word_1_297' title='bbox 306 3225 703 3283; x_wconf 85' lang='lat' dir='ltr'>Alexandrinum,</span> <span class='ocrx_word' id='word_1_298' title='bbox 739 3223 1051 3271; x_wconf 87' lang='lat' dir='ltr'>Cusentinum</span> <span class='ocrx_word' id='word_1_299' title='bbox 1089 3227 1136 3270; x_wconf 87' lang='lat' dir='ltr'>et</span> <span class='ocrx_word' id='word_1_300' title='bbox 1172 3227 1379 3285; x_wconf 85' lang='lat' dir='ltr'>quatuor</span> <span class='ocrx_word' id='word_1_301' title='bbox 1409 3222 1527 3270; x_wconf 88' lang='lat' dir='ltr'>alios</span> <span class='ocrx_word' id='word_1_302' title='bbox 1555 3225 1804 3269; x_wconf 89' lang='lat' dir='ltr'>curatores</span> <span class='ocrx_word' id='word_1_303' title='bbox 1841 3220 2077 3268; x_wconf 89' lang='lat' dir='ltr'>dictorum</span> 
     </span>
     <span class='ocr_line' id='line_1_36' title="bbox 310 3305 1291 3372; baseline -0.003 -16"><span class='ocrx_word' id='word_1_304' title='bbox 310 3308 562 3357; x_wconf 87' lang='lat' dir='ltr'>infantium</span> <span class='ocrx_word' id='word_1_305' title='bbox 586 3323 674 3372; x_wconf 88' lang='lat' dir='ltr'>per</span> <span class='ocrx_word' id='word_1_306' title='bbox 696 3307 880 3355; x_wconf 81' lang='lat' dir='ltr'>litteras</span> <span class='ocrx_word' id='word_1_307' title='bbox 902 3305 1189 3370; x_wconf 90' lang='lat' dir='ltr'>apostolicas</span> <span class='ocrx_word' id='word_1_308' title='bbox 1211 3305 1291 3370; x_wconf 88' lang='grc'>(2).</span> 
     </span>
    </p>
   </div>
   <div class='ocr_carea' id='block_1_3' title="bbox 354 3431 2079 3540">
    <p class='ocr_par' dir='ltr' id='par_1_8' title="bbox 354 3431 2079 3540">
     <span class='ocr_line' id='line_1_37' title="bbox 354 3431 922 3481; baseline 0 -13"><span class='ocrx_word' id='word_1_309' title='bbox 354 3434 387 3469; x_wconf 93' lang='grc'>1.</span> <span class='ocrx_word' id='word_1_310' title='bbox 416 3433 508 3481; x_wconf 81' lang='lat' dir='ltr'><strong>Voy.</strong></span> <span class='ocrx_word' id='word_1_311' title='bbox 527 3432 610 3480; x_wconf 92' lang='lat' dir='ltr'>plus</span> <span class='ocrx_word' id='word_1_312' title='bbox 630 3431 718 3468; x_wconf 86' lang='lat' dir='ltr'>haut</span> <span class='ocrx_word' id='word_1_313' title='bbox 736 3442 830 3480; x_wconf 82' lang='lat' dir='ltr'>page</span> <span class='ocrx_word' id='word_1_314' title='bbox 844 3432 922 3468; x_wconf 78' lang='lat'><strong>127.</strong></span> 
     </span>
     <span class='ocr_line' id='line_1_38' title="bbox 355 3482 2079 3540; baseline -0.006 -11"><span class='ocrx_word' id='word_1_315' title='bbox 355 3494 389 3529; x_wconf 77' lang='lat'><strong>2.</strong></span> <span class='ocrx_word' id='word_1_316' title='bbox 420 3491 475 3528; x_wconf 91' lang='lat' dir='ltr'>On</span> <span class='ocrx_word' id='word_1_317' title='bbox 504 3491 632 3539; x_wconf 86' lang='lat' dir='ltr'>ignore</span> <span class='ocrx_word' id='word_1_318' title='bbox 661 3490 778 3540; x_wconf 87' lang='lat' dir='ltr'>quelle</span> <span class='ocrx_word' id='word_1_319' title='bbox 798 3491 884 3527; x_wconf 77' lang='lat' dir='ltr'>etait</span> <span class='ocrx_word' id='word_1_320' title='bbox 914 3490 947 3527; x_wconf 88' lang='lat' dir='ltr'>la</span> <span class='ocrx_word' id='word_1_321' title='bbox 978 3493 1074 3527; x_wconf 78' lang='lat' dir='ltr'>mere</span> <span class='ocrx_word' id='word_1_322' title='bbox 1094 3490 1141 3526; x_wconf 92' lang='lat' dir='ltr'>du</span> <span class='ocrx_word' id='word_1_323' title='bbox 1165 3490 1275 3538; x_wconf 82' lang='lat' dir='ltr'>jeune</span> <span class='ocrx_word' id='word_1_324' title='bbox 1307 3488 1376 3523; x_wconf 88' lang='lat' dir='ltr'>duc</span> <span class='ocrx_word' id='word_1_325' title='bbox 1405 3488 1449 3523; x_wconf 86' lang='lat' dir='ltr'>de</span> <span class='ocrx_word' id='word_1_326' title='bbox 1481 3486 1591 3535; x_wconf 75' lang='lat' dir='ltr'>Nepi.</span> <span class='ocrx_word' id='word_1_327' title='bbox 1630 3486 1678 3522; x_wconf 88' lang='lat' dir='ltr'>Le</span> <span class='ocrx_word' id='word_1_328' title='bbox 1710 3498 1815 3535; x_wconf 87' lang='lat' dir='ltr'>pape,</span> <span class='ocrx_word' id='word_1_329' title='bbox 1848 3487 1953 3533; x_wconf 74' lang='lat' dir='ltr'>apres</span> <span class='ocrx_word' id='word_1_330' title='bbox 1979 3482 2079 3520; x_wconf 82' lang='lat' dir='ltr'>avoir</span> 
     </span>
    </p>
   </div>
  </div>
 </body>
</html>
