2254 3938
111 337 320 378 [Decembre
344 337 434 377 1503}
562 335 729 371 RERUM
766 333 1068 371 URBANARUM
1101 331 1451 370 COMMENTARII.
1830 337 1899 373 317

112 438 226 497 lem,
253 438 475 487 videlicet
506 437 864 485 Mimatensem.
897 434 1083 482 Deinde
1122 433 1300 482 clausit
1332 450 1385 482 os
1419 437 1473 482 D.
1519 434 1822 483 Narbonensi
1858 441 1906 484 et

115 523 171 568 D.
205 520 479 568 Mimatensi
513 536 522 567 :
561 518 753 583 aperuit
781 517 850 566 eis
878 533 932 565 os
965 521 1115 580 prout
1153 516 1200 563 in
1242 517 1435 571 cedula;
1474 517 1648 565 deinde
1677 517 1810 565 dedit
1838 517 1908 566 eis

115 604 318 653 annulos
351 608 398 652 et
423 603 604 662 titulos,
634 600 938 651 Narbonensi
965 587 1003 647 s.
1038 600 1241 647 Adriani
1275 616 1420 663 quem
1447 601 1600 649 erexit
1627 601 1676 648 in
1699 602 1908 666 presby-

112 687 318 736 teralem
334 691 381 735 et
401 685 674 735 Mimatensi
691 684 896 733 basilice
916 684 1173 732 duodecim
1189 684 1524 747 apostolorum
1540 700 1550 742 3
1577 684 1674 748 qui,
1694 686 1909 749 acceptis

111 771 300 820 annulis
322 774 370 818 et
395 770 560 828 titulis,
589 768 859 818 successive
877 766 1083 815 osculati
1102 770 1213 815 sunt
1229 767 1399 831 pedes,
1419 783 1595 815 manus
1614 771 1662 815 et
1681 785 1735 816 os
1757 771 1906 832 Papo,

116 858 220 911 Quo
256 854 404 912 facto,
447 851 855 915 Rothomagensis
891 850 1155 915 genuflexit
1191 847 1360 899 coram
1395 853 1527 914 Papa
1567 854 1614 898 et
1649 856 1912 915 apportata

116 942 186 986 est
212 953 300 1001 per
327 940 383 985 D.
410 936 744 994 Franciscum,
773 934 1129 982 cubicularium
1146 950 1287 981 suum
1304 938 1572 993 secretum,
1601 951 1721 982 crux
1745 940 1913 984 sancta

117 1037 263 1085 quam
278 1019 560 1085 genuflexus
575 1018 729 1068 tenuit
743 1034 911 1066 coram
931 1020 1060 1081 Papa
1074 1020 1209 1065 retro
1230 1018 1699 1082 Rothomagensem,
1718 1022 1764 1066 et
1784 1021 1914 1082 Papa

120 1104 294 1152 sedens
317 1103 439 1151 dixit
463 1102 553 1151 :In
577 1103 700 1150 viam
722 1102 876 1166 pacis,
902 1104 997 1150 etc.
1015 1117 1024 1156 ;
1045 1104 1094 1149 et
1119 1117 1341 1165 surgens,
1365 1101 1485 1149 dixit
1506 1101 1564 1149 K
1558 1102 1664 1165 yrie
1684 1102 1903 1159 Eleison,

117 1187 267 1235 Pater
287 1194 460 1234 noster.
489 1188 637 1250 prout
662 1185 711 1233 in
734 1184 916 1233 libello.
944 1184 1126 1241 Quibus
1142 1184 1302 1240 dictis,
1335 1184 1750 1248 Rothomagensis
1779 1201 1917 1233 oscu-

117 1270 244 1318 latus
265 1273 340 1318 est
365 1270 540 1334 pedem
567 1272 712 1333 Pape,
742 1272 790 1316 et
814 1268 1026 1316 surrexit
1050 1271 1099 1315 et
1125 1271 1351 1331 receptus
1377 1273 1448 1315 est
1473 1268 1534 1316 ad
1567 1268 1792 1316 osculum
1818 1269 1916 1316 oris

122 1353 184 1402 ab
208 1352 435 1401 omnibus
457 1351 807 1410 cardinalibuS,
837 1354 884 1398 et
919 1351 1058 1398 finita
1081 1353 1156 1398 est
1185 1350 1526 1414 congregatio.
1558 1352 1691 1414 Papa
1718 1350 1916 1398 intravit

123 1451 372 1484 cameram
406 1437 454 1482 et
482 1435 684 1499 triginta
717 1450 842 1481 unus
866 1433 1138 1481 cardinales
1173 1433 1540 1485 associaverunt
1564 1449 1716 1496 usque
1744 1433 1804 1481 ad
1831 1433 1915 1481 do-

125 1534 258 1566 mum
283 1518 476 1566 comitis
494 1516 833 1575 Mirandulani,
862 1516 960 1574 ubi,
980 1516 1117 1564 finita
1138 1516 1363 1578 saligiata
1389 1515 1450 1580 (1)
1478 1533 1647 1563 versus
1673 1515 1912 1578 Populum

132 1606 332 1665 propter
357 1601 540 1648 malum
566 1603 757 1662 tempus
779 1603 825 1646 et
854 1599 1116 1662 pessimam
1132 1599 1274 1656 viam,
1301 1598 1594 1646 dimiserunt
1610 1599 1789 1646 ibidem
1813 1614 1917 1646 car-

136 1684 348 1732 dinalem
388 1683 834 1745 Rothomagensem
870 1682 952 1744 qui
1000 1681 1226 1744 deposuit
1265 1681 1422 1728 solum
1471 1681 1710 1745 capellum
1750 1685 1797 1729 et.
1822 1698 1919 1729 non

134 1766 362 1830 deposuit
415 1781 554 1813 suum
607 1765 895 1828 capuccium
947 1780 1104 1827 neque
1154 1765 1390 1815 biretum:
1428 1765 1653 1813 similiter
1696 1765 1920 1812 fecerunt

135 1864 304 1896 omnes
336 1848 418 1896 alii
455 1847 733 1896 cardinales
764 1852 966 1910 propter
994 1847 1277 1894 continuam
1307 1846 1534 1910 pluviam.
1568 1847 1924 1910 Rothomagon·

136 1931 199 1979 sis
225 1932 493 1980 associatus
530 1948 559 1979 a
595 1922 958 1988 Volaterrano}
979 1921 1332 1988 Narboniensi?
1362 1930 1655 1987 Mimatensi,
1693 1931 1920 1989 Ascanio,

136 2032 174 2062 s,
195 2015 413 2063 Severini
439 2018 486 2061 et
509 2013 774 2077 Aragonia,
797 2013 1028 2076 equitavit
1052 2013 1112 2060 ad
1138 2030 1176 2060 s.
1197 2013 1400 2061 Mariam
1432 2014 1492 2061 de
1517 2013 1702 2077 Populo
1723 2014 1803 2061 ubi
1819 2017 1927 2062 erat

136 2097 217 2145 illa
233 2103 375 2146 nocte
397 2093 746 2161 permansurus
773 2095 859 2160 (2);
889 2096 1015 2144 ultra
1037 2096 1363 2159 precedentes
1378 2096 1465 2144 suit
1479 2097 1747 2145 associatus
1773 2113 1924 2160 usque

138 2181 199 2228 ad
222 2181 419 2229 domum
444 2180 717 2244 predictam
749 2180 809 2227 de
840 2179 1115 2227 Mirandula
1151 2196 1179 2227 a
1215 2180 1543 2228 cardinalibus
1580 2180 1917 2244 Neapolitano,

138 2280 176 2311 S.
221 2264 470 2322 Praxedis,
527 2263 866 2321 Recanatensi,
922 2264 1209 2321 camerario,
1266 2263 1616 2330 Alexandrino,
1670 2264 1923 2324 Grimano‚

137 2347 415 2405 Arborensi,
451 2346 694 2410 Regiensi,
739 2346 1022 2405 Cusentino,
1059 2346 1386 2405 Salernitano,
1425 2347 1808 2411 Caputaquensi,
1835 2351 1928 2397 Cu-

123 2437 300 2489 mano,
330 2430 641 2488 Bononiensi,
673 2429 850 2478 Montis
879 2429 1090 2493 Regalis,
1121 2430 1426 2489 Surrentino,
1460 2431 1520 2478 de
1542 2431 1720 2490 Flisco,
1751 2431 1927 2496 Legio-

142 2513 298 2571 nensi,
339 2513 571 2571 Adriano,
607 2513 802 2576 Borgia,
836 2513 1091 2571 Columna,
1122 2513 1352 2572 Medices,
1385 2515 1638 2574 Cesarino,
1673 2516 1926 2574 Farnesio,

144 2597 204 2644 de
230 2596 487 2655 Alibretto,
519 2596 743 2644 Cornelio
768 2599 814 2643 et
844 2596 1394 2659 Constantinopolitano.
1432 2644 1436 2651 ,
1892 2634 1905 2671 s

155 2679 196 2714 :1-
222 2659 450 2712 ffkuuff
470 2661 680 2716 §.aaa
751 2672 784 2711 2-
812 2653 1207 2711 ,tm->Quamne
1228 2654 1275 2702 b
1298 2648 1591 2709 &Remem-
1663 2659 1684 2698 3
1727 2657 1920 2700 bamus
1948 2671 1952 2674 ·

193 2793 225 2828 1.
254 2790 349 2827 Telte
369 2795 426 2827 est
445 2789 476 2826 la
499 2789 597 2834 [econ
617 2789 680 2825 des
703 2800 789 2824 mss.
817 2787 864 2823 La
885 2786 995 2824 forme
1016 2787 1194 2824 ordina³re
1216 2788 1326 2826 serait
1345 2790 1523 2838 salemum.
1548 2791 1590 2831 V,
1614 2793 1670 2830 Du
1689 2793 1829 2843 Gange,

191 2853 227 2887 2.
256 2851 305 2888 Le
337 2849 498 2886 cardinal
530 2850 575 2886 de
607 2849 733 2885 Roucn
769 2851 865 2884 resta
894 2851 992 2883 toute
1026 2846 1058 2883 la
1081 2847 1235 2895 journee
1268 2849 1317 2885 du
1337 2852 1360 2885 9
1379 2853 1400 2886 a
1421 2851 1927 2904 Sainte-Marie-du-Peuple.

146 2909 400 2958 (GiustIniani,
422 2914 448 2954 t,
471 2910 516 2954 11,
540 2920 576 2956 p,
597 2908 695 2954 335.)
723 2907 748 2943 Il
775 2919 815 2943 se
844 2906 962 2943 rendit
987 2906 1018 2943 le
1046 2907 1119 2943 soir
1141 2909 1163 2943 a
1184 2909 1382 2946 Braeciano
1403 2911 1660 2957 (Machiavelli,
1683 2914 1766 2963 dep.
1789 2915 1836 2951 du
1862 2917 1933 2963 9.),

148 2982 234 3007 sans
254 2972 328 3006 etre
348 2970 593 3017 accompagne
614 2966 807 3003 d'Ascanio
827 2966 888 3013 qui
906 2966 1003 3002 avait
1024 2971 1199 3015 pourtant
1214 2968 1295 3015 jure
1316 2981 1363 3005 au
1385 2969 1435 3006 roi
1457 2971 1501 3007 de
1522 2972 1659 3008 France
1680 2973 1725 3009 de
1749 2978 1937 3012 retourner

148 3032 170 3066 a
192 3041 234 3066 sa
251 3040 352 3065 cour.
375 3028 525 3076 D'apres
547 3025 795 3063 Guicciardini
818 3026 896 3071 (lir-
921 3027 996 3073 Vl),
1016 3026 1174 3063 Ascanio
1195 3027 1318 3065 s’etait
1335 3028 1400 3066 fait
1419 3030 1603 3067 absoudre
1621 3044 1666 3068 en
1697 3038 1815 3070 secret
1832 3035 1876 3070 de
1897 3047 1937 3071 ce

152 3092 312 3125 serment
339 3099 405 3136 par
439 3088 470 3123 te
498 3098 604 3135 pape.
639 3084 786 3123 Muralti
818 3083 907 3120 ecrit
931 3087 953 3120 a
979 3096 1020 3121 ce
1047 3085 1144 3133 sujet
1163 3086 1255 3123 dans
1285 3099 1344 3124 ses
1365 3089 1552 3127 Annales:
1578 3107 1597 3124 «
1700 3124 1703 3127 ,
1723 3119 1732 3129 ,
1759 3092 1941 3130 Gallorum

153 3151 274 3184 autem
294 3159 376 3183 rex.
415 3173 446 3183 ..
463 3177 471 3185 .
497 3157 540 3182 eo
559 3145 656 3193 quod
678 3143 888 3193 (Ascanius)
917 3143 1072 3181 noluerit
1095 3144 1130 3180 in
1160 3145 1312 3183 Galliam
1340 3153 1518 3186 revertere
1545 3163 1626 3187 cum
1650 3151 1942 3201 Rotbomagensi

153 3206 350 3249 cardinale,
369 3206 402 3243 ei
420 3217 547 3242 omnes
567 3204 731 3241 redditus
752 3202 1011 3239 beneficiorum
1033 3205 1255 3252 sequestrari
1270 3207 1403 3255 jussit;
1426 3213 1462 3245 et
1482 3221 1526 3245 ex
1554 3210 1758 3248 redditibus
1783 3212 1939 3249 abbatiae

155 3263 431 3301 clarevallensis
451 3269 486 3301 et
497 3264 708 3313 episcopatu
722 3262 857 3311 Papia),
868 3262 1134 3310 amplissimam
1149 3265 1297 3302 domum
1313 3278 1421 3304 secus
1436 3268 1621 3306 abbatiam
1637 3270 1754 3307 sancti
1774 3271 1938 3319 Dionysii

156 3322 353 3360 Mediolani
373 3322 541 3360 fabricari
551 3322 677 3372 jussit,
699 3321 762 3358 ubi
781 3333 847 3370 per
865 3325 1030 3370 tempora
1056 3322 1245 3370 epidemiae
1262 3325 1394 3363 -infecti
1420 3328 1731 3374 conducerentur3
1755 3336 1940 3368 monaste-

156 3382 249 3418 rium
270 3382 387 3419 sancti
407 3382 600 3427 Ambrosii,
621 3382 719 3430 quod
739 3380 776 3417 in
798 3385 1011 3429 perpetuam
1030 3384 1283 3420 commendam
1312 3385 1482 3432 dabatur,
1508 3388 1669 3424 monacis
1696 3388 1936 3428 clarevallen-

161 3441 264 3479 sibus
284 3442 329 3478 de
346 3440 578 3479 observantia
592 3442 628 3479 in
647 3444 856 3490 perpetuam
879 3439 993 3486 dedit,
1013 3445 1051 3478 et
1066 3453 1200 3490 magna
1216 3443 1369 3481 aediflcia
1388 3446 1552 3483 construi
1572 3447 1668 3484 fecit.
1692 3463 1711 3482 »
1732 3448 1775 3485 P.
1794 3450 1858 3487 86.
