2228 3938
175 391 272 433 [Mas
289 387 381 436 1'501]
619 394 788 433 RERUM
819 387 1129 431 URBANAR'UM
1156 388 1507 429 COMMENTARH.
1890 394 1955 430 137

177 498 501 547 Nihilominus
536 499 614 548 vel
651 486 911 546 immemor
937 496 1219 560 hujusmodi
1252 496 1478 559 pecunie,
1519 496 1591 544 vel
1622 494 1858 555 aliaS,‘de
1899 511 1958 544 ea

178 597 276 629 non
305 582 446 630 aliter
474 581 740 646 disposuit;
775 582 903 643 Papa
932 579 992 627 de
1022 579 1302 642 hujusmodi
1336 579 1551 627 forzeriis
1583 580 1764 627 certior
1799 579 1957 628 factus

179 665 309 712 misit
334 681 422 728 pro
447 665 516 714 eis
538 658 789 713 Anconam
811 652 858 711 et
878 662 1048 710 habuit
1074 678 1132 711 ea
1157 678 1269 710 cum
1294 662 1516 726 pecuniis
1538 662 1853 726 supradictis.

242 749 383 796 Feria
406 740 565 807 tertia,
597 738 654 796 18
678 747 794 795 dicti
820 746 1001 793 mensis
1026 746 1158 803 maii,
1183 747 1341 809 prime
1365 762 1568 809 vespere
1594 763 1634 793 s.
1661 748 1816 794 lvonis
1841 763 1958 795 con-v

177 834 389 892 fessoriS,
417 832 636 881 advocati
658 845 946 895 pauperum,
970 833 1023 877 R.
1050 832 1102 877 P.
1128 832 1184 877 D.
1211 832 1382 877 Petrus
1404 830 1663 893 episcopus
1685 830 1954 881 Calmensis

177 916 442 966 celebravit
465 930 693 978 vesperas
717 913 767 960 in
786 904 1002 960 vecclesia
1033 912 1253 976 ejusdem
1280 912 1450 965 sancti,
1480 912 1736 974 hospitalis
1766 914 1958 961 Britan-

175 1015 383 1058 norum;
414 998 605 1046 RRmis.
641 999 742 1045 DD.
770 1013 808 1043 s.
839 996 1084 1053 PraxediS,
1112 995 1458 1054 Alexandrino,
1489 996 1770 1055 Cusentino,
1803 999 1960 1059 Capu-

175 1087 428 1146 laquense,
457 1082 690 1139 Senense‚
719 1095 758 1127 s.
791 1078 1003 1127 Severini
1036 1082 1084 1126 et
1118 1078 1348 1126 Farnesio
1379 1078 1706 1141 presentibus
1742 1081 1958 1129 Vocatus

174 1166 279 1213 veni
318 1165 365 1212 in
403 1164 547 1211 tertio
585 1163 773 1227 psalmo
812 1177 1122 1226 vesperorum
1154 1165 1202 1209 et
1234 1161 1399 1224 reperi
1425 1146 1592 1209 omnia
1628 1162 1730 1210 sine
1767 1162 1956 1211 ordine.

174 1248 438 1309 Celebrans
460 1251 658 1310 paratus
679 1249 787 1294 erat
808 1245 935 1293 stola
957 1261 1104 1309 super
1125 1244 1434 1292 rocchettum
1456 1243 1504 1292 et
1527 1244 1740 1308 desuper
1761 1245 1956 1309 pluviali

174 1330 300 1389 albo,
335 1329 616 1388 chirotecis»,
651 1320 831 1376 annulo
862 1326 1131 1391 pontificali
1163 1331 1210 1375 et
1245 1328 1393 1375 mitra
1428 1328 1665 1391 pretiosa,
1703 1328 1876 1376 sedens
1912 1329 1956 1375 in

174 1413 448 1468 faldistorio
473 1412 633 1475 posito
660 1412 709 1458 in
737 1411 977 1475 principio
1007 1411 1208 1470 tribuni,
1236 1411 1360 1460 facie
1390 1412 1537 1458 altari
1562 1427 1720 1470 versa,
1755 1413 1957 1459 dextera

174 1495 353 1560 populo
399 1498 448 1542 et
485 1494 683 1542 sinistra
719 1495 934 1553 tribuno,
976 1497 1025 1542 et
1058 1495 1390 1542 cardinalibus
1432 1495 1612 1542 ibidem
1657 1495 1955 1543 sedentibus,

174 1582 385 1628 Versum
409 1582 557 1641 caput
581 1577 906 1625 cardinalium
938 1581 1043 1626 erat
1076 1579 1164 1625 sub
1196 1578 1368 1625 eodem
1402 1577 1593 1625 tribuno
1625 1579 1685 1625 ad
1711 1578 1957 1625 sinistram

177 1661 494 1719 celebrantis,
533 1664 582 1707 et
613 1662 941 1723 sequebantur
971 1677 1139 1708 omnes
1171 1661 1442 1708 cardinales
1480 1662 1770 1721 successive,
1811 1666 1957 1725 prout

178 1748 286 1792 sunt
322 1743 548 1807 superius
579 1744 835 1792 nominati.
863 1745 1004 1793 Nolui
1024 1745 1209 1808 aliquid
1230 1748 1516 1808 permutare
1547 1746 1621 1792 vel
1645 1746 1954 1809 perturbare,

177 1828 262 1875 sed
288 1827 449 1874 dimisi
475 1827 642 1874 omnia
666 1828 792 1875 sicut
819 1828 977 1875 inveni
998 1845 1008 1887 ;
1042 1829 1251 1876 debebat
1286 1832 1448 1875 autem
1472 1829 1726 1876 celebrans
1751 1829 1955 1889 sedisse,

178 1911 302 1962 facie
326 1910 527 1957 tribuno
555 1913 603 1958 et
635 1902 966 1958 cardinalibus
995 1911 1043 1957 in
1069 1927 1128 1958 ea
1160 1911 1442 1958 sedentibus
1467 1916 1515 1959 et
1545 1911 1748 1959 renibus
1779 1912 1958 1975 populo

175 2009 230 2041 uc
268 1992 467 2039 dextera
497 1992 640 2040 altari
669 1993 840 2052 versis,
875 1997 1020 2057 prout
1055 1993 1109 2041 fit
1138 1994 1187 2041 in
1219 1994 1430 2041 ecclesia
1459 2011 1497 2042 s.
1532 1995 1685 2042 Marci
1719 1995 1768 2041 in
1808 1995 1956 2052 Urbe,

175 2075 452 2125 cardinales
479 2075 654 2124 fecisse
684 2076 779 2124 duo
809 2071 988 2140 capita,
1025 2093 1175 2125 unum
1208 2093 1237 2125 a
1265 2093 1420 2125 cornu
1456 2077 1693 2141 evangelii
1728 2078 1900 2125 altaris
1934 2095 1958 2125 a

178 2159 336 2223 capite
360 2160 560 2218 tribuni,
586 2175 755 2207 versus
780 2160 885 2224 ejus
910 2161 1128 2209 medium
1149 2177 1158 2219 ;
1189 2161 1463 2225 presbyteri
1489 2165 1537 2208 et
1558 2161 1752 2209 diaconi
1777 2162 1838 2209 ab
1863 2161 1960 2209 alio

175 2244 336 2308 capite
372 2244 554 2292 tribuni
595 2254 634 2291 a'
660 2260 812 2291 cornu
846 2244 1068 2308 epistole,
1109 2246 1258 2293 etiam
1295 2261 1464 2293 versus
1502 2245 1720 2293 medium
1756 2245 1958 2293 tribuni.

175 2329 392 2390 Vespere
416 2327 538 2374 alias
563 2327 694 2375 dicte
717 2331 830 2375 sunt
856 2320 994 2376 more
1020 2329 1183 2377 solito.

240 2410 473 2457 Mercurii
499 2411 760 2474 sequentis,
793 2414 849 2458 19
866 2405 993 2459 ‘dicti
1018 2413 1218 2471 mensis,
1241 2413 1364 2461 festo
1388 2412 1610 2477 ejusdem
1633 2413 1806 2472 sancti,
1832 2412 1963 2476 epis-

178 2508 330 2555 copus
367 2493 633 2540 celebravit
671 2493 871 2541 missam
909 2495 1178 2542 solemnem
1216 2496 1262 2542 in
1299 2497 1473 2544 eadem
1511 2497 1738 2555 ecclesia,
1779 2497 1963 2559 absque

178 2575 384 2638 alicujus
404 2574 665 2622 cardinalis
687 2577 954 2638 presentia,
980 2578 1289 2640 presentibus
1311 2582 1368 2626 D.
1388 2580 1621 2642 episcopo
1636 2581 1961 2636 Trecorense,

179 2662 376 2705 oratore
398 2658 528 2722 regis
550 2658 756 2706 Francie
776 2659 858 2721 qui
879 2660 1012 2706 stetit
1033 2675 1062 2707 a
1082 2675 1235 2707 cornu
1258 2661 1494 2724 evangelii
1518 2677 1547 2708 a
1568 2661 1718 2709 choro
1741 2660 1961 2708 inferiori

179 2745 244 2799 et,
276 2743 387 2803 post
418 2756 546 2799 eum,
586 2740 815 2789 videlicet
845 2742 994 2800 circa,
1033 2742 1113 2789 alii
1145 2743 1357 2790 curiales
1390 2747 1454 2802 et,
1493 2744 1543 2790 in
1573 2743 1678 2807 ejus
1715 2743 1960 2807 opposito,

179 2822 401 2870 videlicet
422 2838 450 2870 a
471 2822 626 2870 cornu
649 2824 872 2887 epistole,
891 2824 1262 2888 archiepiscopo
1287 2826 1548 2890 Ragusino,
1570 2829 1616 2873 et
1638 2828 1958 2882 Cortonense,

177 2905 496 2954 Volaterrano
516 2909 565 2953 et
582 2906 777 2955 Castelli
799 2907 948 2954 Maris
970 2908 1214 2971 episcopis
1233 2912 1280 2955 et
1298 2909 1455 2956 electo
1475 2909 1826 2956 Caballicense.
1848 2910 1962 2955 Fes—

181 2991 285 3034 tum
313 2988 458 3052 hujus
489 2990 642 3038 sancti
673 3005 771 3037 non
802 2990 889 3037 fuit
921 2990 1067 3038 hodie
1099 3008 1188 3055 per
1221 2998 1592 3041 conservatores
1623 2997 1669 3040 et
1699 2992 1962 3040 advocatos

180 3071 229 3117 in
266 3071 468 3119 basilica
501 3088 540 3120 s,
583 3073 714 3120 Petri
754 3074 1059 3122 celebratum
1097 3077 1182 3124 sed
1216 3077 1264 3123 in
1299 3077 1447 3124 aliam
1479 3077 1609 3124 diem
1646 3070 1958 3134 translatum,

182 3153 401 3216 ejusdem
444 3155 750 3204 auditoribus
793 3162 841 3204 et
884 3158 1131 3207 advocatis
1175 3160 1502 3224 allegantibus
1528 3159 1822 3208 cardinales
1865 3175 1961 3206 non

181 3235 362 3283 debere
397 3237 474 3285 his
515 3239 688 3288 diebus
733 3241 971 3304 equitare,
1019 3246 1068 3290 et
1109 3243 1255 3292 hodie
1296 3250 1458 3291 essent
1499 3259 1700 3307 vespere
1740 3242 1956 3305 papales,

184 3333 320 3381 ergo,
349 3322 443 3368 etc.
469 3322 562 3369 Sed
583 3338 682 3370 non
705 3327 810 3371 erat
835 3326 1128 3373 conveniens
1149 3326 1242 3374 hec
1270 3327 1541 3384 translatio,
1571 3342 1660 3373 nec
1685 3325 1963 3372 auditorum

184 3404 232 3447 et
271 3401 616 3453 advocatorum
653 3406 910 3471 allegatio,
949 3423 1062 3456 cum
1098 3410 1374 3457 cardinales
1413 3410 1458 3456 in
1496 3409 1572 3456 die
1603 3408 1727 3471 jovis
1766 3408 1958 3460 sancta,

186 3484 374 3531 veneris
407 3489 598 3546 sancta,
633 3488 758 3535 festo
794 3490 1025 3537 omnium
1051 3493 1364 3545 Sanctorum,
1405 3495 1452 3538 et
1489 3490 1650 3552 vigilia
1686 3487 1960 3535 Nativitatis
