2202 3918
253 385 324 420 358
863 381 1097 419 JOHANNIS
1130 381 1426 426 BURCHARDI,
1816 387 1914 426 [suin
1935 390 2029 429 1504]

324 489 391 535 De
414 485 638 533 mandato
665 486 748 533 SS.
779 486 834 532 D.
860 486 916 533 N.
943 500 1084 548 pape,
1108 484 1367 533 mandatur
1387 482 1588 548 singulis
1601 482 1918 550 infrascriptis
1941 489 2030 536 sub

254 585 380 634 pena
405 570 692 616 ducatorum
715 567 925 631 quinque
945 568 1003 615 de
1030 582 1224 616 camera
1256 567 1520 632 apostolice
1555 582 1747 616 camere
1773 568 2032 617 irremissi-

253 652 411 700 biliter
433 651 830 715 applicandorum
857 650 1062 698 debeant
1083 666 1170 714 per
1191 653 1343 699 totam
1364 653 1585 714 quartam
1623 650 1751 699 diem
1793 653 2031 715 presentis

253 735 432 783 mensis
456 734 580 799 junii
600 734 789 783 dedisse
816 736 870 782 R.
897 736 953 782 D.
981 734 1208 798 episcopo
1231 737 1409 783 Ortano
1428 734 1626 782 nomina
1659 738 1706 783 et
1742 735 2033 798 cognomina

252 819 466 867 omnium
490 823 535 867 et
561 818 858 882 singulorum
893 817 1165 866 officiorum
1198 823 1245 867 et
1278 819 1555 868 officialium
1587 819 1662 867 vel
1699 819 2031 883 capitanorum

252 902 560 951 existentium
594 917 651 950 ac
683 901 733 949 in
764 902 983 965 margine
1017 904 1213 950 notasse
1249 902 1286 950 si
1314 902 1419 966 quis
1446 902 1729 951 eorumdem
1756 902 2033 951 officialium

251 991 360 1034 sunt
383 986 441 1034 ab
465 985 590 1034 Urbe
618 985 841 1033 absentes
865 985 937 1032 vel
962 979 1143 1032 infirmi
1161 989 1241 1034 aut
1267 986 1467 1034 aliorum
1482 985 1754 1034 officiorum
1779 986 2030 1047 officiales,

249 1069 485 1129 videlicet,
512 1066 763 1132 capellano
795 1068 1086 1132 scriptorum
1109 1069 1507 1132 apostolicorum,
1533 1084 1666 1117 sacre
1694 1069 2031 1133 penitentiarie

249 1152 513 1217 apostolice
533 1152 802 1216 capellano,
831 1152 1151 1200 abbreviatori
1174 1152 1426 1216 capellano
1462 1152 1827 1200 sollicitatorum
1849 1153 2033 1201 littera-

247 1253 357 1285 rum
402 1236 793 1299 apostolicarum,
853 1236 1104 1299 capellano
1151 1236 1465 1284 collectorum
1523 1235 1725 1299 plumbi,
1782 1236 2032 1299 capellano

249 1320 546 1369 notariorum
591 1321 714 1378 rote,
755 1319 954 1383 syndico
1007 1322 1378 1383 procuratorum
1428 1319 1712 1384 gratiarum,
1762 1319 2032 1383 computori

248 1407 625 1469 procuratorum
645 1402 1001 1466 penitentiarie.

314 1490 383 1536 De
405 1486 634 1534 mandato
659 1488 743 1534 SS.
771 1489 827 1533 D.
853 1485 1006 1533 nostri
1028 1485 1275 1534 intimetur
1299 1489 1354 1534 R.
1385 1489 1442 1534 D.
1476 1486 1705 1550 episcopo
1737 1485 2033 1536 Curciolensi

247 1572 297 1619 in
321 1571 454 1619 alma
477 1569 603 1617 Urbe
623 1572 670 1616 et
688 1569 792 1633 ejus
814 1568 1033 1616 districtu
1057 1585 1140 1616 sue
1167 1569 1446 1617 Sanctitatis
1471 1569 1648 1618 vicario
1680 1570 1892 1633 generali
1914 1585 2032 1632 qua-

251 1660 391 1702 tenus
415 1654 492 1701 die
523 1652 662 1717 joviS,
700 1655 728 1699 6
763 1651 1002 1715 presentis
1035 1651 1216 1699 mensis
1244 1652 1369 1717 junii
1410 1652 1682 1701 festivitatis
1723 1653 2033 1702 sacratissimi

249 1737 471 1800 corporis
494 1735 686 1795 Christi,
713 1735 836 1783 hora
861 1737 1046 1794 octava,
1085 1736 1452 1799 processionem
1486 1735 1602 1784 cleri
1639 1736 1783 1784 Urbis
1816 1751 1845 1784 a
1875 1736 2036 1799 platea

247 1820 487 1885 principis
513 1819 840 1884 apostolorum
863 1835 951 1882 per
970 1819 1095 1867 viam
1119 1819 1392 1867 ordinatam
1423 1822 1471 1868 et
1494 1821 1715 1883 paratam
1745 1835 1832 1867 suo
1866 1819 2034 1868 ordine

256 1903 536 1951 immediate
576 1906 687 1950 ante
729 1897 1092 1966 processionem
1127 1903 1209 1950 SS.
1241 1904 1296 1950 D.
1332 1904 1389 1950 N.
1426 1918 1551 1966 pape
1587 1903 1853 1966 procedere
1891 1902 2038 1951 faciat

248 1987 524 2044 mandetur,
556 1990 602 2034 et
627 1986 894 2033 camerario
918 1985 1031 2033 cleri
1050 1985 1277 2049 predicti,
1303 1988 1540 2048 quatenus
1564 1986 1653 2033 sub
1673 2001 1801 2049 pena
1822 1986 2034 2050 quinque

249 2070 535 2117 ducatorum
564 2070 668 2117 auri
691 2084 888 2116 camere
912 2068 1175 2131 apostolice
1209 2069 1609 2116 irremissibiliter
1634 2069 2034 2132 applicandorum

248 2153 614 2217 processionem
657 2151 876 2215 ejusdem
917 2151 1034 2199 cleri
1070 2150 1192 2199 hora
1227 2155 1274 2199 et
1306 2151 1475 2200 ordine
1511 2152 1743 2216 predictis
1789 2151 2030 2212 sollicitet,

248 2241 295 2284 et
315 2237 460 2284 faciat
477 2235 710 2300 premissa
735 2234 940 2282 firmiter
961 2235 1232 2283 observare.

310 2319 496 2380 MartiS,
523 2324 550 2367 4
580 2319 725 2385 junii,
766 2333 991 2367 cursores
1033 2318 1320 2379 retulerunt,
1358 2317 1476 2366 mihi
1507 2334 1558 2368 se
1585 2318 1731 2367 fuisse
1765 2321 2030 2383 exequutos

248 2403 474 2451 mandata
495 2403 788 2466 supradicta.

315 2487 492 2534 Eadem
519 2486 613 2546 die,
651 2487 771 2534 hora
807 2486 936 2534 circa
964 2502 1190 2550 vesperas
1228 2486 1346 2535 obiit
1379 2485 1636 2534 cardinalis
1671 2488 1947 2546 Casanova3
1985 2493 2032 2536 et

248 2571 336 2618 suit
356 2570 630 2618 intimatum
650 2570 972 2618 cardinalibus
994 2585 1083 2634 pro
1116 2570 1191 2618 die
1226 2571 1435 2619 crastina
1467 2570 1527 2618 ad
1556 2571 1729 2619 horam
1759 2586 1938 2619 nonam
1957 2571 2032 2619 vel

250 2654 513 2712 decimam3
545 2657 593 2702 et
626 2654 717 2702 alia
754 2654 977 2703 ordinata
1004 2669 1092 2719 per
1123 2653 1272 2702 alium
1304 2654 1590 2718 magistrum
1625 2654 2027 2713 ceremoniarum,

249 2753 326 2785 me
351 2737 645 2786 inconsulto.

313 2820 561 2879 Mercurii,
587 2821 664 2869 die
688 2825 715 2870 5
731 2822 877 2886 junii,
901 2823 1026 2870 hora
1045 2838 1174 2870 nona
1205 2822 1280 2870 vel
1309 2822 1454 2883 circa,
1482 2822 1672 2886 incepte
1702 2822 1895 2870 fuerunt
1929 2838 2031 2871 ves-

249 2921 364 2969 pere
387 2908 434 2953 et
464 2904 742 2952 continuate
765 2906 1001 2953 matutine
1038 2908 1344 2953 mortuorum
1378 2921 1466 2969 per
1500 2905 1773 2968 religiosos.
1801 2905 2031 2954 Interfue-

252 2990 363 3036 runt
381 2987 552 3036 decem
579 2991 627 3035 et
647 3002 819 3035 novem
842 2988 1132 3048 cardinaleS,
1159 2988 1383 3036 videlicet
1402 3004 1440 3036 s,
1470 2987 1679 3052 Georgii,
1709 3002 1747 3034 S·
1777 2989 2025 3048 Praxedis,

250 3070 626 3131 Alexandrinus,
646 3086 685 3117 s.
706 3071 887 3131 Crucis,
911 3071 1178 3134 Regiensis,
1193 3071 1496 3130 Cusentinus,
1510 3070 1854 3130 salernitanus,
1868 3074 2027 3120 Bono-

250 3154 452 3213 niensis,
474 3153 836 3212 VolaterranuS,
864 3154 922 3202 de
948 3154 1120 3213 Flisco,
1141 3153 1470 3217 Legionensis‚
1491 3153 1744 3214 Adrianus,
1761 3169 1799 3202 s.
1819 3155 1946 3203 Petri
1967 3155 2028 3204 ad

248 3237 468 3296 Vincula,
510 3237 759 3295 Columna,
803 3236 1055 3295 Ascanius,
1104 3236 1334 3294 Medices,
1373 3235 1631 3300 Aragonia,
1679 3237 1738 3284 de
1767 3237 2022 3299 AlibrettO,

250 3321 488 3368 Elnensis.
517 3319 685 3367 Finitis
706 3319 944 3379 laudibus,
977 3335 1150 3383 corpus
1181 3319 1392 3367 defuncti
1418 3319 1545 3383 quod
1561 3320 1756 3383 jacebat
1784 3321 1834 3368 in
1866 3321 2025 3385 prima

249 3403 374 3461 aula,
404 3403 464 3450 ad
488 3402 741 3451 ecclesiam
767 3402 825 3450 de
851 3402 1030 3466 Populo
1059 3404 1301 3465 portatum
1339 3401 1444 3460 fuit,
1483 3404 1531 3449 et
1565 3402 1834 3451 cardinales
1869 3404 2025 3452 redie-

249 3490 357 3533 runt
381 3487 441 3533 ad
471 3503 582 3534 suas
604 3487 772 3534 domos
797 3505 805 3533 :
835 3485 1058 3542 Michacl,
1097 3485 1374 3533 substitutus
1397 3500 1549 3543 meus,
1590 3486 1797 3548 portavit
1836 3486 1882 3533 in
1920 3502 2026 3549 par—
