2228 3938
151 375 361 415 Avril1501]
589 372 757 410 RERUM
790 370 1093 408 URBANARUM
1127 370 1478 407 COMMENTARH.
1858 374 1924 410 125

152 478 263 543 gnia
283 477 450 525 militie
489 475 550 525 ad
580 474 770 524 laudem
803 472 1010 537 gloriose
1048 471 1233 535 Viginis
1263 472 1438 530 Marie;
1474 473 1521 520 in
1546 474 1652 538 ejus
1683 473 1921 522 honorem

152 561 253 624 ipsa
300 560 488 607 deferas
514 558 681 606 diebus
711 556 869 605 eidem
899 554 1084 619 Virgini
1114 554 1367 613 dedicatis,
1396 555 1446 602 in
1473 556 1667 605 nomine
1696 556 1848 605 Patris
1876 561 1924 604 et

153 642 256 690 Filii
282 646 328 690 et
353 641 555 706 Spiritus
576 638 744 688 sancti.
767 641 940 686 Amen.
972 657 994 680 »
1024 637 1207 685 Deinde
1231 640 1358 702 Papa
1372 639 1579 687 accessit
1598 640 1658 687 ad
1680 639 1849 699 altare,
1875 642 1924 687 et

153 725 454 773 ministrante
488 727 627 772 Rmo.
663 724 722 770 D.
750 720 981 770 cardinali
1018 720 1210 781 Ursino,
1246 721 1448 769 calicem
1477 738 1586 770 cum
1624 719 1930 770 sacramento

156 811 284 872 Papa
304 808 490 872 accepit
514 809 562 855 et
584 803 1008 870 processionaliter
1026 804 1231 868 portavit
1258 805 1318 852 ad
1341 821 1535 868 parvam
1564 806 1817 869 capellam,
1845 804 1926 853 ubi

153 891 283 938 idem
306 889 561 939 cardinalis
580 887 823 952 reaccepit
853 902 964 935 eum
990 887 1050 934 de
1078 887 1301 935 manibus
1333 890 1477 952 Pape,
1506 888 1739 952 imposuit
1762 904 1925 952 capse,

156 978 200 1021 et
219 989 276 1021 eo
301 988 388 1037 per
410 975 588 1036 Papam
612 971 880 1028 incensato,
905 969 1077 1018 clausit
1098 986 1294 1033 capsam
1316 975 1362 1019 et
1386 971 1568 1019 clavem
1594 971 1682 1019 sibi
1711 986 1929 1019 reserva-

154 1056 240 1105 vit.
269 1054 537 1105 Cardinalis
561 1053 726 1118 ipsein
745 1052 1059 1117 processione
1084 1052 1165 1101 ivit
1182 1053 1231 1100 in
1250 1053 1359 1101 loco
1382 1069 1486 1112 suo,
1515 1069 1651 1102 more
1674 1058 1927 1102 consueto.

156 1141 208 1186 ln
234 1138 404 1187 eadem
428 1138 611 1203 capella
636 1152 797 1201 parva,
827 1138 956 1200 Papa
985 1135 1205 1200 deposuit
1228 1136 1435 1200 pluviale
1464 1137 1628 1185 album
1662 1142 1709 1185 et
1744 1136 1933 1200 accepit

157 1222 358 1270 rubeum
394 1221 675 1286 pretiosum,
704 1224 750 1268 et
773 1218 1200 1284 processionaliter
1226 1222 1444 1283 portatus
1469 1224 1541 1268 est
1571 1221 1631 1268 ad
1657 1220 1821 1268 locum
1842 1236 1933 1283 pu-

156 1305 279 1354 blice
301 1304 672 1363 benedictionis,
700 1303 799 1362 ubi,
828 1303 956 1352 facta
988 1302 1078 1351 sibi
1110 1303 1376 1351 reverentia
1398 1309 1647 1363 consueta,
1685 1305 1740 1351 D.
1774 1302 1935 1351 Ludo-

155 1388 286 1437 vicus
318 1392 522 1438 Grossus
547 1387 664 1451 legit
694 1386 873 1435 bullam
899 1391 946 1436 et
976 1389 1143 1434 RmuS.
1178 1390 1235 1436 D.
1272 1387 1528 1435 cardinalis
1563 1387 1792 1446 Medices,
1832 1387 1939 1450 ejus

156 1471 628 1536 interpretationem;
660 1470 835 1518 deinde
869 1470 1002 1518 dedit
1022 1470 1211 1534 ‘populo
1247 1471 1638 1519 benedictionem
1670 1468 1937 1519 solemnem

158 1559 206 1603 et
250 1555 506 1619 plenarias
535 1552 878 1617 indulgentiaS‚
925 1569 1043 1616 quas.
1088 1553 1345 1616 publicavit
1381 1554 1639 1601 cardinalis
1679 1553 1936 1601 Cesarinus

156 1638 303 1686 latine
326 1641 375 1685 et
402 1637 613 1686 Medices
633 1636 814 1699 vulgari
840 1651 1089 1695 sermone;
1117 1637 1178 1683 ad
1198 1636 1478 1684 mandatum
1501 1640 1668 1684 Rmus.
1697 1639 1754 1684 D.
1784 1635 1940 1684 cardi-

159 1720 280 1768 nalis
301 1719 557 1768 Farnesius
577 1718 694 1766 dixit
715 1718 1036 1782 evangelium,
1061 1723 1108 1766 et
1132 1724 1328 1767 senator
1351 1720 1484 1767 dedit
1516 1735 1688 1782 aquam
1715 1718 1937 1767 manibus

161 1805 288 1866 Pape
310 1806 419 1867 post
439 1801 670 1850 lotionem
694 1801 889 1865 pedum.
918 1801 1023 1849 Alia
1043 1816 1180 1851 more
1202 1802 1362 1850 solitO.
1386 1805 1439 1850 In
1462 1802 1570 1851 sero
1598 1805 1729 1866 Papa
1747 1802 1798 1850 in
1820 1801 1936 1850 sede

162 1889 395 1949 portatus,
434 1885 483 1932 in
518 1900 687 1948 cappa,
728 1883 857 1932 venit
891 1884 953 1932 ad
987 1884 1221 1948 capellam
1258 1885 1514 1949 majorem,
1556 1886 1618 1933 ad
1655 1885 1934 1942 matutinas,

162 1967 285 2017 hora
306 1968 541 2032 vigesima
564 1967 735 2030 prima,
763 1966 812 2013 in
831 1966 1003 2030 quibus
1022 1968 1186 2015 omnia
1206 1972 1316 2017 acta
1334 1973 1444 2016 sunt
1469 1983 1606 2016 more
1632 1967 1791 2017 solito.

227 2051 365 2099 Feria
401 2054 536 2099 sexta
575 2050 899 2098 hebdomadis
933 2054 1114 2110 sancte,
1151 2054 1178 2098 9
1215 2051 1377 2114 aprilis
1410 2051 1630 2115 predicti,
1672 2053 1838 2099 Rmus.
1880 2054 1936 2099 D.

162 2134 418 2184 cardinalis
459 2133 658 2182 Ursinus
694 2132 883 2197 peregit
920 2133 1131 2182 officium
1164 2134 1214 2181 in
1254 2135 1441 2199 capella
1473 2135 1768 2199 supradicta,
1814 2137 1944 2199 Papa

161 2221 412 2283 presente;
438 2217 714 2281 passionem
739 2221 997 2265 cantarunt
1014 2217 1160 2266 iidem
1186 2221 1284 2266 tres
1309 2218 1357 2265 in
1372 2219 1673 2282 paramentis
1688 2218 1839 2282 nigris
1861 2217 1942 2281 qui

162 2300 212 2349 in
235 2300 311 2350 die
339 2301 611 2364 palmarum
643 2300 962 2348 decantarunt
995 2304 1044 2349 et
1075 2301 1124 2348 in
1158 2305 1346 2365 septem
1379 2301 1517 2362 lociS,
1554 2301 1704 2350 tribus
1741 2301 1939 2349 vicibus.

163 2386 450 2433 Sermonem
470 2383 584 2432 fecit
612 2387 777 2432 RmuS.
810 2386 869 2432 D.
904 2384 1196 2449 Stephanus,
1225 2385 1620 2449 archiepiscopus
1642 2386 1944 2434 Patracensis

163 2471 210 2515 et
228 2467 555 2526 Torcellanus,
584 2466 813 2514 assistens
836 2469 980 2531 Pape,
1013 2484 1125 2516 cum
1154 2468 1422 2531 ignominia
1446 2485 1547 2527 sua,
1577 2468 1690 2532 quia
1714 2485 1766 2517 se
1789 2468 1947 2533 perdi-

161 2549 246 2597 dit.
272 2552 439 2598 Rmus.
467 2551 525 2597 D.
556 2548 754 2597 Ursinus
773 2548 1028 2598 celebrans
1047 2550 1179 2599 venit
1202 2567 1314 2600 cum
1337 2551 1469 2615 Papa
1487 2552 1548 2600 ad
1567 2567 1767 2615 parvam
1788 2552 1946 2615 capel·

160 2633 277 2694 lam,
316 2638 364 2680 et
396 2631 478 2680 ivit
510 2631 641 2680 solus
676 2636 789 2694 post
830 2647 1000 2680 omnes
1035 2633 1308 2682 cardinales
1348 2638 1458 2682 ante
1490 2636 1688 2698 Papam,
1734 2634 1945 2697 demptis

163 2716 516 2775 assistentibus,
546 2715 625 2778 qui
652 2718 795 2763 erant
818 2715 933 2764 hinc
955 2720 1001 2763 et
1031 2716 1160 2777 inde,
1184 2718 1320 2781 juxta
1348 2719 1527 2781 Papam
1557 2718 1807 2781 portantes
1835 2718 1945 2765 fim-

163 2787 293 2849 brias
327 2799 548 2864 pluvialis
590 2801 735 2862 Papc.
776 2798 921 2847 Iden]—
947 2799 1146 2848 Ursinus
1180 2801 1229 2848 in
1262 2817 1411 2865 parva
1443 2800 1629 2865 capella
1659 2800 1946 2849 ministravit

165 2887 293 2948 Pape
315 2883 516 2932 calicem
540 2898 650 2930 cum
684 2887 988 2931 sacramento
1016 2889 1061 2931 et
1092 2884 1141 2930 in
1171 2884 1359 2948 majori,
1392 2885 1528 2948 juxta
1555 2884 1728 2943 altare,
1758 2884 1816 2933 de
1842 2885 1944 2948 ejus

164 2966 386 3015 manibus
415 2965 547 3014 illam
574 2965 785 3029 accepit;
823 2965 918 3013 alia
940 2982 1078 3014 more
1104 2967 1263 3015 solito.
1293 2967 1603 3016 Offertorium
1630 2967 1677 3015 in
1703 2971 1858 3016 totum
1886 2967 1946 3016 ad

163 3050 363 3098 ducatos
386 3048 580 3097 circiter
604 3048 912 3112 septuaginta
925 3054 1113 3113 septem
1136 3050 1185 3098 in
1202 3065 1338 3110 auro,
1363 3066 1569 3114 quorum
1585 3050 1781 3099 circiter
1800 3066 1947 3098 unum

162 3133 436 3181 habuerunt
459 3133 556 3180 duo
582 3131 745 3180 clerici
777 3134 1104 3196 campanarii;
1136 3134 1349 3197 quelibet
1374 3135 1524 3183 trium
1548 3135 1757 3199 partium
1785 3150 1954 3183 ascen-

169 3216 238 3264 dit
276 3216 337 3264 ad
371 3217 574 3264 ducatos
606 3215 956 3279 septemdecim
983 3217 1031 3264 in
1063 3234 1199 3279 auro,
1233 3218 1360 3266 inter
1386 3218 1547 3282 largos
1575 3222 1625 3267 et
1650 3219 1710 3265 de
1737 3233 1946 3276 camera,

167 3301 217 3346 et
241 3298 460 3348 carlenos
483 3299 749 3362 sexaginta,
769 3304 815 3347 ct
831 3300 952 3348 duos
974 3316 1170 3364 grossos
1192 3301 1498 3361 florentinos,
1528 3302 1588 3349 de
1615 3301 1787 3364 quibus
1802 3300 1946 3347 habui

167 3379 216 3427 iu
238 3395 398 3428 meam
420 3384 609 3445 partem
629 3381 832 3430 ducatos
853 3381 901 3429 in
926 3399 1042 3432 auro
1066 3399 1239 3434 novem
1261 3387 1310 3432 et
1327 3384 1546 3433 carlenos
1571 3381 1794 3446 triginta,
1810 3382 1944 3429 baio-

167 3478 250 3512 cos
275 3463 500 3526 quinque.
523 3466 575 3511 In
596 3480 723 3523 sero,
748 3467 877 3529 Papa
893 3483 990 3515 non
1011 3468 1138 3516 venit
1159 3468 1219 3516 ad
1243 3467 1520 3515 matutinas.
1543 3469 1709 3514 Rmus.
1728 3463 1946 3513 cardina-
