2228 3938
299 338 345 374 78
866 342 1099 380 JOHANNIS
1134 342 1429 390 BURCHARDI‚
1709 347 1930 389 [Septembre
1953 351 2044 393 1503]

275 442 601 491 Alexandrino
636 444 766 506 quod
797 445 941 494 vellet
975 446 1093 494 dare
1123 447 1426 496 conclavistis
1450 447 1658 509 majores
1690 449 1873 511 gratias
1901 465 2044 511 quam
2097 442 2098 445 Ἴ

273 529 610 573 antecessores
643 527 730 585 sui,
763 527 848 574 sed
870 528 1124 587 honestas,
1159 534 1205 578 et
1238 530 1368 592 quod
1395 529 1581 576 audiret
1614 529 2042 593 interrogationem

272 623 439 655 eorum
462 613 509 655 et
527 609 753 657 referret.
780 613 880 673 Ego
896 613 1014 674 petii
1038 617 1147 660 ante
1164 613 1291 660 diem
1308 613 1625 671 datariatum;
1650 629 1775 676 papa
1795 615 2043 676 respondit

267 690 387 738 velle
410 691 621 754 cogitare
646 693 773 755 quod
799 693 886 741 sibi
919 694 1193 742 faciendum
1227 700 1345 743 erat.
1388 695 1661 742 Presentavi
1686 695 1899 742 tabulam
1930 699 2040 744 ante

268 789 379 821 eum
397 777 445 821 et
467 775 750 838 subscripsit
766 777 974 840 capitula
991 784 1133 840 prout
1150 779 1197 825 in
1215 779 1307 825 illis
1325 779 1548 835 habetur,
1573 780 1620 824 et
1635 778 1836 840 signavit
1851 781 2039 825 tantum
2059 778 2061 780 ’

267 857 549 904 mandatum
585 858 702 905 socii
736 860 831 906 mei
866 855 1168 908 remissionis
1206 861 1455 925 cujusdam
1494 864 1697 908 annate:
1733 861 1853 907 mihi
1886 861 2039 909 noluit

265 940 443 1002 aliquid
468 941 660 1004 signare
689 943 773 989 sed
801 959 949 990 unum
973 944 1202 991 cardinali
1228 947 1567 991 Beneventano
1601 947 1648 990 et
1678 959 1824 990 unum
1846 944 1921 991 vel
1943 945 2038 992 duo

264 1022 371 1069 aliis
394 1026 599 1070 tantum.
626 1024 732 1071 Fuit
761 1029 976 1087 portatus
1003 1027 1063 1073 ad
1087 1042 1280 1089 parvam
1316 1026 1586 1073 sacristiam
1609 1030 1657 1072 et.
1689 1025 1926 1088 spoliatus
1959 1042 2035 1073 ro-

263 1105 425 1152 chetto
464 1122 626 1168 quem,
661 1121 738 1153 me
779 1123 876 1155 non
914 1110 1212 1167 advertente,
1254 1109 1442 1171 recepit
1482 1108 1735 1171 episcopus
1765 1111 2031 1167 Massanus,

262 1189 483 1246 sacrista,
511 1192 575 1247 et,
599 1188 826 1251 imposita
850 1191 939 1237 sibi
967 1195 1094 1238 veste
1117 1192 1174 1238 de
1199 1191 1361 1255 sargia
1384 1191 1508 1243 alba,
1531 1206 1628 1237 non
1649 1190 1848 1238 mutavit
1868 1190 2037 1252 diploi-

261 1270 372 1318 dem
399 1276 446 1318 et
476 1271 672 1333 caligaS,
706 1272 800 1319 alia
830 1289 968 1321 more
995 1275 1162 1331 solito;
1193 1280 1240 1321 et
1267 1273 1429 1321 statim
1457 1273 1708 1335 posuimus
1743 1288 1855 1320 eum
1891 1289 2036 1336 super

259 1353 409 1401 altare
434 1354 515 1402 ubi
539 1355 625 1402 fuit
648 1357 849 1404 vestitus
877 1359 1027 1405 sacris
1048 1358 1276 1405 vestibuS.

322 1438 516 1484 Interea
543 1438 799 1486 cardinalis
831 1456 868 1486 s.
926 1441 1139 1503 Georgii,
1176 1441 1394 1503 exposita
1419 1454 1505 1502 per
1531 1439 1739 1501 primam
1768 1439 2031 1487 fenestram

259 1533 422 1577 cruce,
450 1519 758 1568 exclamavit:
778 1522 1038 1569 Annuncz'o
1057 1523 1181 1570 vobis
1205 1522 1452 1585 wadium,
1478 1529 1589 1579 etc.;
1616 1524 1664 1569 et
1684 1521 1771 1569 fuit
1791 1522 2030 1568 maximus

258 1601 444 1650 clamor
476 1605 524 1650 et
554 1604 766 1651 maxima
796 1604 946 1652 letitia
971 1606 1020 1652 in
1042 1605 1251 1668 populo:
1282 1605 1407 1651 facta
1439 1603 1530 1650 fuit
1562 1604 1827 1650 reverentia
1852 1606 1979 1666 Pape
2005 1620 2033 1651 a

257 1686 599 1744 cardinalibus,
630 1672 803 1734 deinde
827 1694 1045 1751 portatus
1080 1690 1139 1736 ad
1170 1690 1442 1735 s..Petrum
1477 1701 1573 1733 non
1600 1686 1756 1748 potuit
1785 1686 2032 1749 genuflec—

257 1771 378 1827 tere,
418 1771 502 1817 sed
538 1771 587 1818 in
624 1771 737 1817 sede
772 1771 1010 1831 adoravit,
1050 1772 1224 1820 deinde
1259 1770 1443 1834 positus
1474 1784 1617 1832 super
1645 1769 1814 1827 altare,
1851 1769 2030 1831 incepit

261 1850 324 1897 Te
346 1852 523 1899 Deum.
554 1854 705 1902 Dictis
734 1855 1033 1902 orationibus
1067 1860 1112 1903 et
1133 1853 1385 1902 versiculis
1408 1867 1462 1899 ac
1485 1846 1703 1899 oratione
1725 1866 1812 1914 per
1839 1853 2029 1913 Neapo-

259 1934 478 1994 litanum,
507 1938 649 1985 rediit
676 1941 804 2002 Papa
826 1939 886 1986 ad
908 1939 1159 2001 palatium;
1186 1938 1297 1985 data
1321 1952 1408 2000 per
1430 1952 1528 1994 me,
1558 1935 1697 2000 jussu
1732 1950 1836 1994 suo,
1874 1934 2031 1982 cardi—

257 2018 444 2065 nalibus
469 2020 517 2066 in
540 2022 729 2083 porticu
762 2022 974 2069 licentia.
1005 2024 1056 2067 ln
1077 2021 1256 2084 palatio
1285 2024 1587 2075 manserunt,
1624 2017 1751 2064 ultra
1783 2017 1864 2079 qui
1893 2017 2027 2080 prius

258 2100 468 2160 fuerunt,
486 2104 906 2168 Rothomagensis,
930 2121 967 2151 s.
992 2104 1224 2161 Severini,
1249 2100 1676 2150 vicecancellarius
1692 2100 2024 2162 etAragouia,

257 2197 426 2231 omnes
451 2187 671 2249 superius
698 2187 779 2234 ubi
804 2188 898 2235 dux
925 2186 1241 2251 [Valentinus]
1269 2184 1518 2233 consuevit
1548 2198 1678 2240 esse;
1705 2186 1753 2230 et
1777 2185 1908 2243 Papa
1934 2197 2026 2229 non

255 2266 434 2314 invenit
459 2285 603 2316 unam
625 2270 851 2318 lecticam
879 2271 953 2318 vel
982 2270 1211 2327 tabulam,
1243 2269 1315 2315 vel
1340 2268 1544 2330 aliquid;
1574 2269 1867 2330 quapropter
1893 2281 2029 2312 acce-

256 2349 325 2411 pit
351 2365 378 2397 a
398 2352 698 2400 conclavistis
723 2359 891 2401 mutuo
912 2354 1094 2401 lectum
1115 2368 1255 2400 suum
1280 2366 1422 2414 quem
1448 2350 1562 2397 fecit
1587 2354 1778 2412 portare
1801 2349 1851 2395 in
1873 2364 2030 2396 came-

255 2448 361 2479 ram
388 2449 539 2492 suam,
572 2441 618 2483 et
651 2437 819 2484 habuit
855 2437 1020 2484 omnia
1043 2437 1165 2484 bona
1194 2452 1280 2483 sua
1305 2451 1362 2482 ex
1395 2432 1626 2491 conclavi,
1663 2436 1712 2479 et
1737 2447 1765 2479 a
1790 2432 2028 2494 deputatis

256 2515 655 2564 conclavistarum
693 2519 774 2581 qui
811 2535 868 2567 ea
903 2518 1213 2567 confiderunt
1249 2520 1304 2564 D.
1339 2517 1537 2573 Jacobo,
1586 2514 1719 2562 fratri
1760 2517 1903 2577 Pape,
1949 2514 2027 2576 qui

255 2599 481 2660 promisit
502 2601 572 2647 eis
594 2601 874 2649 satisfacere
897 2607 943 2650 et
968 2602 1142 2649 deinde
1175 2600 1346 2648 obtulit
1381 2615 1430 2646 se
1455 2599 1681 2646 daturum
1707 2597 1775 2644 eis
1808 2612 1898 2659 pro
1923 2612 2028 2644 om-

254 2680 395 2727 nibus
411 2681 610 2729 ducatos
628 2684 863 2731 ducentos
877 2683 1041 2746 largos
1057 2699 1178 2746 quos
1198 2681 1486 2729 conclaviste
1508 2679 1767 2727 noluerunt
1788 2678 2024 2741 accipere.

319 2764 406 2810 Die
429 2764 630 2823 sabbati,
662 2765 721 2812 23
744 2766 1051 2829 septembris,
1081 2767 1163 2814 SS.
1191 2768 1246 2812 D.
1270 2769 1435 2812 noster
1456 2762 1578 2810 sedit
1598 2762 1648 2808 in
1669 2760 1815 2808 tertia
1836 2775 2030 2808 camera

253 2851 360 2907 post
385 2846 543 2894 aulam
565 2849 807 2910 pontificis
829 2854 875 2896 et
896 2849 1027 2896 dedit
1048 2848 1292 2911 publicam
1313 2846 1607 2894 audientiam
1631 2843 1956 2891 cardinalibus
1982 2846 2029 2889 et

253 2928 428 2975 ceteris
454 2930 678 2977 omnibus
698 2931 779 2993 qui
802 2946 978 2995 magno
1000 2918 1211 2978 t⁰umultu
1233 2929 1412 2977 ibidem
1432 2928 1649 2984 fuer-unm
1672 2931 1719 2974 et
1738 2923 2026 2972 intromitte-

245 3010 426 3077 bantur
440 3027 625 3060 omnes.
653 3014 908 3076 Deputavit
928 3013 1163 3060 datarium
1183 3011 1497 3060 Octavianum
1519 3007 1807 3071 Capoccium
1830 3009 1878 3053 et
1896 3005 2026 3054 dedit
2056 3023 2067 3032 ·

253 3093 342 3140 sibi
364 3094 625 3145 familiares
652 3095 761 3142 illos
788 3097 909 3143 duos
934 3096 1014 3158 qui
1040 3096 1232 3142 fuerunt
1257 3109 1366 3141 cum
1389 3091 1492 3140 aliis
1516 3091 1728 3138 datariis.

252 3215 354 3241 esser
371 3204 542 3242 onorifico
564 3210 599 3242 et
617 3207 704 3242 utile
725 3218 791 3254 per
810 3205 845 3242 la
864 3206 995 3243 Chiesa
1016 3207 1059 3242 de
1081 3206 1148 3242 Dio
1166 3217 1185 3241 e
1205 3205 1249 3240 de
1268 3208 1361 3240 tutta
1384 3203 1415 3239 la
1434 3201 1619 3249 republica
1635 3200 1808 3237 cristiana
1827 3205 1863 3237 et
1881 3200 2026 3238 affezio-

252 3267 337 3314 nato
357 3263 395 3299 in
422 3265 635 3313 particolare
655 3266 727 3302 alla
754 3265 1004 3302 Illustrissima
1028 3264 1201 3313 Signoria
1226 3263 1381 3307 Vo'stm3
1404 3273 1422 3297 e
1443 3267 1521 3297 cust
1541 3272 1655 3309 prego
1676 3259 1946 3307 l'Onnipotente
1962 3259 2028 3297 Dio

251 3322 318 3358 che
351 3323 421 3359 sia.
449 3338 466 3356 n
491 3323 723 3366 Giustiniani‚
747 3336 782 3372 p.
817 3325 901 3363 199.
925 3324 1024 3372 Voy.
1062 3324 1114 3360 les
1133 3324 1214 3371 dep.
1236 3322 1344 3367 suiv.,
1364 3325 1400 3357 et
1426 3320 1458 3356 la
1478 3320 1581 3357 lettre
1606 3320 1650 3356 de
1669 3319 1878 3357 felicitation
1904 3331 1975 3369 que
1994 3318 2026 3356 le

253 3383 399 3427 general
421 3383 485 3419 des
508 3372 750 3428 Camaldules‚
773 3383 888 3420 Pietro
909 3382 1054 3426 Delfini,
1078 3383 1227 3419 adressa
1247 3393 1291 3418 au
1313 3379 1472 3417 cardinal
1487 3380 1533 3416 de
1550 3378 1700 3422 Simiae,
1722 3381 1743 3415 a
1764 3379 1960 3416 l'occasion
1980 3379 2024 3415 de

253 3450 319 3474 son
341 3439 491 3490 electior]
513 3444 534 3478 a
554 3442 589 3479 la
607 3445 778 3491 papante,
801 3444 893 3479 dans
917 3441 1099 3488 Rainaldi,
1122 3446 1148 3479 t.
1172 3441 1288 3483 XXX,
1305 3453 1341 3488 p.
1364 3440 1445 3476 392.
