2202 3918
118 393 287 436 [Octobre
309 393 401 434 1504]
572 391 740 428 RERUM
774 387 1075 428 URBANARUM
1107 386 1456 424 COMMENTARII.
1832 387 1903 426 365

122 497 255 558 Pape
283 494 542 543 astiterunt
575 492 906 541 Salernitanus
939 488 1211 553 presbyter,
1260 487 1490 548 MediceS,
1536 487 1900 551 Agrigentinus,

122 578 486 638 volaterranus,
513 576 572 624 de
592 576 764 624 Flisco.
790 573 924 622 Paris
945 588 1057 621 cum
1079 574 1425 630 reverteretur,
1464 570 1592 619 dicto
1633 571 1901 635 evangelio,

124 661 294 709 evertit
315 661 479 725 ignem
501 675 560 708 ex
590 658 821 707 turibulo.
848 656 1005 704 Finita
1033 655 1198 714 missa,
1223 655 1448 719 regiones
1474 669 1584 701 cum
1603 653 1702 701 suis
1726 653 1908 701 fistula—

126 744 310 791 toribus
332 742 716 807 pertransierunt
744 743 856 789 ante
884 743 1082 804 Papam,
1110 753 1250 787 more
1277 738 1419 786 solito
1445 753 1457 784 ι
1482 752 1577 800 quo
1605 736 1751 797 facto,
1779 739 1910 799 Papa

129 827 381 875 descendit
405 826 464 874 de
509 825 628 874 solio
663 829 709 872 et
751 828 862 872 ante
896 823 1159 886 imaginem
1196 821 1457 870 Salvatoris
1493 825 1542 868 et
1577 820 1717 868 beate
1759 819 1910 867 Marie

125 909 322 974 virginis
344 909 524 958 ibidem
544 908 754 973 positam
797 906 1016 956 ascendit
1056 906 1220 954 sedem
1252 905 1443 953 solitam
1476 903 1527 950 in
1559 919 1655 966 qua
1688 906 1910 967 portatus

126 993 216 1041 fuit
237 993 298 1041 ad
319 1011 358 1042 s.
389 993 674 1052 Praxedem,
701 991 783 1040 ubi
805 991 919 1040 fecit
948 989 1209 1054 prandium
1234 1004 1243 1036 :
1282 1003 1377 1052 quo
1402 988 1547 1047 facto,
1592 987 1824 1050 equitavit
1850 986 1910 1034 ad

125 1077 350 1140 Cryptam
375 1078 644 1134 Ferratam,
673 1079 720 1124 et
743 1090 855 1122 cum
876 1089 934 1123 eo
951 1072 1208 1121 cardinalis
1234 1088 1273 1119 s.
1299 1070 1514 1134 Georgii.

191 1160 376 1219 Martis,
410 1163 468 1208 10
493 1158 799 1223 septembris,
826 1158 872 1205 in
894 1158 1039 1205 domo
1058 1157 1185 1204 bone
1206 1155 1442 1203 memorie
1465 1154 1719 1202 cardinalis
1741 1153 1911 1217 Legio—

126 1243 290 1291 nensis
311 1242 391 1306 qui
411 1242 517 1291 heri
539 1242 668 1290 diem
691 1241 786 1290 vite
808 1240 981 1289 clausit
1002 1243 1274 1288 extremum
1290 1238 1354 1304 (et
1374 1238 1653 1302 requiescat
1672 1238 1722 1285 in
1753 1236 1907 1301 pace),

126 1328 316 1374 cantate
352 1325 550 1374 fuerunt
584 1324 744 1389 vigilie
782 1327 1085 1372 mortuorum
1123 1339 1211 1387 per
1246 1327 1528 1380 conventus,
1562 1336 1697 1369 more
1741 1320 1907 1377 solito;

125 1407 298 1471 quibus
319 1407 644 1456 interfuerunt
665 1423 750 1455 sex
775 1406 1062 1466 cardinales,
1088 1405 1311 1454 videlicet
1339 1421 1350 1452 z
1378 1404 1748 1462 Alexandrinus,
1777 1402 1911 1466 Agri-

124 1491 368 1554 gentinus,
395 1490 663 1554 Regiensis,
690 1490 1038 1549 Salernitanus,
1058 1489 1125 1537 -de
1146 1489 1321 1549 Flisco,
1362 1492 1411 1536 et
1448 1487 1685 1535 Elnensis.
1727 1484 1908 1534 Prelati

126 1574 307 1637 pala-tii,
349 1578 549 1638 propter
587 1574 860 1621 absentiam
898 1575 1043 1636 Pape,
1082 1587 1181 1620 non
1221 1571 1563 1620 interfuerunt.
1606 1570 1703 1618 Illis
1738 1568 1906 1626 finitis,

125 1657 335 1705 cadaver
360 1661 612 1720 portatum
634 1657 725 1704 fuit
746 1657 806 1704 ad
831 1655 1092 1703 ecclesiam
1115 1671 1152 1702 s.
1180 1654 1437 1703 Salvatoris
1461 1654 1520 1702 de
1535 1657 1709 1702 LaurO.

190 1739 418 1799 Sabbato,
447 1743 507 1787 28
525 1739 835 1803 septembris,
860 1738 1103 1787 celebrate
1122 1737 1317 1786 fuerunt
1341 1737 1544 1800 exequie
1569 1737 1695 1785 bone
1718 1748 1907 1784 memo-

123 1822 193 1870 rie
217 1823 478 1871 cardinalis
504 1823 822 1887 Legionensis
855 1822 904 1869 in
928 1821 1133 1870 ecclesia
1158 1838 1196 1868 S.
1224 1820 1482 1869 Salvatoris
1507 1820 1566 1868 de
1582 1823 1757 1868 Lauro.
1790 1819 1906 1867 Mis-

123 1922 225 1954 sam
258 1906 522 1954 celebravit
554 1905 810 1955 cardinalis
838 1905 1128 1954 Cusentinus
1160 1904 1237 1952 cui
1270 1905 1598 1952 interfuerunt
1618 1902 1904 1951 Alexandri—

120 2005 228 2048 nus,
264 2006 305 2037 S.
331 1989 523 2049 Crucis,
549 1988 914 2053 Agrigentinus,
945 1987 1216 2051 Regiensis,
1248 1986 1595 2046 Salernitanus,
1633 1985 1691 2034 de
1722 1985 1897 2045 Flisco,

119 2072 373 2133 Adrianus,
400 2072 631 2133 Medices,
665 2072 922 2120 Elnensis:
962 2071 1237 2120 orationem
1275 2070 1387 2119 fecit
1417 2070 1614 2133 quidam
1647 2069 1900 2117 familiaris

120 2156 430 2215 Salernitani3
455 2156 763 2205 absolverunt
784 2155 1144 2220 AgrigentinuS‚
1170 2153 1423 2218 Regiensis
1450 2157 1497 2201 et
1517 2153 1576 2202 de
1597 2153 1770 2202 Flisco.
1794 2152 1901 2201 Alia

119 2255 255 2289 more
277 2239 435 2288 solito,

183 2323 271 2371 Die
296 2322 557 2383 dominica,
586 2326 645 2372 29
682 2323 990 2387 septembriS,
1019 2324 1102 2372 SS.
1145 2326 1199 2370 D.
1237 2326 1404 2370 noster
1441 2320 1521 2384 qui
1566 2321 1643 2369 die
1686 2323 1714 2367 8
1754 2319 1898 2384 hujus

118 2407 347 2469 equitavit
367 2409 590 2470 Cryptam
612 2409 858 2455 Fet-ratam
877 2406 990 2454 inde
1013 2407 1075 2454 ad
1102 2408 1386 2454 Frascatum
1412 2409 1459 2452 et
1486 2404 1579 2452 alia
1600 2404 1710 2452 loca
1734 2407 1781 2451 et
1809 2405 1897 2451 Os-

117 2489 250 2547 tiam,
284 2504 508 2536 reversus
529 2493 602 2537 est
625 2489 686 2537 ad
710 2490 904 2549 Urbem,
935 2489 1117 2553 absque
1143 2505 1201 2537 eo
1226 2488 1357 2552 quod
1376 2487 1547 2551 aliquis
1572 2485 1896 2536 cardinalium

117 2572 192 2620 vel
214 2571 418 2620 aliorum
443 2571 532 2618 sibi
558 2571 745 2620 obviam
767 2572 875 2620 iret.
1493 2554 1498 2558 ’

182 2655 423 2714 Mercurii,
451 2658 479 2702 2
505 2654 736 2714 octobris,
767 2655 858 2702 fuit
881 2654 1225 2703 consistorium
1256 2657 1500 2702 secretum
1526 2654 1577 2701 in
1604 2670 1700 2716 quo
1722 2653 1895 2701 Alber-

122 2739 250 2787 tinus
275 2738 334 2786 de
356 2741 516 2787 Ruere
538 2738 694 2786 factus
716 2742 789 2787 est
813 2744 1070 2803 preceptor
1093 2737 1345 2802 hospitalis
1373 2754 1411 2784 s.
1439 2737 1645 2800 Spiritus
1680 2737 1730 2783 in
1754 2735 1897 2783 Saxia

121 2823 181 2870 dc
204 2821 329 2870 Urbe
352 2837 442 2886 per
465 2822 654 2870 obitum
677 2822 922 2885 quondam
942 2822 1180 2870 Gabrielis
1202 2822 1261 2869 de
1287 2820 1446 2870 Saona
1466 2820 1547 2883 qui
1578 2819 1811 2868 successit
1834 2821 1891 2866 D.

124 2905 384 2955 Benedicto
399 2905 460 2953 de
482 2905 639 2965 SeniS,
664 2905 900 2954 moderno
925 2905 1087 2954 abbati
1109 2921 1148 2953 S.
1175 2905 1412 2969 Gregorii,
1442 2906 1489 2952 et
1514 2918 1685 2967 nuper,
1717 2902 1765 2950 in
1799 2901 1896 2949 fine

123 2989 429 3054 septembriS,
455 2989 572 3038 obiit
591 2989 639 3037 in
661 2989 858 3038 castello
882 2989 1141 3053 Nepesino.

188 3074 365 3121 Eadem
390 3073 485 3132 die,
512 3075 595 3122 SS.
624 3076 682 3121 D.
706 3076 874 3121 noster
894 3073 1062 3120 incidit
1084 3073 1133 3120 in
1157 3073 1411 3121 tertianam
1438 3070 1614 3119 febrim
1640 3084 1732 3133 que
1758 3068 1900 3116 dura-

122 3155 186 3204 vit
211 3156 439 3204 continua
459 3157 519 3205 ad
542 3157 670 3205 diem
693 3156 879 3205 sabbati
902 3161 927 3205 5
955 3156 1184 3215 octobris,
1211 3172 1305 3220 qua
1324 3155 1541 3204 recessit.

190 3239 275 3287 Die
304 3239 443 3302 jovis,
483 3243 508 3288 3
548 3241 776 3301 octobris,
805 3241 1101 3289 intraverunt
1142 3240 1323 3287 Urbem
1354 3243 1452 3287 tres
1485 3239 1700 3286 oratores
1737 3236 1898 3300 magni

124 3322 345 3386 magistri
363 3322 517 3371 Rhodi
539 3328 587 3372 et
611 3340 721 3372 cum
744 3324 812 3371 eis
835 3324 1117 3387 Janiquinus
1137 3323 1186 3371 in
1208 3323 1334 3371 Urbe
1357 3322 1586 3380 existenS,
1603 3321 1662 3367 ad
1682 3324 1900 3383 prestan-

126 3407 237 3455 dam
256 3405 604 3468 obedientiam;
635 3408 716 3471 qui
749 3408 934 3471 recepti
960 3408 1268 3471 fuerunt-per
1288 3406 1519 3455 familiam
1551 3407 1680 3467 Pape
1702 3408 1765 3470 ,et
1796 3420 1900 3452 om-

126 3486 279 3549 nium,
306 3504 361 3538 ac
385 3487 532 3550 male,
562 3490 728 3541 nescio
749 3490 810 3539 ad
834 3491 974 3555 cujus
997 3489 1368 3539 ordinationem.
