2254 3944
162 366 273 418 [Avril
296 366 393 405 1500]
606 363 776 401 RERUM
810 361 1112 399 URBANARUM
1145 361 1501 400 COMMENTARII.
1904 366 1949 401 :⁷3

163 470 320 515 vestes
342 467 402 514 de
425 467 628 514 brocato
651 468 889 513 etnovum
912 463 1138 510 vexillum
1160 463 1279 511 velle
1304 464 1508 523 donare,
1530 465 1568 511 si
1593 465 1946 528 acquiesceret.

163 551 456 614 Burgundus
491 548 752 597 recusavit.
797 546 1028 594 Habitum
1071 549 1145 594 est
1177 547 1328 610 igitur
1358 547 1486 595 inter
1523 565 1606 596 eos
1644 548 1860 596 duellum
1903 549 1950 596 in

162 635 432 693 Testaecio,
474 634 514 681 si
551 635 685 680 recte
723 630 943 689 memini,
983 630 1061 678 die
1087 630 1212 694 jovis
1241 635 1268 679 9
1295 631 1462 695 aprilis
1488 632 1714 696 predicti,
1758 636 1805 680 et
1840 632 1952 680 vicit.

165 718 475 782 BurgunduS.
505 719 599 764 Pro
626 715 766 779 cujus
790 715 996 772 honore,
1017 714 1327 778 principissa,
1357 732 1479 762 uxor
1506 718 1561 763 D.
1589 715 1843 774 Johannis,
1866 716 1951 762 filii

166 803 311 865 Pape,
342 799 574 865 principis
613 797 860 861 Squillaci,
889 797 1079 845 vestivit
1109 798 1369 845 duodecim
1394 797 1663 846 'scutiferos
1695 815 1808 846 suos
1839 815 1952 847 cum

163 901 310 933 cruce
337 884 490 932 sancti
513 882 723 930 Andree.
749 881 1048 928 Asserebant
1063 881 1238 928 ducem
1254 882 1568 930 Valentinum
1592 882 1771 929 dixisse
1791 882 1952 945 potius

163 968 371 1017 voluisse
426 967 635 1031 perdere
687 965 854 1029 viginti
903 964 1053 1012 millia
1100 965 1393 1012 ducatorum
1439 981 1584 1028 quam
1632 965 1951 1014 succumbere

161 1051 365 1100 Gallum.

228 1135 453 1194 VeneriS,
494 1139 551 1183 10
585 1134 805 1199 ejusdem
837 1134 1019 1181 mensis
1056 1133 1243 1197 aprilis,
1288 1134 1511 1197 suspensi
1548 1134 1748 1182 fuerunt
1779 1135 1874 1182 duo
1904 1134 1953 1181 in

163 1220 379 1268 fenestra
404 1219 541 1267 curie
567 1218 840 1267 Sabelliane
866 1222 913 1266 et
938 1221 1148 1281 quatuor
1173 1217 1221 1264 in
1248 1217 1423 1264 meniis
1448 1217 1600 1265 turris
1623 1217 1820 1266 Soldani
1847 1234 1955 1281 pre-

163 1303 316 1352 dones
342 1306 389 1351 et
421 1301 714 1366 spoliatores
739 1301 1135 1365 peregrinorum,
1166 1300 1466 1349 abscissores
1489 1301 1770 1360 bursarum,
1803 1305 1850 1349 et
1875 1301 1954 1349 alii

162 1377 529 1445 malefactores]
559 1401 767 1449 quorum
802 1402 927 1435 unus
960 1387 1068 1432 erat
1096 1386 1303 1444 Guasco,
1334 1386 1431 1433 duo
1456 1385 1654 1433 veltres
1683 1385 1838 1443 Corsi,
1874 1385 1953 1432 alii

163 1470 331 1519 nescio
359 1469 504 1518 unde.

241 1553 472 1612 Sabbato,
508 1557 559 1601 11
590 1553 707 1601 dicti
733 1553 914 1601 mensis
940 1554 1124 1617 aprilis,
1157 1557 1328 1601 Petrus
1361 1553 1596 1610 Palutius‚
1633 1552 1749 1599 civis
1776 1555 1954 1598 Roma-

166 1654 274 1695 nus,
305 1637 386 1700 qui
419 1653 578 1700 nuper
605 1636 654 1683 in
679 1639 843 1684 Monte
867 1637 1082 1683 Jordano
1110 1652 1138 1683 a
1159 1636 1367 1699 Virgilio
1395 1638 1442 1682 et
1469 1635 1602 1682 Livio
1634 1634 1870 1682 fratribus
1893 1634 1952 1681 de

169 1720 364 1768 Bubalis
403 1720 618 1783 graviter
655 1719 914 1783 injuriatus
951 1719 1110 1767 suerat
1148 1722 1196 1766 et
1230 1718 1514 1766 vulneratus
1550 1734 1635 1765 seu
1670 1733 1948 1782 percussus,

168 1804 443 1868 intelligens
475 1803 723 1867 predictos
751 1802 1011 1866 Virgilium
1043 1806 1091 1850 et
1122 1802 1325 1861 Livium,
1368 1818 1424 1851 ac
1455 1801 1749 1865 Gregorium
1781 1817 1952 1849 eorum

168 1891 417 1952 patruum,
461 1903 567 1934 esse
599 1887 648 1933 in
681 1887 826 1934 domo
864 1886 1207 1934 Mancinorum
1236 1886 1286 1932 in
1316 1886 1478 1949 platea
1508 1903 1546 1933 s.
1580 1885 1751 1943 Marie,
1780 1885 1830 1932 in
1863 1885 1955 1934 Via

167 1974 301 2029 Lata,
345 1970 584 2019 invocavit
618 1969 852 2018 auxilium
883 1973 931 2017 et
963 1970 1308 2018 auctoritatem
1345 1970 1471 2017 Rmi.
1515 1972 1572 2017 D.
1608 1968 1953 2033 gubernatoris

168 2054 325 2113 Urbis,
345 2055 426 2118 qui
453 2070 566 2103 cum
588 2053 826 2118 barigello
853 2057 901 2101 et
922 2069 1101 2118 magna
1121 2057 1266 2117 gente
1291 2053 1727 2101 circumdederunt
1750 2053 1952 2099 domum

166 2138 459 2202 predictam,
493 2154 639 2201 quam
670 2137 877 2185 viriliter
903 2138 1048 2186 exivit
1078 2137 1240 2185 Livius
1270 2154 1382 2185 cum
1409 2137 1558 2186 certis
1591 2136 1690 2184 suis
1721 2139 1769 2184 et
1792 2136 1879 2183 fuit
1904 2135 1952 2182 in

166 2222 327 2285 platea
352 2223 585 2270 adstatim
615 2221 904 2270 interfectus
929 2238 987 2269 ex
1015 2221 1298 2269 vulneribus
1331 2221 1423 2268 sibi
1456 2221 1606 2280 datis;
1640 2219 1874 2283 Virgilius
1906 2223 1953 2266 et

164 2305 430 2369 Gregorius
455 2305 653 2353 suerunt
679 2306 809 2369 capti
830 2321 840 2363 3
870 2308 918 2353 et
939 2305 1175 2369 Virgilius
1198 2305 1377 2369 ligatus
1401 2308 1448 2352 et
1474 2305 1649 2352 ductus
1674 2304 1735 2351 ad
1761 2304 1952 2366 Capito-

164 2388 283 2436 lium
313 2393 361 2438 et
393 2389 476 2448 ibi,
511 2392 623 2438 ante
654 2389 929 2447 introitum,
966 2405 1115 2453 super
1141 2388 1285 2437 scalis
1317 2388 1559 2452 Capitolii,
1590 2388 1693 2435 sine
1725 2395 1944 2439 manara,

165 2473 250 2520 sed
275 2489 386 2520 cum
411 2472 684 2521 scimItarra
707 2460 805 2520 sive
830 2473 923 2521 alio
942 2472 1286 2533 instrumento,
1309 2472 1485 2520 ictibus
1508 2471 1598 2519 sibi
1623 2471 1766 2530 datis,
1792 2470 1949 2534 capite

168 2559 438 2604 truncatus.
486 2555 752 2619 Gregorius
796 2555 887 2603 fuit
934 2555 1247 2619 consignatus
1294 2558 1437 2603 Petro
1483 2555 1670 2621 P-alutio
1714 2554 1795 2617 qui
1839 2570 1950 2601 eum

167 2639 303 2687 duxit
328 2640 389 2687 ad
420 2640 622 2686 domum
649 2654 802 2697 suam,
831 2641 879 2686 et
902 2638 1015 2686 inde
1048 2639 1180 2686 misit
1205 2654 1318 2686 eum
1350 2638 1594 2686 Marinum
1628 2641 1841 2701 captum,
1871 2636 1951 2684 ubi

168 2739 254 2786 per
289 2722 473 2786 aliquot
511 2722 614 2770 dies
645 2721 839 2770 mansit.
873 2722 1090 2770 Tandem
1123 2724 1206 2770 SS.
1239 2724 1296 2769 D.
1332 2724 1498 2769 noster
1530 2721 1727 2784 scripsit
1757 2735 1847 2784 pro
1872 2735 1947 2773 eo,

168 2807 229 2855 ad
250 2807 387 2872 cujus
410 2805 815 2870 complacentiam
835 2805 924 2854 suit
944 2806 1183 2854 liberatus
1202 2809 1250 2853 et
1271 2809 1473 2854 Romam
1498 2806 1675 2853 missus
1699 2807 1788 2862 est,
1807 2803 1952 2852 liber-

168 2890 254 2939 tati
284 2907 369 2939 sue
392 2890 666 2938 restitutus,

233 2975 320 3023 Die
347 2973 592 3022 dominica
617 2974 914 3038 palmarum,
946 2976 1001 3022 12
1028 2973 1144 3023 dicti
1169 2974 1350 3022 mensis
1374 2974 1559 3038 apriliS,
1587 2975 1671 3022 SS.
1701 2975 1756 3020 D.
1787 2976 1954 3019 noster

167 3057 413 3106 benedixit
443 3060 491 3105 et
520 3057 769 3105 distribuit
806 3057 994 3121 palmas
1024 3057 1073 3105 in
1104 3058 1296 3121 capella
1333 3075 1437 3116 sua,
1474 3073 1614 3106 more
1646 3056 1812 3114 solito;
1856 3056 1952 3103 duo

168 3141 314 3204 primi
345 3143 718 3189 conservatores
740 3143 1005 3189 tenuerunt
1035 3141 1225 3205 palmas
1256 3144 1411 3205 Pape3
1439 3144 1608 3189 orator
1639 3139 1951 3188 Florentinus

169 3225 303 3273 dedit
339 3240 517 3287 aquam
554 3224 781 3272 manibus
814 3226 961 3287 Pape,
996 3227 1044 3272 et
1078 3225 1298 3273 Pontifex
1328 3225 1533 3289 palmas,
1570 3240 1723 3286 usque
1755 3223 1816 3270 ad
1846 3238 1950 3268 ma—

171 3305 348 3369 gistros
392 3308 791 3356 ceremoniarum
836 3307 1100 3366 inclusive3
1142 3309 1343 3356 missam
1381 3307 1646 3356 celebravit
1682 3310 1846 3353 Rmus.
1890 3307 1945 3350 D.

173 3389 435 3437 cardinalis
454 3390 803 3455 Agrigentinus
823 3406 832 3437 :
852 3390 1129 3454 passionem
1155 3395 1478 3440 cantaverunt
1503 3391 1738 3439 diaconus
1763 3386 1949 3449 capelle

171 3471 220 3519 in
250 3488 368 3520 voce
403 3472 579 3521 Christi
616 3476 664 3522 et
704 3474 801 3522 duo
840 3477 1066 3522 cantores
1097 3474 1296 3538 Hispani
1322 3475 1428 3523 aliis
1452 3474 1668 3531 vocibus,
1705 3485 1875 3518 omnes
1901 3468 1950 3515 in

360 3583 392 3609 τ.
417 3583 465 3610 ιιι.
1758 3569 1781 3605 3
