2228 3938
310 386 379 422 100
914 385 1144 421 JOHANNIS
1178 385 1472 430 BURCHARDI,
1812 388 1966 427 [Janvier
1985 391 2078 430 1501]

307 492 400 546 tur,
427 486 730 533 confessores
757 486 987 548 deputare
1016 486 1234 545 idoneos,
1266 487 1410 535 etiam
1439 503 1559 549 quos
1586 487 1674 551 ipsi
1706 504 1802 535 non
1829 489 2074 538 venientes

308 569 485 632 eligere
509 568 739 615 voluerint
768 568 849 631 qui
880 584 994 631 erga
1020 569 1278 632 impeditos
1301 570 1498 618 eosdem
1529 586 1584 618 ac
1616 570 1673 618 de
1703 586 1868 618 eorum
1900 572 2081 620 familia

308 652 586 710 existenteS,
617 651 720 714 pari
752 667 847 714 qua
878 651 956 698 alii
986 639 1289 701 confessores
1320 653 1520 716 predicti
1554 668 1669 716 erga
1694 653 1936 702 visitantes
1966 671 2077 718 pre-

307 735 460 781 dictas
491 734 1041 792 ecclesiasauctoritate
1076 735 1354 799 fungantur,
1393 740 1438 784 et
1476 736 1589 798 quia
1620 736 1759 784 facile
1797 738 2075 801 contingere

307 821 468 881 posset
489 817 672 880 aliquos
699 816 915 865 dubitare
940 823 1173 881 quantum
1201 819 1373 867 offerre
1395 819 1603 867 debeant
1625 835 1711 882 pro
1737 822 2080 883 consequenda

305 900 601 963 indulgentia
622 899 838 963 predicta
861 905 908 948 et
930 901 1031 947 aliis
1055 902 1304 964 premissis
1331 907 1376 950 et
1404 902 1657 949 nonnullos
1680 918 1787 950 esse
1811 903 1982 951 dubios
2002 903 2079 952 vel

306 983 535 1041 incertos,
570 998 631 1029 an
664 998 847 1030 eorum*
872 983 1174 1046 impotentia,
1208 984 1460 1030 infirmitas
1499 984 1571 1031 vel
1612 984 1788 1032 servitii
1825 986 2076 1049 occupatio

308 1066 367 1113 sit
395 1065 515 1113 adeo
544 1065 1092 1126 excusabilia-notabilis
1121 1070 1167 1114 et
1193 1067 1425 1129 legitima,
1452 1067 1737 1131 quodjuxta
1760 1067 1995 1131 premissa
2019 1069 2078 1116 ad

304 1133 643 1211 visitationem
669 1148 940 1210 faciendam
984 1149 1215 1212 adstringi
1257 1166 1351 1197 non
1394 1149 1603 1198 debeant
1643 1154 1690 1198 et
1732 1150 2076 1214 indulgentiam

303 1231 580 1296 hujusmodi
618 1234 1000 1294 conseq-uantur,
1036 1233 1120 1280 sed
1156 1249 1241 1295 pro
1282 1233 1362 1279 illa
1398 1234 1741 1296 consequenda
1775 1233 1999 1292 sufficiat,
2032 1227 2079 1281 e't

303 1315 618 1378 quantitatem
640 1315 911 1378 predictam
932 1315 979 1362 in
1003 1315 1158 1379 capsis
1179 1316 1455 1379 hujusmodi
1478 1332 1566 1379 per
1586 1316 1751 1364 fideles
1773 1332 1945 1363 manus
1965 1316 2076 1379 poni

304 1400 484 1458 facere,
515 1398 733 1446 volumus
768 1398 894 1460 quod
927 1402 1024 1446 tam
1058 1399 1256 1446 nuntius
1288 1403 1335 1447 et
1364 1399 1724 1447 commissarius
1759 1399 2003 1462 predictus
2034 1403 2081 1447 et

304 1481 476 1544 quibus
506 1481 633 1528 vices
665 1481 712 1527 in
742 1496 921 1543 genere
949 1482 1022 1529 vel
1055 1482 1104 1528 in
1136 1482 1296 1545 specie
1326 1482 1513 1530 duxerit
1547 1482 1935 1541 committendas,
1964 1497 2080 1529 con-

304 1564 461 1610 fessor
483 1578 628 1626 quem
647 1562 766 1610 tales
788 1563 925 1610 dubii
947 1567 1027 1610 aut
1049 1563 1221 1611 incerti
1244 1580 1301 1611 ex
1325 1564 1553 1627 predictis
1568 1564 1880 1627 deputandis,
1906 1568 1956 1612 ut
1976 1580 2082 1627 pre-

305 1648 525 1707 mittitur,
561 1647 786 1705 adierint,
821 1645 972 1709 possit
1009 1645 1077 1693 eis
1114 1644 1394 1708 hujusmodi
1432 1645 1700 1693 dubietates
1733 1649 1872 1709 prout
1914 1661 2081 1692 eorum

306 1731 465 1789 statui,
492 1735 539 1778 et
559 1729 863 1778 indemnitati
898 1728 1264 1790 animarumque
1294 1727 1435 1775 saluti
1454 1733 1500 1776 et
1524 1728 1837 1788 conscientie,
1864 1727 2012 1791 quieti
2037 1732 2085 1777 et

304 1814 410 1876 paci
445 1813 682 1861 salubrius
722 1812 949 1876 expedire
990 1810 1267 1874 cognoverit
1313 1810 1535 1858 decidere
1574 1816 1621 1858 et
1661 1811 2002 1871 determinare,
2037 1816 2082 1860 et

304 1896 622 1944 visitationem
654 1894 934 1959 hujusmodi
965 1897 1013 1942 et
1043 1909 1283 1940 summam
1319 1894 1377 1941 de
1406 1909 1500 1956 qua
1524 1893 1797 1942 dubitarent
1823 1910 1881 1942 an
1906 1895 1965 1942 ab
1990 1894 2083 1942 eis-

306 1979 415 2027 dem
440 1979 665 2026 solvenda
687 1978 886 2035 veniret,
913 1977 1099 2025 eisdem
1122 1977 1169 2023 in
1193 1981 1328 2039 parte
1362 1977 1610 2025 remittere
1638 1981 1781 2040 prout
1800 1978 1968 2025 nuntio
2000 1994 2084 2025 seu

305 2061 653 2120 commissario,
687 2077 771 2108 seu
803 2059 1087 2123 deputandis
1117 2063 1163 2107 et
1194 2058 1567 2122 subdelegandis
1601 2059 1831 2122 predictis
1858 2075 2087 2129 necessa—¹

306 2145 425 2192 rium
454 2160 559 2192 esse
584 2144 834 2201 videbitur,
859 2158 942 2191 eos
972 2141 1227 2189 visitandas
1257 2141 1419 2188 dictas
1447 2141 1679 2190 ecclesias
1710 2142 1901 2205 penitus
1927 2143 2082 2207 impo-

308 2231 463 2275 tentes
487 2226 752 2282 declarare,
778 2225 1082 2288 habeantque
1107 2224 1225 2272 tales
1254 2223 1404 2284 dubii,
1424 2225 1563 2287 juxta
1591 2224 1969 2273 declarationem
1997 2241 2082 2274 seu

307 2310 644 2358 remissionem
676 2309 951 2373 hujusmodi
984 2307 1258 2355 faciendam
1286 2307 1446 2370 quoad
1472 2307 1701 2355 effectum
1729 2308 2083 2356 consecutionis

307 2393 603 2457 indulgentie
629 2396 894 2440 memorate
916 2408 1002 2456 pro
1026 2405 1136 2439 vere
1155 2389 1456 2439 visitantibus
1486 2396 1533 2438 et
1556 2391 1846 2439 solventibus
1872 2391 1929 2439 ad
1956 2390 2086 2454 quod

312 2483 552 2536 tenentur,
587 2477 795 2540 provisio
830 2477 958 2539 quod
993 2477 1243 2524 confessor
1275 2475 1521 2539 predictus
1552 2475 1736 2523 eisdem
1765 2474 2006 2538 impeditis
2037 2478 2084 2522 et

311 2562 369 2610 de
392 2577 560 2609 eorum
583 2560 764 2608 familia
786 2560 1117 2618 existentibus,
1141 2560 1235 2606 hoc
1259 2559 1367 2607 1000
1389 2558 1672 2606 visitationis
1694 2557 1971 2622 hujusmodi
1993 2544 2084 2605 alia

310 2645 530 2709 injungat
560 2660 709 2707 opera
742 2643 958 2706 pietatis3
997 2659 1161 2691 verum
1196 2642 1234 2689 si
1267 2642 1346 2706 qui
1388 2642 1544 2690 forent
1577 2642 1656 2705 qui
1691 2641 1812 2690 adeo
1845 2656 2083 2705 pauperes

311 2733 472 2776 essent
491 2732 542 2775 ut
572 2727 829 2775 commode
856 2726 1042 2775 solvere
1063 2731 1322 2790 nequeant,
1349 2727 1486 2789 juxta
1513 2725 1867 2773 ordinationem
1893 2724 2083 2788 predic—

312 2817 428 2869 tam,
453 2811 597 2858 liceat
622 2810 788 2857 nuntio
819 2814 866 2858 et
891 2810 1308 2857 commissario-ac
1335 2808 1618 2871 deputandis
1641 2811 1688 2854 et
1709 2806 2080 2870 subdelegandis

312 2894 541 2957 predictis
561 2909 671 2941 cum
691 2893 862 2940 talibus
878 2892 956 2954 qui
976 2893 1158 2943 solvere
1176 2892 1402 2948 debeant,
1422 2895 1471 2937 ut
1488 2890 1569 2954 huj
1580 2890 1765 2937 asmodi
1785 2889 2079 2953 indulgentie

314 2977 570 3040 participes
608 2976 727 3022 fiant
757 2975 1032 3033 convenire,
1062 2979 1108 3022 et
1133 2990 1232 3032 eOS,
1256 2989 1367 3021 cum
1399 2972 1487 3020 sibi
1511 2973 1766 3032 videbitur,
1792 2990 1820 3020 a
1845 2973 2080 3021 solutione

311 3059 587 3123 hujusmodi
612 3058 902 3106 subsistente
928 3073 1074 3105 causa
1095 3056 1327 3120 legitima,
1350 3055 1397 3102 in
1422 3059 1573 3103 totum
1597 3056 1667 3104 vel
1689 3056 1737 3103 in
1759 3061 1948 3120 partem
1965 3056 2083 3104 libe-

312 3158 436 3200 rare,
467 3146 514 3189 et
544 3157 630 3204 per
662 3140 1056 3203 archiepiscopos
1090 3144 1138 3186 et
1170 3139 1444 3202 episcopos,
1475 3155 1631 3202 reges,
1668 3140 1878 3204 reginas,
1912 3139 2077 3199 duceS,

313 3224 641 3281 marchiones,
683 3223 907 3282 comiteS,
947 3223 1177 3281 barones,
1221 3221 1407 3269 nobiles
1452 3227 1499 3270 et
1539 3222 1657 3271 alios
1696 3223 1870 3270 Christi
1908 3222 2078 3270 fideles

311 3306 606 3373 hujusmodi,
640 3310 736 3352 tam
777 3305 1132 3354 ecclesiasticos
1174 3319 1317 3367 quam
1355 3306 1621 3365 seculares,
1659 3321 1863 3369 quorum
1903 3320 2081 3368 magna

312 3392 493 3439 familia
515 3391 639 3437 foret
668 3389 856 3436 ratione
888 3387 1165 3452 hujusmodi
1197 3388 1648 3450 consequendarum
1673 3387 2080 3452 indulgentiarum

312 3475 556 3523 faciendas
572 3470 971 3531 contributiones,
991 3470 1311 3519 consideratis
1327 3487 1497 3518 eorum
1523 3471 1845 3531 facultatibus,
1871 3471 2080 3518 discrete
