2372 3926
437 338 520 362 inv
1032 322 1207 360 NOTICE
1247 321 1621 366 BIOGRAPHIQUE.

434 445 652 496 passage
680 428 806 478 dans
838 443 917 476 ses
953 425 1303 477 Observations
1333 443 1426 475 sur
1464 424 1707 476 l'lzistoz're
1739 424 1800 476 de
1829 424 2041 476 Char-les
2077 423 2213 487 VIII,

436 519 629 569 relatifs
657 520 687 567 a
712 517 924 566 l'entree
953 515 1021 565 du
1053 516 1131 566 roi
1157 518 1186 565 a
1214 518 1371 566 Rome
1399 519 1448 566 et
1480 517 1510 564 a
1543 532 1635 564 son
1666 514 1814 564 traite
1847 531 1971 564 avec
1995 514 2043 564 16
2067 531 2215 581 pape,

440 625 557 658 sous
585 625 640 657 ce
673 607 789 656 titre
826 626 849 652 «
879 605 1110 654 Relation
1144 605 1205 655 de
1242 622 1297 654 ce
1325 622 1422 672 que
1447 605 1502 654 fit
1526 604 1572 654 16
1598 621 1692 671 roy
1719 603 1925 655 Charles
1950 604 2066 654 VIII
2095 603 2221 653 dans

439 747 633 795 magistros
666 746 976 784 caeremoniarum
1005 747 1163 784 devenit.
1199 747 1290 784 Hinc
1318 746 1453 784 factum
1485 750 1560 792 est,
1595 748 1635 783 ut
1664 745 1798 782 diversi
1815 744 1995 782 variorum
2016 748 2218 793 temporum

439 806 745 844 caeremoniarum
765 805 845 843 libri
865 807 903 843 in
922 806 1154 844 bibliothecis
1171 806 1403 844 inveniantur
1421 807 1466 843 de
1492 809 1798 846 sacramentorum
1829 808 1866 842 et
1891 803 2219 841 ecclesiasticorum

439 866 573 903 rituum
593 864 858 903 consuetudine
874 865 1065 903 constituti
1086 871 1197 914 atque
1216 866 1372 903 Romani
1392 865 1528 903 ordinis
1557 864 1704 902 nomine
1735 863 1921 913 appellati,
1952 863 2052 911 quod
2083 861 2219 900 scilicet

440 925 478 962 in
498 925 569 962 illis
589 925 693 974 plene
710 925 743 962 is
762 924 852 962 ordo
872 925 1132 972 contineretur,
1154 937 1261 974 quem
1286 925 1322 961 in
1349 924 1606 962 ecclesiasticis
1637 922 1821 973 mysteriis
1852 921 2047 971 operandis
2078 927 2220 960 veteres

440 989 562 1034 patres
588 984 846 1023 observabant.
879 985 980 1030 Quos
1002 997 1112 1033 quum
1144 985 1190 1022 ad
1221 976 1449 1033 antiquitatis
1480 983 1747 1021 ecclesiasticae
1775 982 2036 1031 cognitionem,
2066 981 2222 1019 maxime

439 1044 559 1081 facere
577 1043 823 1093 cognoverim,
845 1049 1026 1093 quotquot
1045 1044 1208 1081 invenire
1229 1043 1346 1093 potui,
1372 1044 1407 1080 in
1431 1055 1543 1080 unum
1570 1042 1676 1091 quasi
1695 1053 1827 1090 corpus
1848 1041 2012 1091 redigere
2032 1041 2219 1079 constitui.

440 1103 486 1141 Et
510 1104 598 1152 quia
625 1103 663 1140 in
689 1104 858 1140 omnibus
892 1109 927 1140 et
958 1104 1172 1152 praesertim
1192 1103 1458 1150 antiquissimis
1475 1102 1569 1140 inter
1587 1101 1741 1150 reliqua,
1761 1113 1855 1150 quae
1874 1102 2063 1139 continent
2087 1113 2222 1139 coenae

441 1163 651 1200 Dominicae
683 1163 758 1200 sive
788 1163 950 1212 corporis
979 1169 1015 1201 et
1048 1164 1240 1212 sanguinis
1273 1162 1416 1199 Domini
1442 1161 1558 1200 nostri
1573 1161 1663 1199 Jesu
1683 1161 1819 1198 Christi
1840 1166 2106 1199 sacramentum
2126 1161 2224 1210 quod

439 1222 562 1272 graeci
590 1222 771 1271 synaxim,
806 1222 1079 1271 mystagogiam
1100 1227 1135 1259 et
1167 1222 1370 1271 liturgiam.
1398 1221 1517 1259 Latini
1549 1233 1634 1258 vero
1667 1221 1819 1258 missam
1851 1225 1984 1258 vocant
2004 1220 2167 1258 ordinem
2187 1224 2224 1258 et

443 1281 693 1319 caeremonias
713 1281 1016 1330 complectuntur,
1039 1286 1123 1319 ante
1143 1282 1264 1319 omnia
1286 1282 1373 1329 quid
1399 1281 1569 1329 liturgiae
1588 1285 1625 1318 et
1651 1280 1787 1317 missae
1818 1279 1970 1317 vocibus
2000 1279 2226 1327 significetur

444 1342 609 1391 exposui,
631 1342 761 1379 deinde
782 1342 889 1379 ritum
910 1343 1091 1390 quendam
1115 1342 1244 1391 adjeci,
1261 1354 1332 1390 quo
1350 1342 1479 1379 Judaei
1499 1340 1758 1378 celebrioribus
1775 1339 1883 1377 festis
1910 1338 2004 1376 inter
2026 1339 2224 1377 convivan-

444 1403 529 1439 dum
562 1402 763 1450 antiquitus
788 1402 997 1440 utebantur.
1036 1402 1148 1447 Quem
1184 1402 1353 1438 Christus
1368 1401 1489 1450 aliqua
1508 1413 1553 1438 ex
1570 1405 1672 1449 parte
1692 1400 1728 1436 in
1748 1398 1948 1436 novissima
1966 1409 2079 1436 coena
2098 1404 2224 1447 quem-

444 1462 639 1499 admodum
667 1474 688 1498 a
720 1462 759 1498 S.
783 1461 883 1497 Luca
911 1461 1127 1498 describitur
1153 1461 1370 1498 observasse
1392 1460 1701 1502 videtur.,Postea
1715 1458 1864 1508 adjunxi
1880 1458 2014 1495 missae
2032 1459 2108 1496 sive
2128 1458 2223 1497 sacri

446 1521 602 1558 convivii
622 1520 787 1569 mysterii
805 1521 1101 1570 descriptionem,
1123 1532 1196 1568 qua
1210 1532 1296 1556 nam
1316 1520 1454 1557 scilicet
1473 1519 1612 1556 ratione
1632 1519 1801 1556 Christus
1818 1522 1853 1554 et
1867 1523 1949 1566 post
1966 1529 2048 1554 eum
2068 1517 2223 1566 apostoli

444 1580 726 1625 celebraverint,
759 1580 805 1616 ad
838 1581 928 1617 haec
958 1592 1082 1617 sacrae
1114 1580 1380 1617 communionis
1415 1578 1581 1616 solennia
1613 1578 1766 1626 subjeci,
1788 1590 1809 1615 a
1827 1577 1971 1615 Justino
1990 1580 2164 1627 Martyre,
2186 1582 2224 1616 et

445 1639 628 1677 Clemente
660 1639 907 1677 Alexandrino
939 1640 1134 1677 centesimo
1167 1639 1491 1688 quinquagesimo,
1517 1637 1737 1676 Tertulliano
1758 1642 1792 1675 et
1817 1639 1862 1675 D.
1883 1638 2065 1687 Cypriano
2085 1640 2223 1677 ducen-

443 1699 586 1745 tesimo,
609 1699 871 1748 Dionysioque,
900 1706 984 1748 post
1001 1699 1185 1737 Christum
1216 1699 1474 1736 tercentesimo
1509 1709 1604 1735 anno
1637 1698 1834 1746 descripta.
1864 1699 1960 1734 Haec
1990 1698 2227 1747 subsequitur

445 1758 714 1796 vetustissimus
742 1763 778 1796 et
803 1764 980 1808 quantum
1007 1759 1116 1796 certis
1144 1759 1363 1807 quibusdam
1390 1756 1608 1806 conjecturis
1634 1756 1782 1806 assequi
1807 1756 1930 1806 potui,
1957 1762 2041 1795 ante
2067 1758 2112 1795 D.
2136 1757 2225 1795 Gre-

446 1818 539 1866 gorii
556 1819 676 1866 Papae
696 1818 803 1867 primi
821 1823 984 1867 tempora
999 1819 1050 1865 (*)
1073 1818 1192 1856 editus
1214 1818 1355 1856 ritualis
1376 1817 1479 1863 liber,
1498 1816 1557 1854 cui
1574 1816 1719 1854 initium
1733 1820 1801 1862 est,
1817 1816 2035 1854 denunciata
2054 1817 2226 1862 statione,

447 1888 519 1924 quo
552 1876 718 1926 simplex,
740 1890 846 1926 pura,
870 1878 1104 1926 solennisque
1134 1877 1301 1915 sacrificii
1329 1876 1508 1914 Dominici
1529 1876 1641 1925 (quod
1660 1875 1810 1914 missam
1831 1875 1970 1923 dicunt)
1991 1874 2184 1914 celebratio
2206 1886 2228 1912 a

445 1936 612 1972 Romano
633 1937 813 1974 Pontifice
833 1937 909 1974 fieri
929 1938 1035 1974 solita
1049 1938 1266 1974 continetur.

496 2010 515 2029 «
537 1995 653 2040 Quem
672 2007 812 2040 omnes,
836 1996 896 2045 qui
918 1996 1188 2034 ecclesiasticos
1207 1984 1314 2042 ritus,
1336 1999 1371 2032 et
1383 1996 1503 2032 officia
1521 1995 1645 2033 divina
1663 1996 1884 2034 constituere
1906 2007 2085 2032 summam
2109 1994 2228 2032 eidem

446 2055 696 2092 auctoritatem
716 2056 932 2101 tribuentes,
955 2060 1128 2104 tanquam
1149 2056 1301 2104 primum
1323 2059 1359 2092 et
1375 2056 1615 2104 ,archetypum
1633 2060 1854 2104 agnoscunt,
1874 2055 1925 2092 ita
1937 2059 1978 2092 ut
1993 2066 2119 2092 omnes
2139 2053 2229 2092 aliae

450 2115 660 2163 hujusmodi
681 2115 901 2164 scriptiones
923 2115 1014 2151 nihil
1034 2115 1131 2153 aliud
1153 2115 1238 2160 sint,
1260 2127 1369 2163 quam
1388 2109 1507 2163 hujus'
1524 2115 1655 2161 libelli,
1675 2115 1732 2152 vel
1758 2116 2019 2164 paraphrases,
2040 2114 2099 2151 vel
2130 2125 2228 2151 com-

448 2175 638 2220 mentaria,
666 2179 700 2212 et
729 2175 941 2224 praesertim
973 2175 1044 2212 duo
1077 2179 1270 2223 sequentes
1304 2175 1466 2223 ejusdem
1498 2174 1704 2222 argumenti
1744 2179 1923 2212 tractatus
1966 2172 2230 2223 posterioribus

450 2233 675 2282 temporibus
708 2233 808 2279 editi,
839 2239 874 2271 et
904 2239 1095 2284 propterea
1127 2234 1344 2282 quibusdam
1379 2233 1625 2271 additionibus
1657 2234 1768 2277 aucti,
1790 2246 1946 2283 quorum
1977 2233 2093 2278 alteri,
2115 2231 2231 2281 primo

450 2293 625 2339 omnium,
648 2292 763 2338 alteri,
787 2305 872 2330 vero
893 2293 1047 2342 primum
1068 2293 1228 2330 omnium
1252 2293 1394 2330 initium
1415 2298 1482 2331 est.
1506 2292 1575 2338 Qui
1601 2293 1638 2329 in
1657 2294 1826 2342 publicae
1852 2294 2048 2331 missarum
2073 2291 2232 2329 celebra-

449 2351 572 2398 tionis,
596 2364 703 2401 quam
725 2353 914 2390 Romanus
937 2352 1106 2390 Pontifex
1124 2353 1242 2390 facere
1263 2352 1402 2390 solebat
1421 2353 1647 2390 caeremonia
1667 2353 1916 2395 describenda,
1934 2353 2113 2401 quaedam
2127 2350 2229 2388 initio
2285 2372 2287 2374 ·

450 2411 558 2448 altius
590 2416 797 2460 repetentes
829 2412 1061 2461 adjungunt,
1096 2412 1278 2462 quaedam
1304 2415 1339 2448 in
1359 2412 1440 2461 ipsa
1457 2412 1610 2450 actionis
1630 2412 1971 2450 commemoratione
1990 2410 2099 2448 latius
2120 2420 2230 2458 expo-

450 2475 555 2516 nunt,
575 2472 752 2519 quaedam
785 2472 932 2508 demum
964 2471 1199 2509 interserunt.
1240 2471 1309 2516 Qui
1335 2483 1459 2508 revera
1483 2476 1659 2520 tanquam
1684 2473 1927 2520 paraphrases
1946 2471 2126 2519 quaedam
2144 2473 2232 2509 sunt

451 2529 582 2579 prioris
602 2530 725 2574 libelli,
747 2541 785 2567 re
805 2535 926 2568 tamen
948 2531 1041 2580 ipsa,
1063 2535 1099 2568 et
1111 2531 1385 2580 praecipuarum
1402 2531 1709 2568 caeremoniarum
1723 2530 1964 2580 explicatione
1978 2530 2124 2568 omnino
2137 2529 2235 2566 iuter

454 2601 494 2626 se
525 2589 758 2627 conveniunt.
791 2590 1115 2639 Comprehendunt
1134 2591 1230 2628 enim
1255 2591 1378 2639 procul
1392 2590 1503 2628 dubio
1529 2602 1611 2628 eum
1633 2590 1826 2628 missarum
1847 2591 2026 2636 ordinem,
2048 2602 2155 2639 quem
2175 2593 2232 2640 (ut

453 2654 578 2686 auctor
597 2653 653 2686 est
665 2650 827 2686 Joannes
849 2650 1034 2687 Diaconus
1054 2650 1092 2687 in
1113 2651 1194 2698 ejus
1214 2650 1304 2698 vita)
1326 2651 1370 2688 D.
1395 2650 1594 2698 Gregorius
1614 2651 1713 2699 Papa
1734 2649 1911 2696 instituit,
1939 2650 2002 2698 qui
2020 2650 2137 2689 ordini
2156 2650 2235 2688 sive

453 2709 567 2745 codici
599 2708 733 2746 Gelasii
765 2709 905 2758 Papae,
943 2722 1049 2758 quem
1086 2711 1131 2746 de
1166 2710 1359 2747 missarum
1390 2709 1603 2747 solennibus
1633 2709 1795 2747 ediderat
1831 2710 1944 2753 multa
1978 2708 2232 2756 substrahens

453 2780 569 2816 pauca
587 2772 816 2814 convertens,
838 2768 1016 2805 nonnulla
1033 2769 1211 2816 adjiciens
1232 2769 1269 2805 in
1290 2769 1398 2805 unius
1415 2768 1495 2804 libri
1519 2769 1687 2805 volumen
1710 2767 1869 2816 redegit.
1901 2767 1970 2811 Qui
1996 2767 2084 2803 ordo
2104 2771 2235 2815 postea

456 2827 667 2864 universum
689 2827 761 2863 sere
780 2827 1006 2864 occidentem
1028 2827 1197 2864 obtinuit.
1222 2828 1313 2863 Nam
1334 2827 1582 2864 ducentesimo
1607 2831 1692 2875 post
1719 2827 1758 2864 S.
1790 2825 1952 2874 Gregorii
1974 2825 2110 2863 obitum
2122 2837 2232 2871 anno,

456 2886 610 2923 Carolus
643 2887 804 2934 Magnus
835 2887 1033 2934 Imperator
1056 2887 1242 2923 Romanae
1262 2885 1441 2922 Ecclesiae
1461 2886 1713 2923 auctoritatem
1727 2916 1736 2933 ,
1756 2889 1796 2923 ut
1816 2884 2021 2933 Sigibertus
2039 2889 2073 2922 et
2092 2884 2236 2922 Guillel-

456 2957 538 2981 mus
570 2946 752 2982 Durantes
783 2945 959 2992 referunt)
990 2949 1168 2993 sequutus
1198 2944 1408 2981 universum
1428 2944 1518 2990 sibi,
1542 2945 1770 2994 Imperioque
1791 2957 1858 2982 suo
1876 2944 2080 2993 subjectum
2099 2943 2235 2985 clerum

461 3003 569 3040 minis
604 3008 640 3040 et
671 3004 982 3051 compulsionibus
1008 3004 1055 3040 ad
1086 3003 1296 3052 Gregoriani
1326 3003 1434 3040 officii
1466 3004 1757 3042 observationem
1786 3003 1982 3053 compulit,
2014 3003 2236 3046 conveniens

465 3062 562 3099 enim
589 3074 672 3099 esse
701 3062 947 3110 existimavit,
978 3067 1018 3099 ut
1048 3063 1110 3110 qui
1139 3062 1175 3098 in
1208 3063 1393 3100 Romanae
1413 3063 1595 3101 Ecclesiae
1614 3063 1724 3101 fidem
1750 3063 1999 3102 consentirent
2018 3063 2108 3100 ritus
2124 3063 2236 3105 ,etiam

464 3121 703 3170 susciperent,
727 3133 838 3169 quum
859 3122 904 3159 ab
922 3123 1121 3158 eorundem
1141 3121 1397 3170 discrepantia,
1412 3122 1651 3171 fideiquoque
1670 3123 1872 3161 vaccillatio
1892 3122 2020 3160 exoriri
2042 3122 2237 3170 aliquando

461 3181 596 3230 possit.
622 3181 713 3217 Nam
735 3181 790 3229 (ut
810 3184 976 3218 auctores
998 3185 1083 3218 sunt
1107 3180 1318 3218 Hildevinus
1342 3181 1377 3218 in
1400 3182 1563 3231 Epistola
1583 3183 1629 3219 ad
1655 3182 1880 3220 Ludovicum
1905 3181 2060 3231 primum
2080 3181 2238 3230 Impera-

479 3251 592 3285 orem,
608 3244 644 3276 et
664 3240 782 3277 Berno
799 3239 998 3288 Angiensis
1020 3240 1159 3287 Abbas)
1182 3244 1266 3277 ante
1289 3240 1454 3290 Gregorii
1481 3245 1634 3280 aetatem
1658 3241 1796 3280 Galliae
1815 3249 1851 3279 et
1870 3239 2066 3290 Hispaniae
2086 3239 2240 3278 diversis

464 3299 510 3336 ab
532 3298 694 3336 Ecclesia
714 3299 879 3337 Romana
899 3311 920 3336 a
940 3299 1137 3348 majoribus
1157 3299 1234 3336 suis
1253 3300 1395 3347 ritibus,
1417 3305 1453 3338 et
1469 3301 1708 3339 caeremoniis
1728 3300 1886 3350 acceptis
1907 3300 1946 3337 in
1965 3299 2098 3337 divinis
2112 3299 2241 3337 officiis

467 3362 503 3397 et
524 3358 720 3396 missarum
737 3358 978 3396 celebratione
1000 3359 1194 3396 utebantur
1207 3359 1263 3396 cui
1285 3359 1335 3396 rei
1354 3361 1463 3398 tidem
1493 3361 1631 3398 faciunt
1663 3359 1916 3403 vetustissimi,
1951 3363 1987 3396 et
2017 3371 2104 3408 prae
2134 3358 2244 3396 nimia

505 3488 540 3526 Γ)
561 3488 604 3518 En
623 3497 722 3526 margc
740 3499 746 3517 :
770 3489 845 3518 lasio
862 3489 955 3527 Papa,
975 3489 1016 3518 les
1033 3490 1187 3526 premieres
1206 3489 1302 3519 lettres
1318 3493 1382 3520 sont
1401 3491 1532 3524 effacees,
