2228 3938
280 350 348 385 162
886 345 1117 382 JOHANNIS
1151 343 1444 389 BURCHARm,
1709 344 1935 386 [Septembre
1957 345 2050 383 1501]

281 453 338 498 D.
370 453 542 498 Petrus
573 446 832 511 episcopus
860 447 1124 496 Calmensis
1155 451 1202 495 et
1229 450 1286 495 D.
1314 446 1550 495 Antonius
1581 446 1766 499 Flores,
1795 445 2050 510 episcopus

280 532 475 582 Castelli
492 531 654 588 Maris,
688 529 787 578 hini
813 534 859 578 et
885 529 1000 590 bini,
1029 547 1148 594 quos
1174 531 1466 594 sequebatur
1492 532 1548 578 D.
1583 529 1809 578 Lucretia
1831 529 2052 593 predicta

280 617 400 675 sola,
424 619 471 663 et
495 630 603 662 eam
628 607 712 660 sue
732 612 994 676 pediseque
1019 618 1066 661 et
1079 613 1304 674 curialeS,
1325 616 1372 662 et
1395 613 1567 662 eodem
1590 612 1762 661 ordine
1787 612 1845 661 ab
1869 611 2052 660 eisdem

280 699 520 748 associata
542 698 690 746 rediit
713 697 774 746 ad
799 696 1050 761 palatium.

345 782 525 830 Eadem
552 781 646 839 die,
680 779 739 828 ab
763 780 888 827 hora
913 796 1032 828 cene
1057 796 1209 843 usque
1241 781 1301 829 ad
1323 780 1495 830 horam
1520 781 1718 829 tertiam
1744 779 1920 839 noctis,
1949 779 2053 844 pul-

279 870 382 914 sata
409 865 498 914 fuit
530 879 767 927 campana
798 862 954 927 major
976 863 1197 927 Capitolii
1222 866 1269 912 et
1300 863 1414 913 facti
1444 864 1582 913 multi
1609 864 1746 930 ignes
1774 879 1921 927 super
1946 879 2052 912 cas-

278 953 410 998 trum
436 965 473 997 s.
501 947 673 1012 Angeli
698 950 745 995 et
771 963 858 1011 per
896 948 1049 994 totam
1079 947 1275 1006 Urbem,
1307 949 1355 995 et
1378 947 1639 996 luminaria
1669 963 1816 1013 super
1838 948 2053 997 turribus

280 1032 500 1097 ejusdem
527 1030 676 1080 castri
714 1033 762 1078 et
793 1029 1017 1093 Capitolii
1055 1032 1102 1077 et
1133 1029 1254 1088 aliis,
1291 1033 1342 1078 ut
1374 1046 1543 1079 omnes
1574 1031 1636 1080 ad
1657 1031 1861 1080 letitiam
1887 1031 2055 1081 incita-

279 1120 469 1176 rentur,
498 1115 623 1179 quod
643 1114 804 1178 potius
822 1116 950 1161 esset
971 1113 1239 1161 verendum
1265 1112 1345 1178 (1).

345 1200 528 1247 Eadem
567 1196 828 1255 dominica,
868 1199 1098 1260 receptus
1134 1196 1224 1244 fuit
1260 1196 1307 1244 in
1346 1197 1607 1246 diaconum
1639 1199 1961 1262 apostolicum
1993 1202 2049 1248 D.

278 1282 612 1332 Bernardinus
636 1280 876 1329 Gambara
893 1279 1059 1344 junior
1084 1279 1133 1327 in
1156 1280 1318 1328 locum
1335 1283 1389 1328 R.
1420 1283 1476 1329 D.
1497 1282 1786 1331 Bernardini
1811 1282 2054 1333 Gambare

279 1365 499 1426 senioris,
536 1364 678 1414 electi
704 1363 1048 1412 Caballicensis
1074 1367 1121 1411 et
1151 1363 1199 1411 in
1224 1363 1384 1412 locum
1411 1366 1467 1413 D.
1502 1366 1729 1415 Ludovici
1754 1368 1922 1416 Grossi
1947 1369 2056 1416 sub-

279 1449 471 1499 diaconi
499 1447 754 1513 apostolici
781 1446 880 1510 qui,
909 1446 986 1494 die
1011 1446 1184 1494 ultima
1208 1447 1399 1511 augusti
1424 1448 1667 1511 preteriti,
1695 1466 1841 1498 sanus
1867 1450 1959 1499 fuit
1984 1454 2050 1510 et,

278 1532 468 1581 veneris
499 1535 526 1578 4
560 1531 723 1595 hujus,
765 1529 915 1576 finivit
949 1529 1115 1577 vitam.
1152 1532 1393 1594 Receptus
1422 1530 1509 1579 fuit
1540 1532 1600 1580 de
1634 1548 1800 1581 mense
1837 1534 2054 1583 octobris

280 1620 364 1665 aut
399 1613 676 1663 novembris
710 1614 819 1660 MDl
852 1614 909 1659 D.
946 1611 1180 1660 Oliverius
1215 1613 1503 1661 Mattuccius
1534 1617 1799 1674 RomanuS,
1832 1616 1960 1664 filius
1991 1619 2048 1664 D.

279 1698 412 1748 Petri
450 1695 716 1756 Mattuccii,
749 1694 865 1743 civis
897 1687 1120 1753 Romani,
1156 1695 1345 1759 nepotis
1379 1698 1462 1744 SS.
1499 1699 1556 1745 D.
1591 1700 1646 1746 N.
1687 1714 1830 1762 pape,
1859 1715 1917 1746 ex
1955 1698 2055 1747 filia

282 1799 385 1842 sua,
414 1797 566 1830 uxore
592 1779 708 1828 dicti
733 1781 791 1828 D.
821 1778 951 1827 Petri
974 1778 1256 1827 cancellarii
1282 1779 1440 1827 Urbis.

345 1866 432 1914 Die
458 1865 571 1913 lune
604 1862 842 1927 sequenti,
871 1865 898 1909 6
930 1862 1111 1910 mensis
1143 1862 1451 1927 septembris,
1487 1863 1584 1913 duo
1614 1863 1893 1925 histrioneS,
1921 1865 2056 1915 mimi

281 1951 377 1998 sive
414 1948 652 2006 buffones,
685 1961 808 1994 unus
837 1950 1082 2008 equester,
1115 1946 1192 1993 cui
1229 1945 1425 1994 domina
1454 1947 1683 1996 Lucretia
1711 1949 1935 2012 predicta
1955 1966 2057 1999 ves-

278 2037 379 2082 tem
404 2031 539 2080 illam
570 2029 825 2079 brocchati
855 2028 992 2076 aurei
1029 2028 1135 2076 ricii
1162 2028 1292 2077 tirati
1320 2045 1466 2092 quam
1495 2030 1604 2078 heri
1632 2046 1805 2080 novam
1840 2035 1888 2081 et
1911 2033 2055 2082 unica

280 2114 362 2164 illa
382 2115 482 2164 vice
503 2116 691 2162 tantum
722 2114 997 2177 portaverat
1027 2111 1239 2171 donavit,
1279 2112 1458 2160 valoris
1483 2115 1818 2163 trecentorum
1850 2116 2055 2166 ducato-

278 2216 385 2248 rum
409 2198 484 2246 vel
507 2197 655 2256 circa,
682 2194 914 2259 equitavit
936 2210 1023 2258 per
1048 2210 1216 2242 omnes
1231 2194 1330 2243 vias
1346 2198 1393 2243 et
1416 2195 1544 2244 vicos
1569 2196 1863 2262 principales
1889 2199 2050 2260 Urbis,

280 2284 378 2332 alta
402 2298 518 2331 voce
544 2281 757 2330 clamans
784 2295 794 2327 ε
820 2300 841 2324 «
879 2279 995 2327 Viva
1016 2278 1329 2327 illustrissima
1351 2279 1534 2327 ducis-§a
1551 2280 1786 2342 Ferrarie,
1812 2283 1914 2330 viva
1919 2299 2051 2347 papa

277 2366 595 2416 Alessandro!
632 2363 765 2423 Viva,
800 2363 926 2410 viva!
958 2382 980 2406 »
1015 2367 1062 2410 et
1087 2366 1196 2427 post
1221 2363 1343 2411 alter
1373 2363 1599 2427 pedester
1628 2365 1706 2413 cui
1730 2365 1877 2414 etiam
1902 2366 2055 2415 dona-

280 2453 416 2499 verat
438 2452 621 2498 vestem
658 2463 793 2495 suam
825 2446 1045 2510 predicta
1069 2446 1267 2494 domina
1291 2447 1531 2506 Lucretia,
1562 2447 1785 2497 similiter
1817 2450 2051 2498 clamans.

345 2533 484 2582 Feria
508 2531 691 2596 quinta,
722 2534 749 2579 9
781 2529 986 2594 predicti
1018 2529 1197 2577 mensis
1236 2529 1544 2593 septembris,
1567 2547 1816 2598 ‚suspensa
1849 2533 1937 2582 suit
1969 2549 2057 2598 per

281 2630 477 2666 murum
500 2614 652 2664 turris
677 2616 714 2662 N
722 2629 812 2662 one
833 2612 928 2661 sive
955 2612 1152 2661 Soldani
1175 2613 1382 2676 quedam
1407 2613 1584 2662 mulier
1608 2630 1701 2678 que
1727 2620 1869 2665 nocte
1894 2619 2056 2680 prete-

281 2701 376 2750 rita
393 2699 624 2748 maritum
653 2713 794 2745 suum
817 2696 1014 2745 cultello
1034 2696 1359 2760 jugulaverat.

346 2782 529 2831 Eadem
553 2781 648 2841 die,
677 2783 786 2845 post
818 2779 1096 2844 prandium,
1132 2780 1298 2827 RRmi.
1333 2782 1432 2828 DD.
1466 2779 1749 2829 Cardinales
1776 2779 2055 2845 Neapolita-

282 2883 371 2916 nus
397 2870 444 2915 et
471 2864 700 2915 Senensis
726 2863 887 2922 simul,
931 2865 978 2910 et
1004 2865 1115 2926 post
1145 2879 1228 2911 eos
1254 2863 1418 2926 plures
1440 2863 1520 2911 alii
1545 2863 1817 2912 cardinales
1838 2863 2054 2912 visitave-

282 2955 395 2999 runt
419 2953 610 2998 Rmum.
651 2950 708 2996 D.
749 2945 1051 2995 cardinalem
1086 2962 1124 2994 S.
1161 2946 1378 2994 Severini
1411 2951 1615 3009 propter
1645 2946 1829 2994 obitum
1861 2947 2052 2996 comitis

281 3031 553 3082 Caiacensis
588 3029 751 3078 fratris
786 3028 857 3076 sui
889 3029 938 3076 in
969 3028 1188 3092 Neapoli,
1228 3027 1401 3077 deinde
1440 3031 1631 3076 Rmum.
1667 3030 1724 3077 D.
1754 3025 2051 3078 cardinalem

281 3109 691 3179 Ulissiponensem
717 3114 920 3175 propter
937 3110 1122 3158 obitum
1138 3110 1490 3174 archiepiscopi
1513 3111 1876 3170 BracharensiS,
1907 3111 2051 3161 etiam

280 3194 446 3246 fratris
475 3195 566 3255 sui,
594 3209 750 3257 nuper
775 3195 944 3240 Rome.

324 3350 357 3384 1.
378 3344 471 3395 Voy.
495 3341 753 3392 Gregorovius,
775 3341 926 3377 Lucrece
936 3339 1084 3385 Bor-qia,
1101 3341 1127 3375 t.
1143 3337 1170 3384 I,
1186 3339 1243 3377 ch.
1260 3351 1403 3387 xix-xx,
1419 3352 1456 3389 p.
1477 3340 1629 3386 308-33,
1651 3344 1686 3378 et
1703 3338 1806 3378 l'acte
1828 3341 1872 3378 de
1894 3335 2053 3389 mariage

276 3412 340 3456 ‘par
357 3403 587 3456 procuration
604 3402 648 3439 de
660 3402 815 3438 Lucrece
829 3404 864 3436 et
883 3397 1106 3447 d’Alphonse
1123 3398 1259 3445 d'Este,
1282 3399 1422 3449 d’apres
1445 3399 1479 3437 la
1500 3399 1637 3437 minute
1665 3400 1713 3437 du
1729 3401 1870 3439 notaire
1904 3400 2053 3439 Camillo

277 3459 536 3510 Beneimbcne‚
552 3467 580 3501 t.
605 3462 651 3507 II,
673 3467 715 3498 11ο
736 3462 795 3506 34,
812 3470 848 3508 p.
870 3459 953 3496 366.
