2248 3892
276 390 346 426 422
886 386 1117 423 JOHANNIS
1151 385 1445 430 BURCHARDI,
1826 385 1935 425 [Avril
1956 387 2048 430 1506]

274 492 398 539 inter
433 490 673 554 prelatum
701 488 867 553 palatii
898 504 926 536 a
954 488 1133 536 dextris
1166 492 1213 537 et
1235 492 1479 536 oratorem
1512 489 1832 547 Genuensem,
1863 504 1891 536 a
1911 488 2051 536 sinis-

274 575 378 623 tris.
434 576 547 621 Post
599 572 824 620 convenit
857 572 1098 634 prefectus
1130 574 1186 619 D.
1231 571 1465 620 Hercules
1505 586 1614 618 cum
1655 586 1750 619 uno
1792 571 1980 635 prelato
2023 587 2051 620 a

278 657 484 715 dextris;
523 655 794 704 successive
827 661 993 703 orator
1025 654 1198 714 Rhodi,
1235 671 1262 702 a
1289 654 1496 703 sinistris
1534 653 1674 702 unius
1705 654 1902 718 prelati3
1936 658 2051 703 tunc

278 744 445 788 orator
469 737 804 797 Bononiensis,
839 754 867 786 a
899 737 1076 785 dextris
1109 737 1293 785 habens
1337 737 1579 802 prelatum
1616 737 1782 801 palatii
1812 753 1923 786 cum
1947 737 2051 786 aliis

273 839 411 871 more
434 822 600 881 solito;
629 821 857 885 hospitati
887 820 1065 869 suntin
1086 820 1230 869 domo
1259 821 1385 870 bone
1407 820 1642 870 memorie
1664 823 1720 868 D.
1747 820 1968 870 Falconis
1989 822 2049 870 de

275 906 558 964 Sinibaldis;
608 908 664 954 D.
709 904 1053 953 Constantinus
1091 904 1368 968 capitaneus
1403 903 1567 968 palatii
1612 903 1842 967 equitavit
1875 904 2050 952 imme-

275 990 402 1038 diate
425 993 537 1038 ante
560 993 798 1037 oratores.
1117 974 1118 977 Ἴ

341 1074 551 1122 Sabbato
574 1073 622 1120 in
645 1072 782 1133 albis,
815 1075 871 1120 18
907 1071 1093 1135 apriliS,
1126 1070 1384 1119 cardinalis
1410 1071 1758 1122 Volaterranus
1788 1070 2052 1119 celebravit

274 1157 472 1206 missam
502 1156 746 1221 publicam
768 1156 816 1203 in
847 1155 990 1203 altari
1013 1155 1208 1202 basilice
1231 1171 1271 1202 S.
1297 1154 1445 1213 Petri,
1470 1157 1602 1218 Papa
1628 1157 1854 1218 presente
1893 1156 1941 1202 et
1967 1154 2053 1201 tri-

275 1242 409 1306 ginta
430 1240 583 1288 tribus
612 1240 716 1288 aliis
750 1239 1093 1297 cardinalibus,
1126 1238 1344 1287 videlicet
1376 1237 1617 1298 omnibus,
1656 1240 1859 1301 excepto
1890 1239 2052 1285 Bono-

273 1324 449 1373 niensi.
488 1327 592 1381 Qua
613 1323 766 1383 finita,
793 1325 923 1386 Papa
946 1322 1079 1370 dedit
1094 1322 1486 1370 benedictionem
1513 1323 1562 1370 et
1581 1336 1676 1370 non
1705 1320 2047 1384 indulgentias.

273 1410 408 1456 Tunc
445 1410 592 1471 Papa,
628 1407 687 1454 de
719 1405 890 1454 ordine
922 1421 1017 1469 quo
1053 1405 1110 1453 de
1143 1421 1339 1453 camera
1368 1409 1580 1464 venerat,
1614 1406 1837 1468 portatus
1875 1403 1964 1451 fuit
2002 1403 2052 1451 in

274 1490 410 1549 sede,
438 1490 733 1554 precedente
762 1504 905 1536 cruce
932 1492 980 1536 et
1004 1488 1327 1536 cardinalibus
1349 1487 1399 1534 in
1423 1503 1592 1536 eorum
1614 1486 1795 1550 cappiS,
1827 1488 1875 1534 et
1895 1486 2052 1550 prela-

274 1573 334 1620 tis
368 1573 418 1620 in
453 1572 620 1636 cappis
656 1570 1031 1635 pontificalibus,
1066 1574 1113 1619 et
1145 1570 1237 1618 alia
1262 1585 1401 1619 more
1429 1571 1589 1629 solito,
1629 1585 1718 1634 per
1746 1569 2050 1633 porticellam

274 1656 457 1719 capelle
498 1656 558 1704 ad
592 1655 965 1702 fundamentum
996 1654 1046 1701 in
1086 1668 1143 1702 eo
1175 1654 1475 1702 e‘xstructum
1524 1668 1614 1716 pro
1657 1654 1902 1700 structura
1942 1652 2051 1699 novi

274 1740 428 1799 chori,
457 1754 547 1803 pro
580 1738 886 1802 impositione
923 1737 1063 1802 primi
1092 1728 1266 1801 lapidis
1298 1736 1358 1803 (1)
1389 1737 1468 1801 qui
1503 1740 1606 1785 erat
1641 1752 1700 1784 ex
1730 1750 1978 1783 marmore
2002 1734 2052 1783 in

272 1823 480 1871 formam
519 1822 682 1871 tabule
723 1821 820 1870 sive
854 1821 1102 1885 epitaphii,
1138 1820 1453 1885 longitudinis
1489 1820 1763 1884 palmorum
1801 1819 1947 1867 trium
1979 1817 2052 1866 vel

274 1906 401 1953 circa
423 1911 470 1954 et
493 1904 830 1968 grossitudinis
855 1904 999 1952 trium
1026 1903 1308 1968 digitorum,
1332 1904 1518 1952 habens
1542 1903 1728 1951 litteras
1749 1902 1799 1950 in
1820 1918 1877 1951 eo
1900 1901 2052 1965 scrip-

273 1992 365 2048 tas,
392 1988 616 2036 videlicet
638 1991 797 2036 Jvmvs
820 1989 859 2034 ΙΙ
879 2003 1115 2035 PONTIFEX
1134 2003 1352 2035 MAXIMVS
1375 2003 1502 2035 HANG
1528 2003 1781 2036 BASILlCAM
1801 2003 1921 2035 FERE
1937 1999 2050 2034 cot.-

257 2088 526 2125 >LABENTEM
558 2087 816 2120 REPARAvlr
845 2086 889 2118 A.
928 2086 976 2118 D.
1000 2072 1317 2130 MCCCCCVI,
1341 2085 1679 2120 PONT1F1CATvs
1707 2086 1782 2118 svi
1808 2086 1935 2118 ΑΝΝο
1966 2070 2044 2116 ΙΙΙ.

274 2158 374 2219 Ego
412 2159 575 2203 autem
615 2154 800 2203 adverti
839 2156 986 2217 Pape,
1025 2154 1251 2202 benedixi
1285 2170 1483 2218 aquam3
1521 2153 1692 2202 deinde
1724 2156 1852 2217 Papa
1888 2153 2049 2217 ipsum

272 2239 487 2302 lapidem
505 2236 768 2296 benedixit,
793 2241 940 2300 prout
961 2237 1011 2284 in
1030 2237 1176 2297 libro,
1203 2239 1250 2285 et
1276 2238 1430 2286 solam
1451 2238 1580 2285 illam
1605 2239 1796 2302 partem
1819 2236 2045 2301 aspersit,

272 2338 370 2370 non
391 2322 510 2370 alias
535 2322 673 2369 duas.
699 2323 962 2383 Postquam
983 2321 1148 2385 posuit
1166 2321 1302 2368 illum
1325 2321 1556 2385 lapidem,
1583 2325 1857 2370 muratores
1875 2335 2050 2384 posue-

273 2407 389 2452 runt
412 2405 462 2451 in
485 2405 696 2467 quodam
720 2419 832 2452 vase
854 2409 1086 2467 cooperto
1111 2404 1229 2452 duas
1254 2420 1428 2452 aureas
1453 2404 1687 2452 medalias
1710 2403 1889 2452 valoris
1907 2403 2051 2451 duca-

273 2490 434 2536 torum
463 2490 516 2547 L,
548 2491 594 2536 et
627 2504 711 2535 sex
735 2488 810 2535 vel
841 2486 1004 2550 plures
1035 2488 1093 2535 de
1121 2487 1318 2536 metallo
1350 2503 1458 2535 cum
1488 2486 1611 2535 facie
1637 2489 1767 2551 Pape
1799 2485 1848 2533 in
1876 2500 2046 2550 cappa,

321 2613 355 2650 1.
389 2626 405 2645 α
496 2610 711 2648 Pontificem
737 2611 857 2660 ipsum
884 2612 935 2648 nil
967 2611 1117 2657 humile,
1146 2611 1420 2659 demissumque
1452 2609 1674 2658 cogitantem
1701 2608 1935 2646 sanctissima
1962 2619 2049 2645 cura

272 2670 382 2707 subiit
402 2671 611 2719 reparandae
638 2670 805 2707 Basilicae
838 2671 1017 2720 Principis
1042 2671 1301 2720 Apostolorum
1325 2670 1363 2706 in
1395 2670 1590 2714 Vaticano;
1620 2668 1923 2717 augustissimam
1951 2667 2048 2704 illam

272 2730 414 2778 quidem
436 2735 471 2767 et
492 2735 635 2767 centum
659 2730 837 2767 columnis
856 2731 1064 2776 subnixam,
1086 2731 1220 2779 tegulis
1249 2729 1357 2767 etiam
1382 2729 1492 2766 aeneis
1521 2741 1542 2765 a
1562 2728 1710 2778 Templo
1729 2727 1831 2765 Jovis
1851 2726 2047 2775 Capitolini

272 2789 456 2826 translatis
476 2794 624 2834 tectam,
646 2790 710 2826 sed
730 2790 811 2826 rudi
830 2790 952 2827 seculo
973 2795 1008 2827 et
1023 2790 1202 2839 politioris
1222 2790 1470 2826 architecturae
1496 2788 1625 2837 ignaro
1653 2787 1851 2832 conditam,
1873 2791 1907 2823 et
1927 2786 2048 2834 aliqua

272 2861 316 2884 ex
330 2854 444 2905 parte,
463 2849 601 2898 pariete
622 2852 657 2885 et
676 2849 865 2898 peristylio
888 2850 1004 2887 dextri
1035 2850 1158 2887 lateris
1182 2850 1391 2894 inclinante,
1422 2848 1536 2885 ruinae
1562 2847 1760 2896 proximam
1768 2859 1780 2894 3
1811 2857 1923 2894 quam
1940 2844 2046 2881 Nico-

270 2908 350 2944 laus
371 2910 400 2945 V
421 2912 457 2945 et
478 2909 536 2945 alii
553 2909 598 2945 ab
618 2920 659 2945 eo
679 2908 879 2946 Pontifices
911 2910 1149 2957 reparandam
1178 2911 1364 2958 putarunt,
1396 2918 1501 2944 nemo
1526 2919 1639 2944 ausus
1661 2910 1717 2944 est.
1735 2905 1925 2953 attingere,
1940 2914 2047 2952 prop·

271 2971 370 3004 terea
387 2969 483 3016 quod
504 2967 665 3016 ingentis
687 2968 820 3016 operis,
837 2972 872 3006 et
892 2968 1038 3005 maximi
1064 2981 1106 3005 ac
1125 2980 1238 3018 prope
1267 2966 1398 3004 infiniti
1428 2971 1595 3015 sumptus
1625 2968 1736 3003 esset.
1758 2965 1838 3001 Non
1858 2967 1977 2999 tamen
1997 2961 2044 2998 ob

272 3026 309 3061 id
329 3027 500 3064 deterrita
520 3030 576 3063 est
601 3027 881 3075 magnanimitas
914 3031 950 3065 et
977 3028 1207 3076 pientissima
1238 3027 1436 3064 liberalitas
1468 3026 1555 3063 Julii
1582 3026 1632 3071 ΙΙ;
1660 3023 1723 3072 qui
1748 3021 1904 3059 maximo
1925 3021 2044 3058 animo

273 3097 365 3133 opus
386 3098 604 3135 aggressus,
625 3086 709 3124 XIV
734 3086 878 3125 kalend.
911 3087 999 3124 maii
1028 3088 1164 3134 MDVI,
1198 3088 1289 3124 hora
1313 3087 1385 3123 diei
1410 3087 1457 3133 X,
1486 3084 1598 3122 sacris
1626 3083 1691 3121 rite
1711 3081 1880 3130 peractis,
1901 3084 2044 3117 astante

273 3144 422 3191 Senatu,
440 3146 594 3195 primum
612 3145 767 3193 lapidem
782 3146 868 3194 jecit
885 3146 921 3182 in
941 3146 1177 3184 fundamento
1197 3145 1400 3184 altitudinis
1415 3145 1549 3194 pedum
1562 3142 1676 3179 XXV.
1698 3140 1826 3190 Operis
1847 3139 2045 3188 descriptio

272 3215 414 3241 omnem
435 3204 684 3253 antiquitatem
705 3204 974 3252 pulchritudine
995 3210 1031 3242 et
1050 3205 1302 3254 magnitudine
1335 3207 1550 3252 superatura
1568 3201 1730 3245 videtur,
1753 3200 1790 3236 in
1811 3199 1928 3248 capite
1949 3199 2045 3236 enim

272 3263 437 3301 Basilicoe
454 3265 598 3301 testudo
615 3263 736 3300 futura
755 3267 812 3300 est
829 3262 939 3300 latior
954 3268 989 3300 et
1016 3264 1121 3300 altior
1147 3262 1294 3311 Templo
1315 3263 1506 3299 Pantheon
1529 3273 1537 3298 :
1559 3260 1664 3308 cujus
1682 3259 1836 3305 aedifieii,
1860 3259 1946 3295 dum
1967 3259 2045 3295 haec

273 3323 490 3365 scribebam,
512 3335 596 3371 spes
617 3322 746 3371 magis,
765 3334 874 3371 quam
896 3334 954 3359 res
979 3322 1117 3358 laudari
1140 3326 1299 3371 poterat3
1321 3320 1420 3359 lenta
1446 3320 1540 3358 enim
1561 3319 1752 3356 admodum
1779 3318 1953 3366 surgebat
1971 3329 2043 3354 non

270 3380 391 3428 inopia
418 3384 592 3429 pecunioe.
614 3383 677 3419 sed
706 3383 913 3419 cuntatione
943 3382 1147 3419 Bramantis
1178 3381 1429 3419 Urbinatensis
1457 3379 1639 3425 dioecesis,
1668 3390 1776 3426 quem
1802 3377 2039 3414 architectum

267 3442 367 3474 tanto
388 3441 485 3487 operi
508 3442 677 3479 Pontifex
696 3446 945 3490 proposuerat.
975 3454 997 3475 »·
1024 3441 1273 3490 (Sigismondo
1300 3441 1355 3478 de'
1378 3439 1497 3486 Conti,
1527 3440 1624 3475 flisc.
1644 3439 1704 3475 sui
1725 3442 1832 3484 temp.
1857 3437 1921 3474 lib.
1942 3436 2040 3479 XVI,

268 3502 295 3534 t.
319 3497 364 3543 II,
386 3510 421 3545 p.
444 3500 586 3547 343-4.)
