2254 3944
141 389 342 432 [Μ8ἱ1500]
594 387 763 424 RERUM
798 381 1099 422 URBANARUM
1129 381 1482 419 COMMENTARII.
1883 383 1924 419 41

142 494 354 541 bancum
394 490 742 548 cardinalium3
773 487 1056 536 debuissent
1092 501 1183 549 pro
1220 501 1303 533 sex
1339 485 1517 549 palmis
1551 484 1700 532 fuisse
1735 483 1925 547 palmos

142 575 441 640 quindecim,
492 574 621 639 quod
659 573 828 621 fuisset
874 570 1010 629 valde
1053 570 1397 617 commodum:
1439 569 1569 632 quod
1611 567 1794 616 adverti
1834 584 1924 632 pro

143 660 240 708 alia
265 660 383 706 vice.
413 660 737 705 Funestorum
762 654 961 702 fuerunt
986 653 1355 717 quinquaginta,
1392 653 1473 716 qui
1510 653 1744 699 sederunt
1777 667 1805 699 a
1829 651 1924 698 fine

143 743 291 791 castri
315 742 430 790 hinc
458 744 505 789 et
527 740 656 798 inde,
685 742 733 787 et
756 739 805 786 in
828 754 925 786 uno
951 753 1152 785 scamno
1177 737 1511 785 transversali.
1539 738 1682 784 Juxta
1705 738 1923 784 castrum

143 826 343 874 suerunt
389 824 762 889 quatuordecim
812 822 1056 870 intortitia
1101 838 1128 869 a
1172 822 1390 884 quolibet
1442 821 1615 869 latere.
1664 822 1787 868 Cera
1831 837 1922 884 pro

143 909 325 974 populo
352 912 400 956 et
430 907 721 956 officialibus
751 907 969 970 reposita
999 905 1089 952 fuit
1119 905 1169 952 in
1201 905 1390 968 capella
1421 903 1918 968 penitentiariorum;

144 1009 234 1057 pro
272 991 602 1041 cardinalibus
634 994 816 1047 autem,
854 989 1074 1054 prelatis,
1115 989 1317 1036 funestis
1351 992 1398 1036 et
1434 988 1540 1036 aliis
1576 987 1918 1046 servientibus,

144 1078 191 1124 in
223 1077 377 1124 choro
407 1075 626 1139 reposita
654 1074 746 1122 fuit
776 1075 825 1121 in
858 1073 1049 1138 capella
1081 1072 1345 1121 cardinalis
1382 1071 1650 1136 Spoletani.
1686 1070 1926 1118 Interfue-

142 1163 256 1207 runt
294 1159 523 1207 undecim
562 1158 857 1212 cardinales,
893 1157 1119 1205 videlicet
1154 1156 1521 1214 RecanatensiS,
1560 1171 1599 1203 5.
1641 1154 1923 1214 Clementis,

143 1245 528 1301 Beneventanus,
571 1259 608 1290 s.
652 1241 902 1299 Praxedis,
946 1241 1165 1299 Ursinus,
1217 1240 1594 1298 Alexandrinus,
1646 1255 1685 1287 S.
1734 1239 1922 1297 Crucis,

139 1326 502 1391 Agrigentinus,
546 1325 775 1374 Senensis
813 1328 860 1372 et
895 1325 1174 1383 Cesarinus,
1205 1340 1415 1388 quorum
1442 1327 1671 1387 quatuor,
1701 1322 1928 1370 videlicet

143 1410 364 1462 Ursinus,
412 1410 789 1467 AlexandrinUS,
843 1425 882 1457 s.
924 1408 1112 1466 CruciS,
1150 1409 1500 1472 Agrigentinus
1539 1406 1831 1472 [astiterunt]
1873 1405 1925 1471 (‘?)

141 1495 373 1557 Capuano
399 1493 685 1541 celebranti.

207 1577 390 1624 Eadem
416 1577 511 1635 die,
541 1579 709 1624 Rmus.
745 1579 804 1624 D.
842 1577 1106 1624 cardinalis
1142 1574 1609 1632 vice—cancellarius,
1650 1574 1732 1636 qui
1762 1576 1924 1623 Vene-

141 1661 239 1718 tiis,
270 1660 319 1707 in
346 1660 587 1723 principio
610 1660 758 1723 hujus
783 1660 982 1718 mensis,
1020 1676 1048 1707 a
1077 1660 1277 1709 Venetis
1304 1658 1619 1721 consignatus
1643 1657 1734 1705 fuit
1758 1660 1925 1705 orato-

142 1744 279 1790 ribus
305 1743 438 1805 regis
463 1744 768 1790 Francorum
794 1741 873 1807 (1),
904 1743 953 1789 in
977 1743 1237 1790 Franciam
1262 1742 1529 1800 ducendus,
1561 1757 1673 1788 cum
1699 1741 1925 1789 omnibus

142 1826 510 1890 protonotarHs,
554 1826 811 1874 abbatibus
842 1829 890 1873 et
926 1826 1131 1890 prelatis
1163 1841 1328 1873 secum
1358 1840 1514 1888 nuper
1544 1825 1698 1888 captis
1735 1825 1928 1872 intravit

143 1910 478 1958 Mediolanum
515 1909 564 1956 in
599 1909 824 1957 rochetto
863 1912 911 1957 et
947 1909 1180 1957 mantello
1217 1909 1275 1955 de
1309 1908 1623 1957 ciambelloto
1660 1911 1707 1956 et
1738 1907 1926 1971 capello

142 1993 301 2056 nigro,
322 1996 370 2040 et
394 1995 504 2056 post
529 2009 641 2040 eum
668 1993 1011 2055 protonotarii,
1034 1993 1234 2040 abbates
1257 1996 1304 2040 et
1325 1992 1501 2056 prelati
1524 1992 1732 2055 predicti
1754 1991 1926 2038 vilibus

141 2077 278 2140 equis
309 2077 605 2135 insedentes,
644 2077 848 2140 pedibus
885 2077 974 2124 sub
1011 2076 1146 2140 equis
1192 2076 1451 2140 colligatis,
1491 2075 1763 2124 successive
1804 2091 1925 2123 unus

140 2163 250 2223 post
279 2159 430 2208 alium
463 2159 756 2223 equitanteS,
785 2176 814 2208 a
839 2159 1005 2207 multis
1030 2160 1343 2223 stipendariis
1377 2159 1509 2223 regis
1541 2159 1749 2207 Francie
1788 2174 1922 2206 asso-

141 2244 273 2302 ciati,
287 2244 420 2292 ducti
440 2243 638 2292 fuerunt
657 2244 717 2291 ad
736 2246 954 2292 castrum
969 2243 1348 2303 Mediolanense,
1365 2244 1541 2292 deinde
1562 2244 1622 2291 ad
1639 2243 1916 2291 Franciam.

207 2327 350 2375 Feria
404 2327 568 2387 tertia,
629 2331 686 2375 19
742 2328 859 2375 dicti
911 2328 1094 2375 mensis
1144 2328 1277 2387 maii,
1331 2331 1496 2375 Rmus.
1548 2330 1605 2375 D.
1655 2326 1919 2375 cardinalis

142 2410 355 2458 Medices
380 2411 462 2474 qui
489 2414 600 2459 ante
623 2412 787 2475 plures
814 2427 1009 2459 menses
1034 2412 1240 2459 recessit
1274 2428 1331 2459 ex
1359 2413 1506 2471 Urbe,
1545 2412 1700 2459 iturus
1725 2411 1786 2458 ad
1810 2410 1923 2457 Ale-

144 2492 358 2540 maniam
397 2509 508 2541 cum
544 2495 714 2558 paucis
753 2511 811 2541 ex
848 2495 948 2542 suis
986 2498 1097 2543 octo
1135 2496 1208 2543 vel
1245 2495 1394 2554 circa,
1438 2496 1486 2542 in
1520 2495 1692 2543 habitu
1729 2510 1923 2542 merca-

192 2678 225 2714 1.
256 2676 409 2714 Etienne
424 2677 468 2713 de
482 2678 576 2715 Vesc
594 2683 630 2715 et
643 2678 820 2715 Philibert
841 2679 884 2714 de
906 2678 1329 2717 Clermont-Montoison.
1346 2680 1440 2727 Voy.
1464 2679 1619 2723 Sanuto,
1638 2682 1665 2716 t.
1681 2679 1746 2724 III,
1762 2678 1830 2717 col.
1853 2679 1925 2716 259

144 2740 179 2773 et
199 2734 293 2775 suiv.
315 2736 379 2785 qui
398 2741 500 2774 entre
519 2737 612 2774 dans
631 2737 685 2774 les
703 2737 785 2786 plus
806 2738 944 2786 grands
966 2738 1095 2775 details
1116 2750 1179 2775 sur
1203 2738 1239 2775 la
1257 2738 1407 2776 mission
1428 2739 1493 2775 des
1519 2738 1801 2775 ambassadeurs
1827 2737 1923 2774 fran-

149 2796 247 2842 cais3
281 2796 371 2833 Jean
398 2795 571 2843 d’Auton,
608 2798 714 2845 chap.
750 2810 902 2840 xxxviii,
939 2810 976 2846 p.
1009 2798 1097 2844 123;
1125 2802 1161 2835 et
1186 2799 1278 2835 dans
1309 2798 1491 2844 Rosmini,
1520 2799 1690 2835 Storia...
1725 2798 1810 2835 di...
1843 2800 1923 2835 Tri-

143 2857 274 2901 vulzi0‚
304 2860 330 2894 t.
361 2856 408 2901 II,
436 2867 472 2905 p.
503 2858 574 2893 287
606 2856 640 2893 la
672 2857 777 2894 lettre
809 2857 853 2894 de
887 2857 1069 2894 Girolamo
1095 2858 1246 2895 Morone
1278 2861 1300 2894 a
1326 2858 1507 2895 Girolamo
1538 2857 1716 2894 Varadeo.
1740 2857 1927 2894 L'orateur

145 2915 312 2952 florentin
349 2919 371 2952 a
404 2916 533 2961 Rome,
574 2917 732 2954 Antonio
771 2917 1054 2965 Malegonnelle,
1088 2918 1235 2955 ecrivait
1266 2920 1288 2954 a
1315 2917 1350 2955 la
1382 2917 1610 2966 Seigneurie‚
1638 2919 1660 2953 a
1697 2916 1732 2953 la
1763 2917 1846 2954 date
1876 2917 1924 2954 du

144 2976 191 3010 22
211 2975 301 3012 avril
322 2976 426 3013 1500.
451 2990 470 3010 «
554 2976 583 3012 Il
602 2977 704 3025 Papa
724 2976 843 3013 hebbe
864 2977 910 3013 da
928 2976 979 3013 lui
1000 2978 1186 3026 (Ascanio)
1207 2978 1333 3015 lettere
1353 2977 1463 3015 molto
1483 2977 1637 3026 piatose,
1659 2977 1752 3013 dove
1773 2987 1923 3013 raccon-

145 3038 229 3071 tava
249 3035 381 3071 havere
407 3047 513 3083 perso
539 3035 576 3071 in
602 3040 656 3073 tre
682 3036 802 3084 giorni
828 3036 852 3072 il
879 3036 1036 3082 fratello,
1063 3036 1096 3073 lo
1117 3037 1235 3083 Stato,
1264 3036 1299 3074 lo
1325 3038 1476 3083 honore,
1504 3037 1538 3073 la
1563 3037 1652 3073 roba
1678 3040 1713 3073 et
1740 3036 1774 3073 la
1797 3036 1925 3073 liberta

147 3093 242 3130 de'lla
260 3106 417 3143 persona
439 3106 447 3131 t
470 3095 658 3143 pregando
679 3095 718 3132 S.
742 3095 909 3132 Sanctila
926 3097 993 3133 che
1013 3095 1051 3132 in
1073 3097 1157 3145 quel
1178 3097 1284 3134 modo
1304 3097 1329 3132 li
1347 3097 1503 3146 paressi,
1526 3096 1555 3133 si
1577 3095 1751 3144 degnassi
1771 3108 1925 3145 pensare

147 3152 218 3189 alla
237 3165 304 3190 sua
329 3153 556 3200 liberatione,
578 3154 874 3191 subscrivendosi
905 3167 913 3192 :
942 3157 1078 3202 infelioe
1103 3160 1136 3192 et
1162 3158 1323 3203 afflictus
1349 3157 1546 3193 Ascanius.
1568 3156 1595 3192 ll
1615 3155 1778 3204 Collegio
1804 3167 1850 3192 ne
1879 3156 1926 3192 ha

147 3211 241 3249 facto
262 3209 415 3261 Qualche
434 3214 571 3262 parole,
597 3218 633 3251 et
658 3213 683 3250 il
709 3215 809 3262 Papa
835 3214 930 3252 tiene
951 3215 984 3252 la
1007 3227 1094 3252 cosa
1115 3215 1152 3252 in
1179 3216 1282 3260 collo,
1305 3220 1340 3252 et
1360 3215 1595 3252 dimonstrasi
1616 3215 1652 3251 di
1681 3220 1814 3263 questo
1840 3227 1925 3251 caso

150 3270 242 3307 hene
271 3277 441 3310 contento
467 3278 502 3310 et
529 3273 600 3310 mal
622 3278 805 3320 contento,
829 3276 986 3312 secondo
1009 3275 1030 3311 il
1059 3280 1168 3324 gusto
1195 3275 1288 3312 della
1313 3287 1472 3324 persona
1497 3287 1565 3311 con
1591 3275 1651 3311 chi
1675 3274 1776 3323 parla
1806 3286 1814 3311 :
1836 3286 1924 3322 pure

149 3340 222 3365 non
242 3333 477 3369 monstrando
497 3333 764 3382 compassione.
787 3334 837 3370 Lo
863 3334 992 3371 adviso
1019 3335 1134 3383 primo
1152 3335 1246 3372 circa
1266 3334 1298 3371 16
1319 3346 1403 3371 6056
1429 3346 1600 3371 successe
1620 3340 1747 3371 contro
1767 3332 1923 3369 Ascanio

147 3388 185 3424 fu
205 3389 289 3426 dato
309 3390 355 3426 da
373 3403 442 3438 me,
460 3392 527 3429 che
549 3393 672 3430 subito
699 3393 847 3430 mandai
872 3393 906 3430 al
932 3394 1033 3442 Papa
1058 3394 1214 3431 volando
1240 3394 1264 3430 il
1290 3394 1508 3431 Cancelliere
1531 3394 1616 3438 mio,
1638 3398 1673 3430 et
1699 3392 1769 3429 tale
1796 3390 1922 3427 adviso

148 3447 173 3482 li
209 3447 246 3484 fu
278 3449 486 3496 gratissimo
523 3463 588 3499 per
621 3452 839 3498 intenderlo,
874 3457 909 3490 et
946 3453 1064 3490 arrivo
1099 3454 1151 3490 sei
1185 3454 1272 3491 hore
1305 3453 1403 3501 dipoi
1441 3453 1464 3489 il
1496 3452 1705 3489 balestriere
1738 3450 1774 3486 di
1816 3448 1921 3486 Carlo

150 3507 323 3545 Orsino...
347 3522 366 3540 »
388 3509 497 3554 (Clas.
519 3511 566 3555 X,
588 3510 672 3548 dist.
694 3513 732 3556 2,
749 3511 828 3548 filza
845 3513 903 3557 40,
924 3524 945 3548 a
964 3525 996 3549 6.
1018 3513 1117 3559 235).
