2228 3938
365 393 436 430 298
969 394 988 432 J
993 395 1202 434 OHANNIS
1236 395 1532 442 BURCHARDI,
1806 366 2018 440 [Novembre
2039 403 2133 444 1503]

369 497 606 544 scrutinio
628 498 835 561 legendo
856 501 900 552 el
925 498 1074 546 calice
1095 499 1144 546 in
1159 499 1299 547 altari
1322 503 1368 546 et
1391 498 1634 558 scabellis,
1656 501 1704 546 ct
1724 499 1803 548 alii
1825 516 1915 563 pro
1931 502 2131 566 singulis

367 579 716 640 cardinalibus,
743 580 978 628 exivimus
1003 581 1241 645 capellam
1279 584 1326 629 et
1350 580 1613 628 clausimus
1639 582 1954 638 conclavislas
1978 585 2026 632 in
2052 601 2135 634 eo-

364 676 474 707 rum
511 662 722 710 cameris
759 679 844 710 seu
883 663 992 711 loco
1023 664 1459 728 congregationum
1493 681 1502 710 :
1537 662 1720 711 lectum
1755 667 1918 713 autem
1955 667 2129 715 scruti-

362 743 496 790 nium
519 744 608 792 fuit
638 745 934 793 continentie
961 746 1234 809 sequentis:

428 827 685 875 Grimanus
789 828 933 891 elegit
970 846 1007 877 s.
1044 829 1172 876 Petri
1200 829 1256 876 ad
1285 830 1491 879 Vincula

424 910 717 957 Arborcnsis
867 932 887 954 »
1223 934 1244 955 »

424 995 672 1042 Casanova
861 1017 881 1039 »
1219 1018 1239 1039 »

423 1076 668 1124 Adrianus
870 1099 890 1121 »
1221 1103 1239 1122 ›‚

423 1161 463 1208 V
468 1159 715 1208 olaterran
725 1178 749 1208 u
757 1180 776 1207 s
864 1185 883 1205 »
1063 1204 1065 1206 ,
1224 1185 1242 1206 „

422 1242 830 1307 Rothomagensis
865 1266 884 1287 »
1226 1267 1244 1287 »

422 1325 600 1372 Montis
622 1327 814 1390 Regalis
863 1350 883 1371 »
1225 1351 1242 1369 η

421 1407 757 1456 Salernitanus
862 1433 881 1453 »
1219 1434 1238 1453 »

421 1490 599 1553 Borgia
865 1514 883 1535 »
1224 1515 1243 1537 ))

420 1573 654 1621 Ascanius
680 1574 823 1638 elegit
858 1593 894 1623 s.
933 1577 1064 1624 Petri
1095 1577 1153 1624 ad
1190 1577 1411 1636 Vincula,
1453 1577 1917 1642 Rothomagensem,
1959 1581 2133 1643 Legio-

357 1670 582 1715 nensem;
2074 1712 2077 1715 .

420 1739 468 1786 S.
505 1741 636 1787 Petri
671 1741 733 1788 ad
762 1741 969 1790 Vincula
1002 1741 1150 1806 elegit
1181 1742 1642 1807 Rothomagensem,
1679 1760 1717 1791 S.
1756 1743 1969 1808 Georgii,
2006 1746 2130 1792 Nea-

354 1821 648 1884 politanum;

421 1906 737 1955 Surrentinus
778 1908 924 1972 elegit
959 1924 1000 1955 S.
1036 1909 1165 1956 Petri
1196 1909 1256 1956 ad
1287 1908 1511 1967 Vincula,

417 1988 630 2037 MedlCOS
864 2012 884 2034 i)
1226 2011 1246 2035 »

415 2072 628 2119 Estensis
867 2095 886 2116 »
1227 2098 1245 2116 »

414 2156 731 2204 Bononiensis
858 2177 876 2198 »
1222 2180 1240 2199 ›‚

350 2292 484 2342 quibus
505 2304 550 2328 ex
571 2292 789 2341 supradictis
811 2292 994 2340 publicam
1020 2292 1207 2329 utilitatem
1229 2292 1464 2340 tangentibus
1485 2297 1519 2330 et
1540 2292 1743 2330 libertatem
1764 2292 1856 2329 sacri
1878 2291 2019 2340 collegii
2035 2304 2121 2329 con-

350 2351 571 2389 senserimus
597 2351 717 2389 futuro
737 2351 908 2388 Pontifici
928 2351 1062 2388 volenti
1081 2351 1116 2387 in
1137 2351 1257 2400 aliquo
1275 2351 1343 2388 illis
1364 2351 1625 2396 contravenire,
1644 2350 1713 2387 nisi
1741 2351 1785 2388 de
1803 2362 1984 2388 consensu
2007 2363 2122 2400 spon-

347 2416 455 2448 taneo
485 2415 520 2448 et
548 2410 661 2447 libero
692 2411 844 2447 duarum
876 2411 1032 2459 partium
1065 2422 1110 2447 ex
1138 2410 1244 2448 nobis
1276 2422 1340 2459 per
1368 2410 1525 2447 calculos
1560 2410 1847 2451 determinando,
1879 2409 2059 2447 fructibus
2087 2416 2123 2447 et

347 2469 598 2507 emolumentis
619 2469 745 2518 capelli
766 2474 803 2507 et
822 2469 973 2507 aliorum
993 2470 1173 2507 fructuum
1197 2469 1459 2515 ecclesiarium,
1481 2469 1782 2506 monasteriorum
1802 2473 1838 2506 et
1861 2468 2120 2506 beneficiorum

346 2533 551 2567 nostrorum
572 2529 701 2577 privati
734 2541 963 2576 censeamur,
989 2541 1062 2566 non
1094 2533 1306 2577 exspectata
1324 2528 1394 2566 alia
1415 2529 1611 2574 sententia,
1636 2528 1697 2577 qui
1718 2528 1857 2565 fructus
1879 2527 2006 2576 capelli
2033 2528 2118 2565 reti-

344 2593 499 2625 neantur
508 2600 572 2637 per
589 2589 824 2625 camerarium
842 2589 934 2626 sacri
946 2588 1104 2637 collegii,
1117 2593 1151 2625 et
1162 2592 1370 2625 accrescant
1383 2588 1462 2625 aliis
1478 2587 1722 2624 cardinalibus
1736 2586 2016 2624 observantibus
2035 2587 2115 2635 jure

357 2660 438 2696 pso.
461 2649 550 2685 Item
571 2648 667 2696 quod
698 2648 742 2684 de
763 2648 931 2685 omnibus
958 2653 1107 2697 rogetur
1125 2647 1302 2693 notarius,
1333 2648 1395 2697 qui
1416 2646 1563 2696 stipulet
1594 2647 1714 2684 omnia
1734 2651 1769 2684 et
1789 2645 1934 2694 singula
1963 2646 2118 2695 capitula

345 2706 492 2743 nomine
522 2707 568 2745 S.
603 2709 649 2746 R.
671 2709 711 2745 E.
736 2712 772 2745 et
789 2708 880 2744 sacri
908 2707 1048 2755 collegii
1068 2707 1320 2753 cardinalium,
1351 2707 1449 2744 etde
1481 2707 1534 2744 eis
1554 2706 1835 2743 instrumentum
1859 2706 1978 2743 facere
1996 2710 2033 2743 et
2051 2716 2117 2754 pu-

344 2765 477 2803 blicare
503 2771 683 2813 teneatur,
717 2767 965 2816 schedulaque
984 2779 1138 2816 presens
1154 2767 1220 2814 ,vel
1244 2765 1426 2803 schedulae
1458 2765 1595 2803 similes
1621 2765 1749 2802 fiendae
1782 2765 2051 2814 subscriptione
2080 2769 2116 2802 et

344 2825 464 2873 sigillo
485 2826 649 2863 annulari
678 2826 786 2863 futuri
809 2825 996 2862 Pontificis
1023 2825 1228 2862 muniendae
1254 2825 1413 2862 habeant
1440 2825 1511 2861 vim
1532 2824 1645 2861 Bullae
1671 2825 1708 2861 in
1729 2836 1830 2870 casu,
1858 2825 1957 2873 quod
1977 2825 2022 2861 ad
2048 2825 2113 2862 tri-

342 2885 452 2921 duum
473 2890 557 2935 post
579 2885 848 2922 coronationem
870 2896 972 2921 suam
999 2896 1073 2921 non
1091 2884 1230 2921 dederit
1250 2895 1352 2920 sacro
1379 2884 1531 2932 collegio
1552 2896 1617 2920 sex
1648 2882 1771 2920 Bullas
1791 2883 1991 2920 secundum
2013 2888 2117 2921 teno—

339 2955 412 2980 rem
447 2944 735 2993 subscriptorum
765 2945 1018 2993 capitulorum,
1046 2949 1154 2993 prout
1185 2944 1219 2980 in
1252 2944 1409 2992 capitulo
1440 2943 1557 2992 primo
1589 2943 1810 2980 continetur.
1843 2943 1930 2988 Quae
1966 2942 2116 2991 quidem

340 3002 510 3051 capitula,
533 3004 679 3041 omissis
697 3004 754 3040 hic
772 3003 1101 3052 subscriptionibus
1122 3003 1505 3040 reverendissimorum
1526 3001 1751 3039 dominorum
1777 3001 2028 3042 cardinalium,
2051 3002 2112 3051 qui

357 3073 377 3097 n
406 3061 500 3098 dicto
529 3062 688 3098 conclavi
719 3062 972 3104 interfuerunt,
1003 3067 1038 3098 et
1070 3061 1130 3098 illa
1157 3061 1467 3110 subscripserunt,
1500 3072 1566 3110 per
1602 3059 1872 3097 sanctissimum
1904 3060 1940 3096 in
1973 3060 2117 3098 Christo

341 3124 480 3168 patrem
499 3125 535 3157 et
554 3120 738 3157 dominum
755 3126 920 3158 nostrum
944 3120 1129 3157 dominum
1142 3121 1159 3157 J
1167 3120 1277 3156 ulium
1295 3121 1327 3156 ΙΙ
1343 3119 1495 3157 electum
1515 3120 1551 3156 in
1572 3129 1752 3156 summum
1772 3117 1987 3154 Pontificem
2008 3129 2116 3155 manu

341 3180 486 3228 propria
500 3180 706 3228 subscripta
723 3180 870 3218 fuerunt
886 3180 955 3217 sub
980 3180 1037 3216 his
1056 3179 1177 3216 verbis
1198 3192 1209 3216 .·
1234 3194 1252 3213 «
1275 3179 1350 3227 Ego
1379 3179 1495 3215 Julius
1516 3179 1548 3215 ΙΙ
1569 3178 1707 3215 electus
1732 3176 1769 3212 in
1788 3188 1968 3213 summum
1989 3177 2118 3215 Ponti-

342 3239 445 3276 ficem
466 3239 654 3287 praemissa
680 3239 800 3276 omnia
825 3243 860 3276 et
887 3238 1035 3287 singula
1055 3237 1227 3287 promitto
1257 3238 1341 3286 juro
1367 3242 1402 3275 et
1431 3249 1544 3275 voveo
1570 3237 1763 3273 observare
1789 3239 1825 3271 et
1855 3235 2054 3284 adimplere
2074 3235 2112 3272 in

340 3297 509 3335 omnibus
536 3302 572 3335 et
591 3309 656 3346 per
677 3299 799 3335 omnia
817 3309 907 3347 pure
934 3303 970 3335 et
991 3297 1202 3346 simpliciter
1227 3302 1263 3334 et
1283 3297 1379 3334 bona
1399 3297 1468 3333 fide
1493 3295 1635 3333 realiter
1662 3299 1699 3332 et
1718 3305 1799 3331 cum
1830 3294 1976 3340 effectu,
1994 3299 2030 3332 et
2047 3293 2116 3331 sub

344 3369 451 3405 poena
471 3356 614 3406 perjurii
645 3354 680 3394 et
705 3355 964 3402 anathematis,
995 3367 1016 3392 a
1036 3356 1170 3404 quibus
1202 3368 1270 3392 nec
1298 3368 1355 3393 me
1375 3356 1495 3405 ipsum
1522 3354 1722 3400 absolvam,
1744 3365 1809 3390 nec
1841 3353 1946 3390 alicui
1966 3353 2114 3390 absolu-

343 3415 476 3452 tionem
495 3415 730 3453 committam.
753 3416 807 3452 Ita
827 3426 884 3452 me
905 3416 1002 3452 Deus
1023 3415 1184 3464 adjuvet,
1206 3420 1242 3453 et
1264 3415 1341 3452 haec
1361 3419 1487 3452 sancta
1508 3413 1574 3451 Dei
1595 3413 1838 3461 Evangelia.»
1858 3414 1949 3450 Acta
1968 3411 2114 3449 fuerunt

344 3473 420 3508 haee
442 3474 564 3510 Romae
584 3473 619 3510 in
638 3467 772 3520 palatio
785 3478 821 3511 et
834 3473 970 3522 capella
984 3485 1094 3517 anno,
1109 3473 1317 3517 indictione,
1332 3485 1471 3518 mense,
1486 3472 1544 3509 die
1563 3476 1598 3511 et
1615 3473 1703 3510 hora
1715 3471 1989 3520 suprascriptis,
2007 3475 2075 3508 etc.
