2228 3938
138 347 408 390 [sannen-1:301!
578 343 743 381 RERUM
779 341 1077 380 UHBANARUM
1114 341 1462 378 COMMENTARM.
1845 342 1907 377 111

142 463 328 496 summe
353 463 465 494 reos
490 461 596 494 esse
621 444 956 494 declarandos.
988 442 1217 491 Dolemus
1245 446 1433 490 nostras
1466 457 1699 506 personas
1724 442 1786 489 ad
1813 445 1916 488 tan-

144 534 240 580 [am
279 530 574 594 distantiam·
596 527 773 585 vocari,
815 542 934 590 quos
973 526 1022 573 in
1052 525 1212 589 patria
1246 529 1428 585 nostra,
1460 541 1627 574 coram
1659 524 1917 573 ordinariis

136 613 382 678 judicibus
410 616 459 661 et
488 609 778 660 immediatis
810 609 973 672 potius
1011 609 1267 657 convenire
1299 608 1555 667 decuisset,
1590 608 1670 672 qui
1700 611 1916 656 Romane

142 698 307 762 lingue
333 695 505 761 ignari,
538 711 634 743 non
655 693 801 742 cartis
831 693 917 742 sed
942 692 1091 741 armis
1118 695 1167 741 et
1191 692 1382 741 militari
1406 692 1656 756 discipline
1680 692 1919 740 hactenus

144 796 345 844 operam
378 777 622 837 dedimus;
658 792 845 834 verum,
887 792 946 823 ne
979 776 1177 824 omnino
1211 776 1389 823 famam
1423 776 1642 824 nostram
1679 779 1727 824 et
1756 778 1919 823 vestre

144 863 414 912 sanctitatis
458 859 672 910 fiscalem
726 859 1077 923 contempsisse
1127 859 1377 908 videamur
1402 897 1411 917 ,
1456 859 1676 922 cupimus
1722 862 1771 906 et
1812 875 1920 923 spe-

148 963 308 995 ramus
347 946 435 994 has
470 947 658 993 nostras
679 946 896 1007 agrestes
927 943 1115 991 litteras
1149 959 1236 1006 pro
1274 942 1431 1000 nobis,
1460 941 1633 1005 quibus
1669 944 1717 989 et
1749 942 1923 990 moles-

148 1034 247 1078 tum
274 1032 347 1078 est
371 1033 573 1077 Romam
610 1026 874 1091 proficisci,
915 1026 1240 1075 excusationis
1275 1042 1452 1074 munus
1486 1025 1738 1089 supplere„
1768 1040 1923 1088 neque

144 1113 332 1161 dubitet
355 1111 595 1160 Sanctitas
615 1113 776 1158 vestra
802 1127 890 1158 nos
918 1127 1025 1157 esse
1057 1109 1353 1158 christianos
1381 1112 1428 1157 et
1454 1109 1579 1156 bene
1609 1108 1667 1155 dc
1693 1108 1924 1172 religione

146 1195 408 1244 christiana
431 1195 630 1250 sentire,
659 1194 836 1258 quippe
868 1195 948 1257 qui
975 1194 1260 1258 parentibus
1292 1193 1491 1251 nostris,
1529 1193 1627 1240 avis
1664 1195 1712 1240 et
1735 1192 1924 1256 proavis

146 1279 417 1343 ceterisque
447 1278 718 1343 majoribus
752 1277 1168 1325 christianissimis
1206 1277 1469 1341 progeniti,
1513 1276 1718 1325 ecclesie
1762 1292 1924 1325 sacra-

146 1362 323 1410 mentis
345 1361 537 1420 initiati,
565 1362 693 1410 inter
709 1360 1002 1410 christianos
1025 1361 1232 1420 educati,
1261 1360 1310 1407 in
1334 1360 1429 1407 fide
1456 1363 1504 1407 et
1528 1359 1748 1408 doctrina
1770 1359 1923 1407 chris-

148 1445 279 1493 tiana
309 1461 406 1493 non
439 1444 580 1493 aliter
607 1445 844 1493 sentimus
871 1461 1015 1508 quam
1047 1445 1176 1508 quod
1199 1461 1227 1492 a
1255 1443 1548 1492 doctissimis
1586 1446 1634 1491 et
1659 1443 1925 1507 religiosis-

149 1528 285 1576 simis
308 1529 440 1587 viris,
472 1528 779 1592 regularibus
802 1531 851 1577 et
877 1528 1178 1576 secularibus
1212 1527 1548 1575 sacerdotibus
1577 1526 1736 1575 edocti
1760 1542 1927 1574 sumus

150 1615 200 1659 et
220 1611 269 1659 in
288 1611 391 1659 dies
416 1611 696 1670 edocemur,
722 1611 967 1676 conjuncti
990 1627 1155 1659 sumus
1180 1610 1389 1673 denique
1414 1609 1742 1658 familiaritate
1767 1609 1925 1659 chris-

152 1693 421 1742 tianissima
436 1693 644 1758 principi
666 1694 747 1757 qui
765 1697 919 1742 Deum
945 1694 1076 1745 colit,
1101 1693 1314 1742 divinum
1339 1693 1521 1742 cultum
1538 1691 1787 1752 instaurat,
1806 1697 1926 1742 tem-

151 1776 282 1841 plum
320 1781 367 1826 et
403 1793 514 1825 aras
560 1783 778 1836 exornat,
821 1794 924 1825 rem
959 1777 1168 1826 divinam
1204 1780 1251 1825 et
1293 1777 1494 1826 verbum
1538 1777 1625 1825 Dei
1666 1775 1926 1841 diligenter

151 1859 299 1919 audit,
331 1861 514 1909 clerum
540 1862 780 1919 observat,
815 1860 1226 1918 ecclesiedefert,
1253 1861 1494 1924 justitiam
1526 1865 1671 1919 amat,
1708 1861 1925 1925 tyranni-

151 1944 262 1992 dem
299 1947 347 1992 et
377 1960 519 1992 omne
546 1945 715 1992 vitium
742 1945 844 1992 odit
867 1945 949 2008 qui
974 1961 1072 1992 non
1105 1944 1260 1992 solum
1285 1944 1343 1992 de
1369 1942 1627 2002 adulterio,
1657 1942 1741 1993 sed
1765 1960 1922 2008 neque

150 2025 209 2074 de
236 2031 390 2091 gestu,
418 2027 564 2076 verbo
589 2028 660 2075 vel
684 2028 786 2075 visu
810 2028 1055 2092 impudico
1079 2030 1274 2076 notatus
1297 2028 1386 2086 est,
1412 2027 1550 2092 quus
1571 2030 1707 2076 tanta
1730 2028 1850 2076 tides
1876 2032 1923 2077 ct

150 2109 398 2174 integritas
420 2116 510 2170 est,
540 2116 590 2160 ut
612 2111 797 2160 nullum
822 2127 1020 2176 prorsus
1043 2128 1141 2160 non
1165 2111 1291 2159 bene
1317 2112 1376 2159 de
1406 2111 1639 2175 religione
1661 2112 1926 2161 christiana

151 2194 442 2243 sententiam
465 2195 514 2242 in
532 2195 710 2259 palatio
729 2197 811 2243 aut
834 2211 1077 2259 quoquam
1099 2195 1369 2243 ministerio
1389 2211 1476 2242 suo
1494 2195 1675 2244 diutius
1699 2196 1927 2244 toleraret

152 2281 198 2324 et
221 2280 487 2341 pateretur.
513 2280 574 2325 Ut
595 2295 707 2326 vero
733 2279 1022 2343 singularius
1047 2286 1093 2327 et
1114 2279 1386 2327 distinctius
1409 2279 1523 2342 quid
1551 2279 1610 2326 de
1630 2279 1723 2327 fide
1748 2280 1926 2329 sentia-

151 2377 259 2409 mus
287 2365 440 2409 vestre
469 2362 723 2410 Sanctitati
749 2365 973 2411 constare
997 2363 1164 2427 possit,
1198 2379 1305 2423 nos,
1344 2363 1551 2411 humiles
1579 2367 1626 2411 et
1655 2364 1815 2412 devoti
1843 2364 1926 2412 filii

153 2443 555 2503 christianissimi,
589 2446 836 2494 credimus
869 2451 915 2493 et
946 2446 1235 2494 confitemur
1266 2462 1373 2494 esse
1402 2438 1558 2495 Deum
1591 2452 1638 2495 et
1665 2449 1856 2495 Patrem
1882 2452 1929 2496 et

154 2519 330 2573 Filium
363 2531 411 2575 et
447 2529 682 2591 Spiritum
717 2530 973 2587 Sanctum;
1014 2528 1187 2576 Filium
1226 2529 1532 2577 incarnatum
1567 2533 1615 2578 et
1650 2546 1846 2594 passum
1881 2534 1929 2579 et

155 2610 496 2667 resurrexisse,
527 2625 708 2674 sueque
732 2612 1109 2660 resurrectionis
1131 2612 1353 2675 exemplo
1385 2628 1556 2661 omnes
1578 2613 1802 2660 homines
1829 2618 1933 2682 tan-⁵

87 2689 94 2695 ’
157 2689 267 2740 dem
302 2697 631 2753 surrecturos3
673 2693 916 2743 credimus
948 2710 1094 2744 unam
1130 2694 1387 2742 ecclesiam
1430 2711 1537 2743 esse
1573 2701 1619 2743 et
1649 2711 1794 2743 unam
1824 2712 1932 2759 pre-

157 2776 334 2824 dictam
360 2776 525 2825 sedem
550 2780 834 2838 Romanam,
861 2779 910 2827 in
931 2795 1075 2843 quam
1090 2778 1292 2842 quisque
1320 2778 1604 2839 catholicus,
1624 2795 1720 2827 non
1746 2780 1929 2828 temere

158 2862 206 2907 et
221 2860 458 2924 corruptis
473 2860 733 2925 suffragiis,
752 2861 837 2910 sed
847 2862 979 2925 justa
996 2861 1236 2910 electione
1255 2861 1345 2910 rite
1364 2862 1638 2910 ascenderit
1659 2878 1748 2911 nec
1764 2879 1932 2927 supre-

158 2958 287 2991 mam
323 2942 454 2991 illam
490 2943 778 3007 dignitatem
810 2944 949 2993 malis
979 2945 1199 2993 moribus
1231 2950 1280 2993 et
1311 2945 1544 3009 exemplis
1572 2945 1808 3006 infecerit,
1842 2962 1932 2995 nec

160 3025 326 3073 ovibus
350 3026 525 3074 Christi
553 3027 788 3091 sanguine
810 3028 1073 3092 redemptis
1095 3028 1374 3076 scandalum
1397 3028 1663 3093 prebuerit,
1690 3046 1802 3078 eum
1827 3045 1932 3078 esse

161 3108 356 3157 Patrem
382 3112 430 3157 ct
449 3109 664 3174 judicem
696 3111 1017 3160 universalem
1049 3111 1128 3176 (1),
1159 3112 1278 3169 etei
1312 3129 1341 3160 a
1368 3112 1556 3161 cunctis
1582 3112 1930 3164 obediendum:

163 3204 273 3240 eum
305 3192 486 3256 ligandi
522 3198 570 3242 et
604 3194 818 3242 solvendi
853 3195 1033 3244 habere
1067 3199 1375 3259 potestatem,
1415 3196 1553 3245 Clave
1582 3212 1676 3245 non
1717 3201 1930 3244 errante.

163 3274 413 3323 Credimus
446 3278 600 3324 Deum
634 3293 740 3326 esse
774 3279 977 3342 justum,
1018 3278 1300 3343 puniturum
1336 3279 1515 3327 eternis
1550 3280 1741 3343 ignibus
1776 3280 1936 3343 gravia

212 3395 244 3432 1.
274 3396 323 3433 Le
342 3398 446 3446 Chigi
464 3400 584 3437 donne
605 3403 626 3437 a
646 3405 717 3438 tort
743 3416 762 3435 «
790 3403 1042 3439 universitatis
1064 3417 1082 3436 n
1104 3402 1148 3439 de
1176 3405 1290 3439 meme
1316 3402 1348 3439 16
1373 3404 1514 3440 55224
1537 3407 1573 3439 et
1594 3402 1626 3438 le
1651 3404 1732 3441 151.
1757 3402 1807 3437 La
1833 3401 1934 3446 189011

168 3470 184 3488 «
209 3457 452 3494 uniret-salem
470 3473 489 3492 »
511 3463 567 3497 est
586 3460 727 3497 donnee
740 3473 805 3509 par
821 3461 852 3497 le
874 3474 963 3498 mss.
988 3463 1116 3498 13737.
