2222 3932
183 326 291 392 [Mars
304 351 395 392 1304]
622 349 791 388 RERUM
824 350 1126 388 URBANARUM
1154 351 1505 392 COMMENTARIL
1898 360 1963 398 ³41

182 454 238 502 lit
257 454 435 518 aliquid
460 467 606 516 super
619 451 771 499 altare
794 463 884 499 nec
906 450 1099 499 intravit
1116 454 1384 503 sacristiam
1406 457 1478 503 vel
1501 457 1648 505 alium
1672 459 1854 519 locum,
1878 462 1962 509 sed

184 536 358 584 deinde
378 535 544 594 exivit3
574 537 622 582 et
652 533 975 582 ascenderunt
1005 535 1158 583 mulas
1184 540 1232 583 et
1256 538 1534 600 equitarunt
1559 541 1619 588 ad
1650 541 1890 605 Populum
1911 548 1963 591 ut

181 619 400 668 viderent
424 617 617 682 aperire
651 616 911 680 imaginem
947 616 1089 666 beate
1124 620 1274 666 Marie
1298 620 1512 684 virginis,
1547 630 1691 685 prout
1714 625 1953 673 viderunt.

249 701 431 749 Eodem
451 715 577 759 sero,
601 715 769 747 omnes
792 704 1011 747 oratores
1038 701 1339 751 Savonenses
1359 709 1595 753 venerunt
1611 707 1669 754 ad
1696 710 1874 771 Papam
1897 709 1959 755 ad

183 789 416 842 castrum,
446 787 492 830 et
517 782 720 830 osculati
746 787 854 829 sunt
876 782 1024 845 pedes
1047 799 1130 832 sue
1158 787 1451 835 Sanctitatis.

249 868 334 915 Die
355 866 565 924 veneris,
597 868 654 912 15
674 864 856 923 martii,
883 866 1016 913 circa
1039 867 1210 915 horam
1231 869 1511 932 vigesimam
1533 872 1815 931 secundam,
1841 873 1958 921 dicti

183 953 400 998 oratores
436 952 640 1011 quatuor
676 947 872 994 fuerunt
907 963 995 1011 per
1034 965 1122 996 nos
1159 954 1369 1013 quatuor
1406 952 1615 1015 prelatos
1638 955 1864 1002 associati
1897 957 1958 1003 ad

184 1037 396 1081 castrum
417 1048 454 1079 s.
479 1030 649 1094 Angeli
674 1049 682 1078 :
710 1035 927 1078 oratores
951 1031 1194 1081 intrarunt
1218 1050 1245 1081 a
1266 1035 1447 1082 dextris
1473 1038 1521 1083 et
1545 1052 1634 1084 nos
1663 1052 1691 1084 a
1718 1038 1950 1095 sinistris;

180 1116 404 1164 videlicet
435 1115 620 1179 primus
654 1114 714 1161 ad
755 1115 976 1162 dextram
1016 1115 1229 1180 episcopi
1267 1119 1587 1177 Savonensis;
1626 1121 1865 1168 secundus
1897 1122 1958 1169 ad

179 1200 397 1248 dextram
419 1197 773 1261 Melphitensis;
802 1197 975 1246 tertius
1009 1199 1069 1246 ad
1090 1200 1314 1247 dextram
1335 1217 1523 1261 meam;
1545 1206 1744 1265 quartus
1769 1205 1828 1251 ad
1849 1204 1962 1251 dex-

177 1288 300 1331 tram
325 1281 602 1337 Naulensis;
630 1285 676 1329 et
702 1283 828 1344 Pape
853 1281 943 1344 ipsi
978 1283 1294 1345 prestiterunt
1316 1285 1642 1333 obedientiam
1667 1286 1890 1334 devotam
1910 1291 1958 1336 et

182 1371 423 1414 secretam
447 1365 495 1411 in
526 1379 721 1412 camera
744 1364 959 1428 angulari
986 1365 1275 1428 respiciente
1302 1383 1445 1431 super
1470 1372 1668 1431 pontem
1698 1385 1736 1416 s.
1764 1370 1952 1433 Angeli.

179 1448 506 1498 Interfuerunt
530 1447 797 1495 cardinales
818 1448 1119 1496 Mimatensis
1144 1455 1191 1496 et
1215 1466 1253 1497 s.
1284 1450 1414 1497 Petri
1440 1451 1499 1498 ad
1527 1451 1755 1510 Vincula;
1783 1452 1958 1500 deinde

178 1533 351 1581 eodem
389 1531 559 1578 ordine
603 1545 686 1578 eos
731 1530 981 1594 [oratores]
1024 1532 1368 1580 associavimus
1411 1549 1564 1596 usque
1602 1534 1663 1581 ad
1707 1520 1957 1582 basilicam

177 1631 214 1662 s.
242 1614 371 1662 Petri
394 1617 442 1661 et
460 1613 570 1661 inde
597 1613 657 1660 ad
682 1614 881 1661 domum
907 1614 1153 1677 Ragusini,
1181 1630 1353 1662 eorum
1377 1616 1661 1678 hospitium.

240 1698 327 1746 Die
354 1697 598 1744 dominica
619 1700 792 1759 quarta
813 1697 1206 1760 quadragesime,
1240 1702 1294 1745 17
1323 1698 1498 1756 martii,
1527 1702 1690 1747 Rmus.
1715 1703 1770 1747 D.
1803 1700 1955 1748 cardi-

174 1781 299 1828 nalis
332 1783 575 1828 Cumanus
613 1779 876 1827 celebravit
904 1780 1104 1827 missam
1137 1781 1404 1828 solemnem
1440 1781 1514 1829 cui
1547 1784 1677 1845 Papa
1710 1782 1952 1841 interfuit;

175 1865 275 1928 qui,
298 1863 491 1927 quando
514 1862 736 1911 veniebat
758 1863 819 1910 ad
833 1862 1048 1922 missam,
1076 1863 1320 1912 benedixit
1339 1880 1501 1912 rosam
1523 1865 1570 1912 in
1587 1853 1782 1912 camera
1805 1869 1955 1930 Papa-

175 1948 305 2012 galli,
344 1950 399 1995 D.
431 1947 755 2006 Ferdinando‚
783 1946 963 1994 clerico
996 1962 1207 2005 camere,
1249 1947 1378 1995 illam
1410 1952 1605 1996 tenente
1640 1948 1831 2010 quoties
1867 1949 1955 1996 fuit

173 2034 516 2095 opportunum,
537 2033 585 2077 et
607 2031 892 2077 incensante
909 2045 1044 2088 eam;
1068 2033 1116 2078 et
1138 2034 1248 2093 post
1269 2031 1484 2088 missam,
1516 2035 1774 2094 antequam
1797 2031 1954 2079 exiret

171 2117 301 2178 Papa
316 2114 377 2161 ad
403 2128 648 2161 cameram
663 2113 923 2176 Papagalli,
941 2113 1095 2161 vocati
1111 2113 1309 2161 fuerunt
1328 2113 1597 2162 cardinales
1623 2114 1683 2161 ad
1709 2129 1953 2163 cameram

169 2197 413 2245 audientie
455 2211 562 2244 cum
601 2195 775 2258 quibus
811 2195 982 2243 habuit
1020 2211 1298 2244 sermonem
1339 2197 1411 2244 vel
1449 2197 1651 2245 verbum
1691 2197 1751 2244 de
1790 2197 1949 2244 dando

168 2296 345 2339 rosam,
372 2284 418 2328 et
443 2279 655 2328 decrevit
680 2279 797 2326 dare
821 2294 927 2327 eam
943 2280 1277 2328 communitati
1300 2281 1528 2328 Januensi
1549 2285 1596 2327 et
1621 2280 1815 2327 mittere
1842 2286 1950 2328 eam'

166 2379 254 2428 per
284 2379 455 2411 eorum
489 2366 738 2410 oratores:
770 2366 880 2425 post
903 2362 1033 2425 quod
1065 2364 1322 2410 decretum
1346 2363 1532 2411 vocavit
1563 2378 1641 2410 me
1668 2366 1716 2410 et
1740 2362 1950 2410 interro-

167 2446 292 2510 gavit
314 2447 352 2493 si
375 2446 613 2493 deberent
633 2445 861 2492 associari
889 2449 1106 2493 oratores
1123 2461 1209 2508 per
1230 2446 1506 2493 cardinales
1532 2449 1733 2509 propter
1750 2460 1913 2492 rosam
1934 2461 1944 2493 :

167 2529 260 2576 dixi
281 2529 409 2590 quod
431 2544 545 2587 non,
572 2527 684 2590 quia
703 2543 799 2575 non
822 2528 1021 2575 daretur
1039 2528 1108 2575 eis
1124 2528 1208 2575 sed
1231 2529 1585 2587 communitati,
1612 2533 1657 2576 et
1683 2531 1947 2590 propterea

166 2627 265 2658 non
297 2610 597 2658 associarent
628 2609 916 2666 cardinales,
953 2610 1043 2656 nisi
1078 2610 1371 2673 principales
1404 2611 1493 2673 ipsi
1530 2610 1736 2667 aderint,
1770 2609 1944 2671 quibus

166 2695 362 2741 daretur
386 2708 496 2740 rosa
519 2697 566 2740 et
590 2692 719 2754 quod
745 2708 833 2754 per
859 2692 1078 2754 'prelatos
1109 2697 1156 2739 et
1179 2708 1266 2755 per
1288 2692 1520 2739 familiam
1554 2691 1832 2739 Sanctitatis
1858 2707 1943 2739 sue

164 2777 400 2825 deberent
432 2775 680 2833 associari,
718 2780 764 2822 et
802 2775 930 2838 quod
969 2779 1077 2838 post
1100 2775 1306 2822 reditum
1340 2775 1398 2821 de
1437 2773 1623 2836 capella
1658 2779 1787 2821 esset
1825 2772 1942 2835 ipsis

162 2860 439 2908 oratoribus
480 2859 527 2906 in
562 2873 755 2906 camera
786 2858 1026 2922 Papagalli
1064 2858 1220 2905 danda
1257 2857 1359 2904 sine
1400 2857 1491 2903 illis
1522 2856 1693 2909 ‚verbis
1735 2856 1783 2902 in
1815 2855 1939 2903 libro

159 2942 551 2990 ceremoniarum
584 2940 779 3004 positis3
821 2945 867 2987 et
890 2940 957 2987 sic
983 2940 1165 2988 factum
1200 2944 1289 2987 est.
1328 2939 1607 2986 Orationem
1646 2938 1757 2986 fecit
1782 2939 1830 2985 in
1856 2954 1936 2986 ca—

158 3025 283 3089 pella
332 3027 622 3089 procurator
670 3023 1043 3071 carmelitarum.
1087 3023 1244 3070 Finita
1281 3023 1443 3075 missa,
1493 3025 1621 3085 Papa
1671 3021 1935 3084 reportavit

157 3122 321 3155 rosam
348 3108 407 3154 ad
433 3122 677 3154 cameram
711 3106 982 3169 paramenti
1016 3106 1114 3163 ubi,
1152 3106 1384 3169 depositis
1420 3105 1566 3152 sacris
1603 3104 1834 3157 vestibus,
1873 3106 1930 3150 D.

157 3189 435 3252 Alphonsus
458 3206 570 3237 cum
597 3190 815 3238 Johanne
843 3189 1184 3237 Bartholomeo
1212 3193 1259 3237 et
1286 3189 1496 3251 quodam
1522 3188 1616 3235 alio
1640 3189 1935 3249 conquestus

156 3272 285 3335 quod
335 3272 522 3320 auditor
566 3288 758 3320 camere
800 3273 968 3320 fuisset
1015 3272 1243 3335 episcopo
1276 3274 1499 3319 Massano
1541 3273 1811 3332 suspectuS,
1858 3269 1934 3316 cui

157 3357 419 3418 propterea
451 3354 618 3403 fuisset
658 3355 797 3403 datus
827 3355 1133 3417 inadjunctus
1164 3354 1426 3401 cardinalis
1468 3352 1817 3400 Volaterranus
1852 3351 1934 3413 qui

162 3436 372 3485 dedisset
405 3437 683 3500 episcopum
721 3437 1046 3495 assistentem,
1085 3437 1187 3483 sine
1226 3452 1319 3498 quo
1346 3435 1590 3498 predictus
1627 3433 1822 3481 auditor
1849 3433 1929 3481 de-
