2228 3938
268 320 339 356 254
877 317 1109 354 JOHANNIS
1145 314 1440 358 BURCHARDI,
1829 315 1933 355 [Aout
1955 317 2047 356 1503]
2072 298 2074 300 ι

273 421 407 470 ducis
442 426 489 468 et
519 419 735 483 gentium
772 436 987 479 suarum,
1018 423 1065 467 et
1094 420 1289 467 fuerunt
1330 421 1565 481 concepta
1602 417 1812 480 capitula
1842 417 2048 481 desuper

273 505 400 552 inter
434 503 693 567 collegium
725 508 772 550 et
796 519 924 550 eum.
963 505 1173 550 Durante
1211 501 1604 565 congregatione,
1645 500 1833 564 perdidi
1867 501 2046 548 mulam

275 603 436 635 meam
459 602 603 649 quam
636 586 884 634 familiaris
912 585 1175 643 dimiserat,
1201 589 1247 633 et
1279 585 1419 632 exivit
1441 585 1501 632 de
1530 584 1663 631 curia
1696 587 1743 632 et
1775 583 1918 631 domo
1942 599 2049 631 car-

275 670 446 718 dinalis
465 669 765 733 Neapolitani
788 668 867 716 ubi
890 668 1085 731 quidam
1109 685 1165 715 ex
1185 669 1398 716 Suburra
1417 667 1632 716 Leonina
1653 683 1759 715 eam
1773 666 2051 730 ⁴apprehen-

278 754 454 816 ditper
483 753 628 801 retias
652 756 699 800 et
726 752 858 800 duxit
882 752 1023 815 plane
1060 767 1154 815 quo
1194 751 1356 799 voluit.
1399 754 1503 798 Duo
1545 750 1679 798 Judei
1720 750 2051 798 indicaverunt

276 852 381 885 esse
402 837 450 883 in
476 838 654 900 Burgo.

344 919 523 967 Eadem
548 920 641 978 die,
680 920 727 966 in
763 935 889 978 sero,
924 919 1051 967 venit
1084 920 1144 967 ad
1178 921 1357 968 Urbem
1378 918 1637 968 cardinalis
1665 918 1999 976 vulterranus,
2025 933 2053 964 a

277 1003 374 1050 suis
399 1003 766 1067 particularibus
800 1003 967 1050 amicis
1002 1003 1266 1051 associatus
1289 1020 1298 1051 :
1326 1003 1455 1051 venit
1476 1003 1533 1050 de
1560 1005 1722 1050 Monte
1757 999 1980 1071 Rootundo
2004 1003 2049 1048 et

275 1085 544 1150 hospitatus
580 1086 628 1133 in
663 1086 807 1134 domo
845 1090 901 1134 D.
940 1086 1103 1134 Jacobi
1144 1086 1202 1134 de
1231 1087 1474 1134 Fidelibus
1496 1102 1588 1149 que
1625 1089 1698 1133 est
1728 1083 1964 1132 heredum
1991 1085 2047 1130 D.

277 1170 405 1218 Petri
428 1170 487 1218 de
510 1172 654 1229 Luca,
677 1185 774 1218 non
793 1170 935 1233 longe
959 1186 986 1217 a
1007 1170 1150 1217 domo
1168 1170 1424 1218 cardinalis
1447 1186 1485 1217 s.
1513 1169 1745 1218 Severini.

344 1253 430 1300 Die
452 1252 575 1317 jovis
608 1256 659 1300 31
695 1253 901 1316 augusti,
939 1253 1027 1300 fuit
1054 1253 1365 1316 congregatio
1399 1253 1448 1300 in
1476 1254 1621 1301 domo
1652 1251 1952 1316 Neapolitani
1974 1249 2052 1314 qui

278 1336 391 1384 fecit
413 1336 606 1399 pulsare
631 1352 917 1399 campanam
946 1353 1101 1395 suam,
1134 1341 1180 1384 et
1202 1336 1285 1383 fuit
1309 1337 1357 1383 in
1380 1336 1625 1396 mantello,
1655 1341 1706 1383 ut
1727 1335 1843 1383 alias
1867 1353 1875 1382 :
1903 1334 2054 1383 inter-

276 1419 470 1467 fuerunt
500 1419 866 1483 quatuordecim
901 1420 1184 1479 cardinales,
1217 1420 1469 1468 videlicet:
1502 1419 1862 1483 Neapolitanus,
1900 1421 2053 1466 Reca-

277 1502 508 1561 natensis,
532 1519 569 1550 s.
594 1503 839 1560 Praxedis,
865 1503 1233 1561 Alexandrinus,
1263 1520 1299 1549 s.
1336 1504 1518 1561 Crucis,
1551 1503 1824 1561 Grimanus,
1855 1505 2054 1566 Caputa-

277 1585 491 1649 quensiS,
520 1586 856 1643 BononiensiS,
878 1586 936 1632 de
962 1586 1136 1644 Flisco,
1155 1586 1384 1644 Medices,
1404 1604 1442 1633 s.
1463 1586 1693 1645 Severini,
1719 1585 2053 1649 Legionensis,

280 1668 537 1718 Cesarinus
579 1674 626 1718 et
674 1671 734 1717 (16
765 1670 1013 1718 Farnesio.
1063 1670 1244 1726 Quibus
1281 1669 1607 1733 congregatis,
1656 1669 1955 1733 propositum
1985 1673 2057 1716 est

281 1757 469 1801 Rmum.
495 1756 549 1801 D.
574 1754 917 1803 Vulterranum
937 1754 1126 1802 venisse
1152 1755 1212 1802 ad
1238 1754 1430 1812 Urbem,
1458 1756 1506 1801 et
1528 1770 1578 1801 se
1602 1753 1794 1800 RRmis.
1826 1752 2053 1800 Domina—

286 1836 493 1885 tionibus
519 1838 617 1884 suis
640 1838 944 1886 committere
976 1842 1020 1885 et
1049 1842 1303 1902 expectare
1330 1837 1611 1885 mandatum
1637 1835 2058 1885 reverendissima-

279 1936 389 1968 rum
412 1920 803 1969 Dominationum
825 1937 1022 1969 suarum
1049 1921 1162 1983 quid
1184 1922 1242 1969 sit
1267 1926 1474 1969 acturus.
1509 1919 1674 1969 RRmi.
1698 1919 1886 1968 Domini
1912 1920 2054 1968 intel-

278 2003 499 2051 lexerunt
514 2019 631 2052 ame
645 2004 844 2053 sibinon
866 2021 971 2052 esse
988 2005 1282 2052 manendum
1297 2004 1426 2051 domi
1444 2005 1528 2051 sed
1542 2020 1684 2067 posse
1706 2020 1797 2066 pro
1817 2003 1956 2051 libitu
1969 2019 2054 2051 suo

280 2086 442 2135 venire
467 2087 528 2135 ad
553 2088 981 2151 congregationem
1009 2091 1054 2136 et
1075 2088 1193 2135 alios
1218 2091 1353 2135 actus
1377 2103 1385 2134 :
1412 2087 1761 2135 commiserunt
1781 2086 1939 2145 nobiS,
1964 2103 2053 2135 no—

280 2169 409 2217 mine
427 2185 614 2231 eorum,
627 2171 755 2234 quod
771 2170 1046 2219 Dominatio
1064 2188 1147 2219 sua
1160 2171 1345 2219 veniret
1361 2186 1447 2234 pro
1463 2170 1660 2218 arbitrio
1679 2186 1780 2229 suo,
1796 2170 1875 2233 qui
1889 2185 2055 2218 ascen-

282 2252 351 2300 dit
379 2253 440 2301 ad
466 2260 785 2319 congregatos
813 2255 862 2302 in
894 2271 1046 2319 cappa
1066 2255 1114 2302 in
1140 2271 1232 2318 qua
1258 2254 1348 2302 fuit
1369 2254 1418 2300 in
1441 2253 1606 2302 locum
1636 2269 1823 2312 eorum,
1854 2257 2005 2312 stans,
2028 2269 2055 2300 a

282 2335 479 2400 singulis
492 2340 715 2401 receptus
737 2337 796 2386 ad
810 2338 905 2385 oris
930 2338 1176 2396 osculum3
1205 2337 1397 2384 tandem
1417 2337 1639 2384 exuimus
1659 2351 1862 2400 cappam
1882 2335 2056 2384 etfeci-

283 2435 390 2466 mus
409 2435 521 2467 eum
538 2420 705 2469 sedere
723 2421 769 2468 in
788 2422 896 2470 loco
916 2439 1000 2469 suo
1023 2423 1146 2470 inter
1158 2421 1427 2470 cardinales
1453 2420 1812 2469 Bononiensem
1829 2420 1949 2469 etde
1963 2420 2058 2468 Fli-

286 2518 385 2550 sco.
401 2505 572 2552 Vocati
595 2504 788 2553 fuerunt
805 2508 1022 2553 oratores
1048 2509 1224 2554 etcum
1241 2505 1308 2553 eis
1328 2509 1584 2553 tractatum
1607 2506 1666 2552 de
1682 2520 1877 2553 recessu
1899 2504 2052 2552 ducis.

348 2586 435 2634 Die
460 2588 652 2635 veneris
680 2593 697 2636 1
731 2588 1038 2652 septembris,
1063 2590 1154 2638 fuit
1177 2589 1491 2655 congregatio
1507 2589 1556 2636 in
1578 2590 1723 2638 domo
1747 2591 1803 2636 D.
1831 2587 2058 2652 Neapoli-

282 2670 381 2717 tani
416 2670 497 2733 qui
527 2672 734 2735 pulsavit
765 2689 1066 2737 campanam.
1110 2674 1332 2722 Interfuit
1363 2672 1735 2737 congregationi
1773 2688 1884 2721 cum
1918 2687 2057 2719 man-

280 2753 412 2812 tello,
441 2758 494 2803 ut
518 2756 671 2819 priUS,
699 2756 775 2805 cui
794 2757 941 2804 etiam
963 2757 1289 2805 interfuerunt
1307 2758 1477 2806 decem
1497 2760 1544 2805 et
1567 2771 1740 2805 novem
1762 2755 2051 2812 cardinales,

279 2838 526 2887 videlicet:
560 2840 925 2903 Neapolitanus,
955 2841 1309 2900 Ulixbonensis,
1339 2840 1703 2898 Recanatensis,
1732 2856 1779 2887 s..
1802 2837 2051 2895 Praxedis,

280 2922 650 2982 Alexandrinus,
680 2939 717 2970 s.
760 2923 946 2983 Crucis,
973 2924 1244 2983 Grimanus,
1284 2924 1595 2982 Arborensis,
1635 2921 1940 2980 Cusentinus,
1975 2922 2056 2968 Sa-

281 3004 573 3062 lernitanus,
603 3007 1000 3070 Caputaquensis‚
1042 3007 1372 3066 Bononiensis,
1410 3006 1750 3063 Vulterranus,
1786 3005 1844 3052 (16
1878 3003 2053 3060 Flisco,

281 3089 512 3148 Medices,
537 3105 575 3136 s.
603 3089 837 3149 Severini,
865 3090 1137 3149 Cesarinus,
1167 3091 1226 3138 de
1250 3090 1479 3138 Farnesio
1505 3092 1554 3138 et
1576 3090 1635 3137 de
1658 3088 1909 3136 AlibrettO.
1938 3089 2058 3135 Con—

284 3171 418 3220 clusa
443 3171 641 3220 fuerunt
672 3172 834 3220 omnia
870 3173 1081 3236 capitula
1115 3174 1173 3220 de
1196 3189 1393 3221 recessu
1419 3172 1553 3221 ducis
1585 3178 1631 3220 et
1664 3171 1774 3230 alia,
1802 3170 2052 3219 videlicet:

286 3271 476 3304 sacrum
494 3255 751 3319 collegium
770 3255 992 3319 promisit
1014 3256 1126 3303 dare
1149 3256 1259 3304 duci
1277 3256 1487 3304 liberum
1505 3255 1762 3304 transitum
1784 3271 1872 3319 per
1889 3269 2058 3302 omnes

291 3341 444 3387 terras
464 3355 667 3388 romane
692 3339 906 3388 Ecclesie
932 3355 1042 3387 cum
1067 3339 1163 3387 suis
1197 3339 1455 3388 artellariis
1480 3344 1526 3388 et
1548 3339 1713 3388 salmis
1742 3355 1829 3404 per
1854 3339 2054 3395 Urbem3

298 3423 520 3484 promisit
553 3425 699 3473 etiam
732 3412 939 3489 pOpulus
961 3438 1193 3473 romanus
1219 3424 1277 3473 de
1298 3439 1396 3473 non
1411 3423 1628 3473 ,lodendo
1651 3423 1825 3473 ducem
1851 3421 1922 3472 vel
1947 3436 2060 3469 suos
