2228 3938
149 385 415 427 [Fevrier15o3]
583 386 751 424 RERUM
784 382 1087 424 URBANARUM
1120 383 1472 423 COMMENTARII.
1557 401 1563 406 “
1860 387 1931 423 235

214 490 357 539 Feria
376 493 567 555 quarta,
595 494 653 539 25
673 489 883 555 januarii
905 487 1187 552 supradicti,
1217 488 1338 536 festo
1362 488 1694 537 conversionis
1709 505 1749 538 s.
1772 489 1926 548 Pauli,

148 573 197 620 in
220 589 363 622 mane
387 590 539 638 usque
568 575 628 623 ad
657 575 833 623 horam
858 573 1135 632 tertiarum,
1172 573 1259 622 fuit
1287 573 1389 622 dies
1419 575 1556 622 clara
1588 576 1636 622 et
1660 590 1854 635 serena,
1885 576 1933 624 et

149 656 278 705 circa
301 657 559 707 meridiem
585 662 632 706 et
658 661 784 722 post,
807 658 1006 705 fuerunt
1029 657 1156 705 venti
1178 657 1293 705 satis
1319 661 1562 721 potentes.

214 742 357 791 Feria
393 742 553 803 tertia,
590 742 760 791 ultima
785 742 1019 807 januarii,
1056 741 1242 790 dictum
1277 741 1361 790 fuit
1394 757 1484 806 per
1517 742 1696 790 Urbem
1722 740 1933 790 Pandol-

149 826 302 890 phum
344 826 676 885 Petruccium,
721 826 874 875 civem
918 829 967 874 et
1008 826 1318 890 capellanum
1360 828 1650 885 Senensem,
1698 825 1747 873 in
1789 828 1933 874 nocte

149 910 371 976 sequenti
401 911 532 959 diem
570 911 758 959 sabbati
784 911 1006 974 proxime
1045 910 1288 975 preteriti,
1330 926 1388 958 ex
1424 910 1563 958 Senis
1603 909 1850 957 recedisse
1885 912 1930 957 et

151 995 298 1043 fuisse
322 995 434 1044 inde
464 988 758 1044 associatum
794 1011 822 1043 a
849 997 1097 1059 Capuano,
1127 994 1424 1042 cancellario
1455 993 1594 1041 ducis
1618 992 1935 1043 Valentinen-

81 1142 83 1144 Ι
150 1077 213 1125 sis
248 1081 296 1126 et
325 1078 549 1142 gentibus
581 1079 809 1127 Senensis
839 1079 1092 1144 [dominii]‚
1128 1079 1308 1127 iturum
1335 1081 1544 1126 Luccam
1572 1080 1619 1125 et
1645 1092 1740 1141 quo
1765 1075 1929 1135 vellet,

148 1165 196 1210 et
219 1163 348 1226 quod
369 1164 468 1211 dux
489 1163 851 1213 Valentinensis
868 1166 1203 1212 reverteretur
1226 1164 1288 1211 ad
1316 1163 1516 1211 Urbem.

213 1247 397 1295 Eadem
420 1248 516 1308 die,
549 1248 715 1297 ultima
739 1248 947 1313 predicti
972 1248 1153 1295 mensis
1172 1247 1401 1311 januarii,
1432 1246 1482 1294 in
1508 1260 1668 1304 mane,
1696 1259 1932 1308 conques-

147 1332 225 1378 tus
249 1330 317 1379 fui
344 1332 428 1379 SS.
462 1333 517 1379 D.
545 1334 712 1379 nostro
738 1331 868 1394 quod
892 1330 1158 1378 cardinalis
1185 1328 1569 1378 Cesarinus'heri
1594 1343 1706 1376 sero
1734 1326 1930 1375 fecisset

146 1413 268 1462 mihi
295 1415 522 1463 nunciari
553 1431 640 1479 per
667 1414 1026 1474 Sebastianum,
1052 1414 1385 1462 camerarium
1413 1428 1572 1472 suum,
1601 1411 1731 1476 quod
1756 1426 1930 1474 expor-

146 1502 305 1546 tarem
330 1497 493 1546 omnia
515 1499 644 1547 bona
669 1515 780 1547 mea
807 1499 865 1548 de
890 1499 1099 1547 cameris
1130 1500 1219 1547 sub
1251 1498 1394 1547 horto
1420 1513 1508 1545 suo
1534 1513 1621 1561 per
1644 1511 1723 1544 me
1748 1494 1930 1544 consti-

146 1581 258 1629 tutis
301 1582 636 1642 consistentia,
676 1583 790 1646 quia
827 1584 921 1631 hoc
959 1599 1102 1630 mane
1139 1583 1281 1631 vellet
1318 1583 1501 1631 intrare
1538 1585 1585 1629 et
1626 1579 1715 1627 sibi
1749 1593 1928 1642 appro-

147 1664 309 1728 priare
354 1666 552 1713 easdem
599 1682 823 1714 cameras
867 1672 1097 1730 tanquam
1140 1683 1243 1715 rem
1288 1664 1427 1714 suam
1472 1668 1520 1713 et
1568 1664 1659 1711 sibi
1696 1660 1889 1710 debitas
1914 1677 1923 1709 z

146 1748 462 1813 supplicando
487 1766 571 1797 sue
599 1751 863 1799 Sanctitate
894 1750 1024 1814 quod
1052 1767 1150 1799 non
1174 1750 1482 1816 permitteret
1501 1747 1621 1796 mihi
1642 1745 1923 1796 violentiam

146 1832 333 1892 inferri,
369 1850 479 1882 cum
518 1851 676 1884 essem
712 1839 913 1901 paratus
945 1840 1078 1885 stare
1111 1836 1226 1901 juri,
1263 1839 1356 1884 etc.
1394 1834 1638 1883 Sanctitas
1675 1846 1762 1879 sua
1791 1827 1926 1878 coin-

144 1916 275 1966 misit
299 1918 614 1982 gubernatori
639 1921 779 1969 Urbis
804 1921 934 1985 quod
958 1921 1210 1969 intimaret
1239 1919 1473 1969 cardinali
1497 1918 1628 1982 quod
1650 1930 1750 1964 non
1770 1915 1928 1962 intra-

142 2003 220 2049 ret
245 2001 445 2050 domum
470 2018 633 2051 meam
661 2004 915 2064 violenter,
943 2020 1032 2053 nec
1062 2004 1245 2068 aliquid
1267 2009 1438 2052 contra
1462 2018 1541 2050 me
1568 2002 1851 2057 innovaret3
1881 2000 1928 2044 et

142 2085 270 2149 quod
298 2085 346 2133 in
367 2102 511 2135 mane
536 2087 632 2136 diei
656 2090 865 2138 crastine
888 2106 983 2154 qua
1004 2093 1133 2139 esset
1163 2090 1382 2138 facturus
1409 2086 1775 2143 consistorium,
1800 2081 1927 2131 veni-

140 2183 247 2217 rem
275 2185 440 2219 coram
463 2172 730 2221 Sanctitate
758 2190 845 2221 sua
866 2174 915 2221 in
940 2174 1248 2232 consistorio,
1274 2173 1356 2222 ubi
1381 2175 1511 2222 esset
1535 2186 1614 2219 me
1636 2170 1684 2217 in
1709 2166 1926 2217 cardina-

139 2251 199 2300 lis
218 2255 469 2316 presentia
488 2256 757 2306 auditurus
781 2259 1085 2306 Gubernator
1105 2258 1342 2306 intimavit
1367 2255 1602 2305 cardinali
1627 2253 1923 2302 voluntatem

142 2337 289 2400 Pape,
320 2353 484 2386 coram
508 2356 603 2404 quo
635 2358 725 2405 ego
756 2342 805 2389 in
836 2343 1122 2390 consistorio
1146 2342 1400 2406 comparui
1432 2341 1481 2388 in
1511 2354 1656 2387 mane
1679 2334 1919 2399 sequenti,

142 2422 190 2466 et
232 2426 402 2470 contra
441 2425 743 2473 cardinalem
782 2427 1064 2476 Cesar-inum
1097 2431 1375 2491 presentem
1415 2424 1483 2473 fui
1517 2424 1577 2471 de
1615 2419 1845 2470 violentia
1878 2421 1924 2465 et

142 2502 333 2567 injuriis
370 2511 681 2570 conquestus
721 2512 871 2573 Papa,
906 2511 1070 2559 audita
1101 2512 1299 2575 querela
1338 2525 1448 2558 mea
1481 2513 1530 2557 et
1562 2507 1689 2555 illius
1722 2517 1924 2567 respon-

144 2586 297 2646 sione,
325 2588 443 2637 dixit
469 2606 547 2638 me
578 2595 626 2640 et
659 2608 709 2640 se
740 2593 1078 2657 imprudenter
1109 2595 1295 2659 egisse:
1324 2610 1402 2641 me
1429 2593 1510 2656 qui
1537 2589 1757 2640 edificavi
1784 2587 1923 2652 juxta

141 2674 390 2733 potentem
424 2674 694 2734 dominum,
735 2680 783 2725 et
812 2693 863 2725 se
894 2677 975 2740 qui
1004 2677 1268 2726 construxit
1295 2678 1434 2741 juxta
1462 2675 1673 2732 ssumen3
1702 2686 1816 2719 nam
1840 2669 1923 2716 illa

141 2759 303 2815 nocte,
329 2761 441 2805 tunc
468 2760 718 2821 preterita,
746 2761 1079 2810 excrescentia
1102 2761 1300 2826 Tyberis
1331 2763 1577 2815 causante,
1606 2755 1923 2805 fundamenta

141 2844 283 2905 porte
307 2830 451 2890 castri
476 2860 514 2891 s.
541 2845 712 2908 Angeli
737 2845 965 2910 contigue
990 2848 1125 2893 mota
1148 2848 1261 2893 sunt
1286 2847 1438 2903 extra,
1467 2845 1613 2906 porta
1636 2840 1742 2904 ipsa
1765 2837 1921 2886 mina-

142 2924 286 2974 batur
307 2927 528 2988 ruinam;
556 2932 603 2977 et
624 2929 867 2977 commisit
890 2944 1104 2988 causam,
1133 2932 1279 2993 prout
1302 2929 1360 2976 de
1392 2929 1520 2991 jure,
1549 2923 1919 2987 archiepiscopo

142 3011 407 3074 Ragusino,
442 3013 656 3076 presenti
688 3017 736 3061 et
763 3014 1050 3078 acceptanti,
1089 3013 1229 3062 nobis
1261 3013 1498 3061 ambobus
1529 3007 1916 3073 acceptantibus,

143 3108 253 3141 cum
293 3095 523 3145 mandato
566 3099 694 3161 quod
741 3097 1002 3146 cardinalis
1045 3098 1167 3146 nihil
1211 3099 1464 3146 innovaret
1508 3098 1677 3143 contra
1717 3107 1795 3140 me
1832 3105 1921 3138 nec

144 3180 455 3241 attemptaret
489 3181 568 3246 (1).

210 3263 262 3310 ln
301 3279 409 3312 sero
448 3266 562 3315 dicti
598 3267 712 3329 diei,
752 3273 770 3317 1
814 3268 1063 3330 februarii,
1103 3271 1354 3332 repertum
1385 3271 1455 3316 est
1500 3265 1680 3314 circam
1720 3266 1923 3311 Pontem

190 3411 223 3447 1.
252 3393 306 3449 Ge·
328 3415 556 3463 paragraphe
584 3419 640 3453 est
658 3417 825 3465 precede,
861 3417 953 3453 dans
983 3415 1016 3452 le
1048 3427 1141 3452 mss.
1172 3416 1252 3460 15¹,
1285 3415 1348 3454 fol.
1383 3415 1464 3460 179,
1494 3414 1543 3450 du
1564 3413 1648 3450 titre
1681 3411 1828 3448 suivant
1859 3409 1922 3459 qui

142 3469 279 3506 semble
298 3470 399 3507 avoir
418 3474 475 3509 ete
495 3473 621 3522 redige
641 3486 706 3523 par
725 3475 913 3511 Burchard
933 3485 943 3511 ι
967 3488 986 3507 «
1008 3475 1062 3511 De
1081 3475 1229 3521 querela
1249 3486 1327 3511 mea
1347 3478 1472 3511 contra
1492 3475 1685 3510 Dominum
1698 3472 1924 3510 cardinalem

143 3529 360 3567 Cesarinum
378 3532 490 3578 Pape,
513 3547 532 3566 »
554 3533 603 3570 Ce
621 3532 706 3571 titre
726 3545 882 3582 manque
899 3534 991 3570 dans
1013 3533 1046 3571 le
1073 3547 1163 3572 mss.
1183 3534 1303 3582 Chigi.
