2202 3918
326 394 395 430 384
935 393 1165 430 JOHANNIS
1200 392 1493 438 BURCHARDI,
1876 393 1985 434 [Ax-rit
2008 394 2100 434 1505]

331 495 617 553 Lawestein,
635 495 690 542 (16
700 495 806 542 cani
824 495 931 542 novi
947 495 1088 543 electi
1104 496 1392 559 Moguntini,
1412 495 1460 541 id
1476 499 1546 542 est
1563 498 1619 542 D.
1641 494 1761 541 Onel
1782 493 1840 541 de
1858 496 2102 542 Gemmin-

333 595 442 643 gen,
471 578 757 625 Laurentius
781 578 995 626 Truches
1015 579 1403 627 etTheodoricus
1424 577 1649 625 Zohellus
1674 577 1894 624 canonici
1917 577 2103 641 capItu-

328 661 456 708 lares
498 661 703 717 ecclesie
742 661 1039 724 Moguntine,
1079 662 1251 725 quibus
1291 677 1380 725 ego
1423 661 1555 709 solus
1599 660 1814 724 prelatus
1854 660 2100 724 [interfui],

329 745 413 791 sed
450 744 615 806 plures
655 744 734 792 alii
772 744 976 792 curiales
1014 750 1250 793 venerunt
1287 744 1475 792 obviam
1517 759 1670 807 usque
1714 742 1775 790 ad
1822 742 2020 790 domum
2062 759 2101 790 s,

329 827 510 886 Lazari,
538 827 620 874 ubi
645 842 728 875 eos
745 827 1100 891 expectavimus
1123 827 1171 874 in
1194 843 1369 892 magna
1387 826 1576 874 stantia.

395 913 644 960 Venerunt
668 912 865 959 tandem
902 911 1172 959 successive
1202 927 1211 959 :
1240 912 1401 974 itaque
1439 926 1537 958 non
1569 909 1705 973 potui
1739 924 1822 958 eos
1856 924 1993 957 more
2028 919 2107 957 sm

328 994 412 1041 lito
442 994 653 1058 recipere
679 998 728 1042 et
753 994 980 1054 salutare,
1011 994 1096 1042 sed
1130 995 1231 1042 sine
1260 994 1478 1058 generali
1505 992 1840 1056 recognitione
1878 992 2107 1055 equitavi-

330 1094 436 1125 mus
458 1077 518 1125 ad
543 1079 744 1137 Urbem3
771 1077 862 1141 ipsi
883 1078 1156 1126 habuerunt
1177 1094 1327 1141 equos
1355 1079 1522 1126 decem
1564 1079 1611 1124 et
1647 1079 1774 1135 octo,
1817 1076 1895 1139 qui
1939 1091 2107 1124 omnes

330 1166 690 1224 precesserunt.
718 1164 774 1208 D.
804 1161 923 1208 Onel
948 1161 1131 1225 primus
1153 1162 1280 1210 venit
1301 1162 1360 1209 ad
1384 1176 1545 1208 meam
1571 1159 1846 1217 dexteram3
1885 1161 1942 1206 D.
1983 1161 2107 1206 Lau-

330 1245 516 1292 rentius
542 1244 763 1292 similiter
792 1245 921 1293 venit
962 1246 1022 1292 ad
1054 1246 1306 1293 dexteram
1351 1243 1685 1307 procuratoris
1731 1242 2104 1291 Teutonicorum

331 1327 540 1386 ordinis;
566 1331 622 1375 D.
647 1327 979 1376 Theodoricus
1003 1328 1228 1376 Zohellus
1260 1328 1389 1376 venit
1412 1327 1598 1375 medius
1638 1327 1766 1374 inter
1799 1325 2027 1374 comitem
2049 1323 2106 1371 de

331 1411 530 1459 Salerno
557 1415 603 1459 et
628 1411 916 1459 canonicum
940 1412 1273 1474 Moguntinum
1295 1427 1390 1458 non
1408 1410 1723 1474 capitularem
1760 1412 1817 1457 D.
1859 1408 2013 1471 Elpho
2046 1407 2106 1454 de

333 1493 652 1558 Gemmingen
686 1510 714 1541 a
738 1494 968 1551 sinistris;
999 1495 1150 1542 secuti
1177 1499 1284 1541 sunt
1310 1494 1520 1543 curiales
1552 1493 1633 1556 qui
1659 1493 1727 1541 eis
1751 1494 1990 1540 venerunt
2019 1491 2107 1538 ob-

331 1576 473 1634 viam,
499 1577 795 1624 associantes
818 1593 928 1625 eum
954 1577 1014 1624 ad
1037 1578 1235 1624 domum
1258 1577 1516 1635 Pisotonis,
1544 1579 1677 1624 retro
1700 1590 1924 1638 campum
1946 1574 2104 1632 Flore,

334 1659 414 1706 ubi
438 1662 547 1706 sunt
572 1659 816 1723 hospitati.

391 1743 602 1790 Sabbato
633 1742 680 1789 in
709 1742 848 1802 albis,
881 1746 940 1790 29
969 1742 1146 1802 martii,
1181 1741 1512 1791 thesaurarius
1544 1743 1671 1804 Pape
1711 1738 1974 1789 celebravit
1997 1737 2109 1786 mis-

330 1841 432 1873 sam
460 1825 704 1889 publicam
733 1825 780 1872 in
808 1826 1009 1890 capella,
1053 1829 1185 1890 Papa
1219 1830 1460 1890 presente,
1498 1841 1588 1889 que
1627 1824 1713 1872 fuit
1742 1823 1902 1887 prima
1926 1838 2036 1880 sua;
2062 1827 2108 1870 et

321 1908 522 1957 fuerunt
545 1909 796 1957 observata
817 1909 977 1957 omnia
999 1925 1138 1957 more
1165 1909 1322 1958 solito.

392 1991 602 2039 Sabbato
646 1991 695 2038 in
738 1991 874 2050 albis,
923 1995 1033 2055 post
1086 1993 1360 2055 prandium,
1409 1992 1684 2040 habuerunt
1724 1990 1841 2054 [tres
1885 1990 2107 2038 oratores

319 2073 599 2137 supradicti]
651 2074 946 2122 audientiam
993 2090 1020 2122 a
1064 2077 1209 2138 Papa,
1258 2078 1358 2123 DD.
1399 2074 1723 2122 Alexandrino
1771 2076 1819 2120 et
1858 2075 2105 2135 Gurgense

319 2172 483 2205 coram
506 2158 888 2220 promotoribus,
922 2158 1095 2221 quibus
1141 2158 1190 2204 in
1231 2173 1427 2206 camera
1469 2157 1586 2205 alias
1625 2155 1923 2205 audientiam
1967 2154 2105 2202 adhi-

319 2240 513 2299 buerat;
541 2240 623 2288 illa
644 2241 731 2289 suit
750 2242 946 2289 tandem
973 2258 1013 2289 s.
1041 2242 1173 2289 Petri
1196 2242 1256 2289 ad
1276 2242 1500 2292 Vincula.

387 2326 537 2381 Lune,
562 2324 734 2372 ultima
765 2324 1043 2384 martii,suit
1070 2325 1386 2372 confirmatus
1412 2324 1595 2372 electus
1631 2322 1680 2370 in
1717 2321 2021 2381 consistorio,
2055 2320 2104 2367 in

322 2421 417 2468 quo
444 2406 590 2454 etiam
614 2407 703 2454 fuit
725 2408 974 2471 provisum
998 2411 1054 2456 D.
1087 2408 1316 2472 episcopo
1345 2405 1640 2455 Ariminensi
1661 2406 1721 2454 de
1747 2396 2104 2454 ecclesia'Nea-

319 2489 552 2551 politana,
581 2493 629 2538 et
651 2493 706 2538 D.
733 2491 995 2540 Francisco
1017 2491 1075 2539 de
1100 2494 1280 2540 Pesaro
1303 2492 1362 2540 de
1390 2490 1598 2540 ecclesia
1618 2489 1859 2538 Jadrensi.

384 2574 555 2620 Martis
603 2574 765 2634 etiam,
819 2579 836 2622 1
888 2576 1070 2639 aprilis,
1118 2575 1307 2640 signata
1347 2574 1629 2639 supplicatio
1682 2589 1828 2637 super
1865 2572 2103 2619 decanatu

319 2657 601 2720 Moguntino
623 2674 712 2722 pro
746 2661 803 2706 D.
831 2659 953 2706 Onel
973 2660 1032 2707 de
1059 2648 1379 2722 Gemminigen
1404 2658 1563 2722 primo
1591 2661 1787 2706 oratore
1812 2671 1900 2720 per
1923 2669 2103 2718 procu-

321 2744 539 2787 ratorem
559 2744 616 2789 D.
645 2742 933 2806 Moguntini,
962 2747 1009 2792 et
1034 2743 1197 2791 addita
1221 2742 1454 2801 clausula,
1481 2741 1628 2789 etiam
1645 2742 1831 2789 attento
1852 2736 2102 2803 privilegio

325 2822 532 2886 eligendi
556 2825 615 2872 de
641 2841 786 2872 manu
810 2842 942 2884 mea3
967 2828 1134 2874 Petrus
1161 2827 1220 2874 de
1241 2825 1473 2874 Accolitis
1501 2823 1768 2888 proposuit.

390 2906 617 2966 Sabbato,
648 2911 673 2955 5
707 2909 891 2971 aprilis,
920 2909 970 2956 in
1007 2925 1167 2968 mane,
1205 2911 1336 2972 Papa
1369 2907 1594 2971 equitavit
1623 2923 1711 2970 per
1745 2896 2102 2967 Transtyberim

327 2988 423 3036 alla
437 2989 696 3053 Magliana,
717 2994 764 3038 et
786 3007 895 3039 cum
915 3008 972 3039 eo
992 3008 1029 3040 s.
1054 2992 1262 3056 Georgii,
1283 3008 1322 3039 s.
1344 2991 1509 3040 Crucis
1531 2993 1617 3037 ets
1654 2988 1781 3037 Petri
1801 2987 1861 3035 ad
1879 2986 2100 3044 Vincula,

335 3072 415 3135 qui
439 3073 692 3121 associavit
722 3089 833 3122 eum
867 3075 1099 3124 duntaxat
1126 3079 1259 3123 extra
1281 3078 1471 3138 portam
1496 3076 1543 3121 et
1579 3071 1718 3120 rediit
1748 3071 1807 3118 ad
1843 3069 2100 3133 palatium;

332 3154 503 3204 habuit
527 3171 692 3205 secum
728 3158 777 3205 in
815 3158 971 3207 socios
1004 3159 1204 3222 triginta
1246 3174 1412 3220 equos
1458 3159 1605 3219 Papa,
1648 3155 1774 3203 facto
1817 3152 2019 3217 prandio
2055 3152 2104 3200 in

331 3239 570 3303 Magliana
591 3256 700 3288 cum
726 3242 840 3301 suis,
867 3242 1058 3290 intravit
1084 3257 1254 3290 navem
1277 3244 1325 3289 et
1347 3239 1585 3303 navigavit
1612 3238 1793 3286 Ostiam
1816 3237 1895 3285 ubi
1929 3235 2105 3285 mansit

332 3338 484 3385 usque
511 3325 569 3371 ad
594 3324 721 3372 diem
747 3325 876 3386 lune,
904 3329 960 3373 14
984 3325 1166 3389 aprilis,
1191 3325 1238 3372 in
1264 3339 1421 3372 mane.

395 3408 638 3466 Mercurii,
662 3413 688 3458 9
714 3411 897 3474 aprilis,
927 3410 1170 3459 sexdecim
1203 3423 1412 3474 persone
1445 3406 1494 3454 in
1531 3422 1628 3454 una
1668 3407 1819 3455 barca
1865 3406 1924 3453 de
1968 3404 2102 3452 Ostia

336 3488 557 3540 Tiberina
580 3495 874 3556 pertransire
901 3494 1113 3543 volentes
1134 3509 1297 3542 versus
1320 3494 1529 3558 portam,
1558 3489 1794 3540 tredecim
1817 3505 1874 3539 ex
1899 3487 1968 3536 eis
1993 3486 2101 3535 sub-
