2228 3938
159 383 315 423 [Janvier
336 385 427 426 1501]
602 385 770 422 RERUM
803 383 1105 421 URBANARUM
1137 382 1488 420 COMMENTARII.
1870 389 1937 424 105

158 485 566 535 municationibus
590 486 639 534 iu
657 486 733 534 die
749 485 872 549 jovis
894 488 1061 533 sancta
1087 501 1173 549 per
1209 484 1495 533 Pontificem
1533 484 1816 545 fulminatis,
1859 487 1934 534 vel

159 568 277 618 alias
295 585 601 634 quocumque
616 573 836 633 tempore
858 584 946 633 per
963 568 1189 617 eumdem
1211 568 1337 616 latis.

229 672 251 697 «
269 653 573 718 Dispensatio
596 667 740 716 super
753 651 1109 716 irregularitate
1132 667 1191 700 ex
1211 651 1497 711 homicidio,
1522 652 1620 700 sive
1646 651 1935 711 voluntario,

159 736 255 785 sive
277 737 474 797 casuali,
493 735 689 785 omnino
708 735 914 794 occulto,
940 739 1205 794 contracta,
1224 739 1306 783 aut
1327 735 1407 782 ubi
1427 735 1582 783 solum
1596 735 1712 782 levis
1729 735 1937 783 habetur

161 820 393 884 suspicio,
418 823 467 868 et
478 819 811 868 universaliter
833 835 979 882 super
1002 819 1500 880 omniirregularitate
1516 818 1933 882 qualitercumque

159 907 410 952 contracta
425 904 516 951 nisi
535 919 594 952 ex
613 903 878 951 homicidio
900 903 1185 951 voluntario.

228 1007 250 1031 «
265 987 569 1051 Dispensatio
588 1002 700 1035 cum
722 986 957 1050 promotis
975 1001 1120 1050 super
1141 986 1255 1034 ficto
1273 985 1431 1044 titulo,
1448 989 1530 1034 aut
1543 987 1654 1032 ante
1672 984 1938 1049 legitimam

158 1074 356 1130 etatem,
378 1074 462 1119 aut
482 1074 686 1134 utroque
713 1069 877 1129 modo,
910 1073 963 1117 ut
996 1069 1184 1133 possint
1227 1069 1493 1130 celebrare,
1523 1067 1715 1117 etiamsi
1744 1083 1941 1116 excom-

157 1154 383 1203 municati
404 1157 487 1202 aut
508 1154 728 1218 suspensi
752 1169 803 1203 se
827 1153 1189 1202 immiscuerint
1215 1152 1490 1201 executioni
1527 1151 1751 1200 ordinum
1791 1151 1938 1199 etiam

159 1254 268 1287 cum
288 1238 524 1304 promotis
553 1253 640 1302 per
659 1238 750 1286 hos
771 1238 942 1286 saltem
971 1241 1144 1286 etcum
1166 1237 1244 1284 his
1260 1237 1341 1301 qui
1355 1235 1687 1284 ministrarunt
1706 1235 1752 1282 in
1774 1235 1941 1283 ordine

156 1338 254 1370 non
275 1326 522 1388 suspectO,
552 1326 626 1371 est
646 1322 768 1371 infra
789 1322 1126 1371 commutatio.

227 1426 250 1451 «
272 1406 578 1472 Dispensatio
590 1421 700 1460 cum
715 1406 792 1454 his
806 1406 886 1471 qui
900 1406 1219 1470 perdiderunt
1234 1405 1470 1465 debitum,
1486 1404 1599 1468 quia
1611 1408 1939 1467 cognoverunt

157 1489 568 1554 consanguineam
598 1490 673 1538 vel
700 1490 1117 1555 consanguine-um
1148 1490 1311 1540 uxoris
1339 1489 1414 1538 vel
1438 1488 1539 1548 viri,
1573 1492 1655 1537 aut
1683 1487 1799 1535 alias
1821 1502 1941 1551 quo-

156 1574 391 1634 vismodO,
413 1578 465 1622 ut
486 1574 638 1638 possit
656 1574 869 1638 exigere.

229 1678 251 1700 «
273 1657 577 1721 Dispensatio
598 1657 647 1704 in
669 1673 815 1706 causa
835 1657 1199 1715 matrimoniali,
1227 1655 1307 1704 ubi
1333 1658 1406 1704 est
1432 1654 1835 1719 impedimentum
1857 1670 1943 1719 pu-

162 1740 284 1788 blice
306 1740 575 1789 honestatis
598 1745 646 1788 et
657 1741 860 1804 justitie.

229 1845 251 1868 «
278 1823 582 1887 Dispensatio
600 1824 681 1872 ubi
704 1828 777 1873 est
789 1824 1192 1888 impedimentum
1214 1823 1458 1872 affinitatis
1476 1839 1535 1871 ex
1547 1822 1774 1871 damnato
1791 1822 1938 1881 coitu,

161 1907 307 1955 etiam
328 1907 378 1955 in
399 1907 554 1972 primo
573 1911 620 1956 et
640 1908 855 1956 secundo
874 1908 1043 1971 gradu,
1060 1912 1140 1956 aut
1162 1908 1210 1955 in
1233 1907 1421 1955 duobus
1434 1906 1632 1967 ultimis,
1650 1923 1708 1954 ex
1724 1906 1941 1970 legitimo

163 1992 308 2040 coitu.

230 2095 252 2119 «
279 2074 584 2140 Dispensatio
608 2066 686 2123 ubi
722 2079 795 2124 est
823 2075 1228 2140 impedimentum
1258 2073 1690 2138 consanguinitatis
1709 2089 1737 2122 a
1758 2073 1945 2122 duobus

161 2158 342 2207 ultimis
363 2159 607 2222 gradihus

232 2263 254 2286 «
278 2242 582 2306 Dispensatio
604 2258 716 2291 cum
737 2243 912 2291 clerico
935 2243 1016 2307 qui
1034 2243 1203 2291 habuit
1220 2258 1422 2291 uxorem
1441 2247 1736 2306 corruptam,
1755 2241 1944 2290 occulte

163 2331 341 2385 tamen,
362 2341 453 2375 nec
473 2326 624 2390 possit
651 2326 713 2375 ad
739 2342 904 2375 sacros
931 2326 1127 2375 ordines
1154 2326 1426 2390 promoveri
1449 2331 1497 2375 et
1521 2325 1755 2389 susceptis
1774 2324 1943 2372 minis-

165 2413 307 2457 trare.

231 2512 253 2536 «
267 2492 570 2555 Dispensatio
586 2509 695 2542 cum
711 2495 918 2559 conjuge
933 2495 1012 2559 qui
1022 2495 1094 2543 vel
1109 2510 1201 2558 que
1212 2494 1399 2543 occulte
1410 2492 1651 2541 interfecit
1666 2496 1748 2541 aut
1763 2492 1946 2541 machi-

164 2580 302 2624 natus
326 2576 400 2624 vel
421 2577 698 2626 machinata
719 2582 792 2626 est
820 2578 869 2625 in
893 2583 1102 2627 mortem
1133 2578 1353 2643 conjugis
1383 2592 1466 2625 sue
1497 2577 1571 2636 vel
1597 2575 1687 2634 sui,
1720 2581 1769 2624 ut
1790 2576 1945 2640 possit

166 2659 342 2709 ducere
362 2660 439 2708 vel
473 2660 676 2722 nubere,
713 2665 762 2710 et
798 2677 909 2709 cum
941 2661 1084 2710 ducto
1117 2661 1190 2709 vel
1222 2664 1393 2724 nupto,
1423 2659 1497 2708 vel
1528 2664 1678 2723 nupta
1698 2663 1779 2707 aut
1802 2659 1946 2707 ducta

168 2759 452 2808 permanere
477 2761 487 2792 :
521 2745 836 2794 commutatio
877 2745 1095 2794 omnium
1134 2749 1373 2804 votorum,
1411 2744 1608 2806 dempto
1648 2742 1945 2791 continentie

166 2832 246 2877 aut
260 2828 506 2893 religionis
528 2829 752 2877 solemni.

235 2932 258 2956 «
283 2913 577 2977 Compositio
602 2928 750 2977 super
777 2913 916 2961 bonis
951 2913 1149 2962 incertis
1176 2911 1303 2961 male
1336 2910 1584 2975 acquisitis
1613 2910 1688 2958 vel
1711 2910 1947 2974 demptis:

166 2996 257 3045 hec
280 2996 443 3044 omnia
458 2996 507 3044 in
528 2996 635 3046 soro
658 2996 952 3046 conscientie
968 2995 1333 3061 vetpenitentiali
1350 2994 1696 3045 concedantur.
1726 3014 1748 3037 »

235 3080 360 3137 Quid
381 3079 694 3140 obtinuerint,
718 3081 902 3129 nescio.

238 3163 363 3212 Ordo
384 3180 522 3229 quem
538 3164 760 3229 fecerunt
790 3165 931 3214 iidem
950 3165 1280 3228 penitentiariz‘
1309 3165 1358 3212 in
1383 3165 1616 3228 principio
1629 3164 1806 3227 jubilei
1831 3164 1951 3211 eirca

168 3248 475 3311 receptionem
494 3249 856 3297 substitutorum
876 3249 1006 3314 quod
1010 3249 1240 3312 jurarent
1262 3249 1503 3313 sequentia
1527 3266 1544 3295 .-

240 3351 263 3374 «
289 3332 426 3388 Quod
445 3332 562 3380 nulli
585 3348 644 3381 ex
664 3333 803 3380 nobis
833 3348 920 3396 pro
957 3332 1180 3381 examine
1210 3348 1238 3380 a
1266 3331 1471 3395 collegio
1506 3330 1769 3394 deputatis,
1794 3343 1951 3390 neque

173 3412 315 3460 alicui
337 3414 471 3462 alteri
500 3415 838 3478 penitentiario
872 3415 1132 3474 ordinario,
1170 3415 1218 3461 in
1250 3415 1433 3478 privato
1467 3429 1494 3460 a
1524 3413 1599 3459 die
1641 3412 1721 3459 tali
1751 3412 1878 3457 circa
1903 3414 1952 3456 ut

173 3495 415 3558 quomodo
435 3497 614 3559 aliquid
635 3498 762 3545 dono
784 3498 1012 3547 dederitis
1030 3498 1079 3544 in
1101 3497 1266 3555 finem,
1289 3501 1370 3545 aut
1390 3497 1450 3543 ad
1471 3493 1733 3542 audiendas
1757 3493 1948 3541 confes-
