2254 3938
117 353 326 395 [Decembre
344 353 440 393 15⁰3]
567 352 736 390 RERUM
768 351 1073 390 URBANARUM
1106 349 1455 408 CO'MMENTARII.
1829 348 1901 385 315

120 457 327 522 projecit
357 457 608 521 quatrinos
639 457 815 506 valoris
848 457 991 503 unius
1017 454 1209 502 ducati:
1246 452 1469 518 in'altari
1500 451 1635 500 dedit
1665 451 1898 499 henedic-

119 541 302 588 tionem
326 557 438 588 cum
464 541 627 601 mitra,
663 539 879 589 ascendit
903 539 963 587 ad
987 539 1154 586 sedem
1177 553 1269 601 que
1306 541 1413 585 erat
1438 537 1587 595 nuda,
1628 535 1897 583 canonico—

118 640 230 671 rum
253 624 447 683 inertia,
478 624 558 672 ubi
582 627 712 688 Papa
735 623 923 687 accepit
946 622 1208 670 canonicos
1232 622 1293 670 ad
1319 620 1643 670 reverentiam
1669 623 1717 666 et
1739 617 1900 682 capel-

118 707 273 755 lanos,
320 710 372 755 ln
411 708 550 756 altari
593 708 715 755 nihil
752 707 949 766 obtulit,
991 722 1067 753 me
1106 709 1270 754 tamen
1307 705 1636 753 admonente:
1686 702 1894 750 debebat

119 790 312 838 dedisse
336 792 536 839 ducatos
567 792 734 838 decom
762 807 852 854 pro
877 790 1171 853 quibuslibet
1199 788 1479 845 canonicis3
1508 788 1701 835 fuerunt
1726 789 1899 849 postea

119 873 233 921 data
256 874 620 937 quinquaginta.
660 877 711 921 ln
734 874 842 922 aula
868 873 1057 922 concilii
1095 872 1372 927 Alexandri,
1400 871 1517 918 dixit
1550 871 1719 918 laudes
1756 884 1893 916 more

119 956 279 1004 solito.
307 960 572 1006 Perventus
595 974 746 1022 prope
777 957 1015 1021 capellam
1040 973 1076 1004 s.
1108 956 1355 1021 Sylvestri,
1387 956 1473 1002 fuit
1502 958 1635 1002 tanta.
1658 967 1896 1017 pressura.

117 1039 314 1087 illorum
339 1040 626 1089 servitorum
643 1040 962 1089 cardinalium
986 1055 1096 1088 cum
1118 1038 1302 1087 baculis
1328 1041 1376 1085 et
1391 1038 1601 1085 aliorum
1624 1037 1770 1100 quod,
1798 1050 1895 1082 non

118 1125 366 1187 potuimus
392 1124 641 1172 ambulare
667 1126 728 1172 ad
756 1125 968 1173 mediam
990 1125 1164 1172 horam
1191 1123 1262 1171 vel
1288 1122 1447 1170 circa:
1478 1121 1676 1170 tandem
1704 1123 1896 1183 proter-

117 1207 278 1254 missis
310 1207 601 1256 ceremoniis
627 1208 798 1268 solitis,
827 1211 958 1272 Papa
994 1223 1106 1255 cum
1146 1206 1476 1255 cardinalibus
1514 1209 1560 1251 et
1594 1202 1795 1267 prelatis
1822 1202 1896 1248 in-

120 1290 262 1337 travit
284 1291 518 1354 capellam
544 1297 590 1339 et
614 1307 725 1339 cuin
741 1285 936 1355 ’pluviali
959 1295 1007 1339 et
1032 1291 1193 1349 mitra,
1224 1294 1274 1338 ut
1291 1292 1411 1348 erat,
1441 1288 1573 1335 dedit
1599 1285 1894 1350 presbyteris

115 1374 443 1422 cardinalibus
473 1375 592 1422 duos
630 1376 830 1423 ducatos
869 1379 917 1422 ct
958 1374 1159 1439 prelatis
1195 1389 1346 1421 unum
1386 1372 1618 1419 ducatum
1660 1372 1707 1418 et
1744 1384 1894 1416 unum

113 1456 378 1517 carIenum,
415 1458 640 1506 similiter
671 1459 898 1506 omnibus
940 1457 1322 1522 prothonotariis
1361 1471 1514 1518 usque
1555 1453 1615 1501 ad
1649 1453 1895 1517 prefectos

114 1541 304 1588 navales
330 1541 580 1602 inclusive,
618 1547 665 1590 et
698 1542 945 1591 canonicis
971 1548 1018 1590 et
1044 1541 1311 1605 capellanis
1344 1538 1737 1588 lateranensibus
1763 1529 1896 1583 simi-

113 1622 223 1670 liter
246 1640 395 1671 unum
421 1624 649 1672 ducatum
671 1630 719 1673 et
742 1642 890 1673 unum
914 1626 1165 1673 carlenum
1192 1627 1240 1672 et
1262 1623 1466 1671 totidem
1491 1621 1680 1669 clericis
1703 1635 1893 1668 camere

115 1707 163 1753 et
196 1706 511 1765 Balthassari,
539 1708 762 1756 familiari
796 1709 1017 1766 sacriste3
1056 1707 1373 1755 servientibus
1397 1720 1659 1763 armorum,
1690 1704 1737 1750 in
1759 1719 1896 1751 com-

114 1789 267 1848 muni,
295 1791 496 1838 ducatos
513 1806 596 1839 sex
615 1792 689 1839 vel
711 1791 839 1839 circa
862 1794 910 1839 et
934 1791 1034 1840 fere
1051 1791 1253 1855 triginta
1272 1790 1345 1838 vel
1366 1790 1473 1853 plus
1489 1788 1726 1837 carlenOS.
1754 1787 1895 1834 Dedit

115 1872 261 1920 etiam
287 1872 475 1921 duobus
500 1875 574 1922 vel
599 1875 751 1922 tribus
778 1875 1019 1923 scutiferis
1043 1874 1361 1922 cardinalium
1384 1888 1475 1936 pro
1501 1871 1715 1935 quolibet
1744 1886 1892 1917 unum

113 1955 342 2004 ducatum
365 1960 412 2005 et
436 1973 586 2005 unum
612 1958 883 2018 carlenum,
922 1975 1019 2006 non
1044 1958 1166 2005 aliis.
1205 1961 1317 2005 Post
1354 1957 1539 2003 exitum
1566 1955 1769 2022 capelle,
1802 1954 1891 2001 feci

113 2041 416 2088 ceremonias
432 2042 616 2090 sol-itas.
642 2042 710 2089 lbi
725 2043 976 2106 posuimus
996 2045 1175 2106 Papam
1191 2044 1239 2090 et
1253 2040 1386 2104 prior
1406 2039 1554 2087 cinxit
1570 2053 1741 2086 zonam
1759 2038 1806 2084 in
1823 2053 1896 2085 se-

110 2124 267 2171 cunda
285 2125 399 2172 sede
422 2128 565 2189 pape,
586 2130 785 2190 propter
806 2126 1026 2190 pluviale.
1058 2129 1188 2189 Papa
1213 2125 1324 2172 inde
1350 2124 1429 2171 ivit
1455 2123 1516 2171 ad
1532 2122 1770 2186 capellam
1793 2121 1895 2169 Sal-

108 2207 286 2255 vatoris
309 2208 408 2268 ubi,
435 2209 561 2257 facta
573 2210 810 2269 oratione,
826 2226 924 2258 non
940 2210 1131 2269 obtulit,
1150 2209 1263 2273 quia
1279 2224 1377 2256 non
1387 2207 1617 2265 habebat,
1637 2205 1887 2269 pecunias,

111 2291 196 2338 sed
226 2292 466 2341 commisit
489 2294 766 2342 camerario
801 2295 931 2358 quod
958 2294 1177 2342 mitteret
1203 2293 1415 2341 solitum.
1451 2294 1582 2353 Papa
1613 2289 1749 2336 dedit
1776 2288 1893 2335 mihi

110 2390 200 2438 pro
220 2391 298 2422 me
321 2375 521 2425 ducatos
542 2377 665 2425 duos
689 2380 737 2425 et
762 2378 987 2425 carlenos
1013 2378 1153 2436 duos,
1179 2376 1382 2424 totidem
1405 2378 1460 2423 D.
1484 2373 1763 2432 Francisco,
1786 2373 1893 2420 the-

113 2458 359 2518 saurario‚'
383 2460 584 2508 totidem
613 2477 700 2524 pro
739 2461 966 2525 episcopo
998 2461 1272 2519 Laudiensi‚
1311 2462 1357 2507 et,
1391 2475 1541 2507 unuin
1580 2459 1813 2505 ducatum
1846 2459 1892 2504 et

112 2556 263 2588 unum
289 2542 539 2589 carlenum
563 2559 650 2606 pro
675 2544 808 2591 socio
838 2559 948 2592 meo
974 2544 1103 2607 quod
1127 2543 1261 2607 ipsis,
1288 2543 1366 2590 die
1393 2530 1634 2604 sequenti,
1663 2539 1794 2587 dedi.
1826 2542 1893 2587 De

112 2624 297 2688 capella
321 2625 580 2674 Salvatoris
604 2628 733 2689 Papa
756 2626 837 2674 ivit
865 2627 925 2673 ad
948 2626 1183 2689 palatium
1203 2629 1582 2674 Lateranensem
1602 2624 1652 2670 in
1683 2638 1778 2686 quo
1807 2622 1893 2669 fuit,

110 2708 371 2771 prandium
398 2724 508 2756 cum
534 2708 931 2774 Rothomagensi‚
965 2725 1003 2756 s.
1033 2708 1246 2772 Georgii,
1276 2706 1581 2756 Narbonensi
1612 2709 1659 2752 et
1685 2705 1889 2767 Borgia:

111 2790 192 2838 alii
230 2792 498 2840 cardinales
535 2792 583 2839 in
619 2793 967 2841 canonicorum
1006 2791 1229 2840 cameris.
1269 2789 1536 2838 Prandium
1578 2787 1664 2835 fuit
1699 2787 1891 2834 finitum

111 2874 244 2923 circa
266 2875 747 2940 horamvigesimam
772 2880 1013 2940 quartam.
1043 2878 1224 2923 Parum
1251 2878 1375 2938 post,
1404 2875 1537 2936 Papa
1561 2871 1893 2920 ascenditmu-

109 2957 206 3006 lam
236 2959 285 3006 in
318 2960 499 3008 amictu
533 2960 660 3020 albo,
698 2960 908 3023 cingulo,
953 2959 1077 3008 stola
1111 2958 1319 3022 pulchra
1355 2973 1501 3020 super
1537 2955 1791 3020 capucium
1831 2955 1890 3001 de

107 3042 377 3091 cremesino
399 3043 528 3106 quod
545 3044 753 3092 debebat
777 3059 882 3092 esse
916 3059 1061 3106 supe1
1097 3046 1272 3106 caput:
1311 3056 1401 3105 ego
1424 3056 1522 3089 non
1547 3038 1743 3087 interfui
1771 3038 1887 3084 dum

110 3124 355 3184 indueret,
379 3129 427 3174 et
450 3128 538 3174 sub
561 3127 749 3190 capello
775 3127 833 3175 de
856 3127 1132 3175 cremesino
1156 3125 1389 3189 equitavit
1413 3140 1502 3188 per
1529 3122 1738 3171 mediam
1763 3121 1890 3169 viam

112 3221 207 3269 qua
228 3199 428 3256 venerat
458 3225 610 3272 usque
641 3210 701 3257 ad
731 3210 932 3257 domum
963 3210 1023 3257 de
1049 3209 1268 3257 Maximis
1306 3212 1354 3257 et
1376 3207 1489 3255 inde
1518 3222 1606 3270 per
1636 3218 1890 3269 pauonem

113 3290 174 3337 ad
208 3306 246 3336 s.
273 3292 466 3339 Petrum
490 3308 584 3356 quo
608 3293 737 3342 venit
761 3294 892 3341 circa
923 3293 1097 3341 horam
1123 3292 1334 3341 tertiam.
1373 3293 1503 3354 Papa
1534 3288 1762 3353 equitavit
1791 3302 1890 3333 ino-

110 3371 239 3419 diate
269 3376 379 3435 post
400 3389 594 3423 crucem
619 3379 667 3424 et
697 3376 970 3424 cardinales
996 3380 1103 3439 post
1126 3391 1322 3424 crucem
1354 3389 1492 3422 more
1527 3371 1684 3428 solito,
1715 3370 1889 3433 quibus

110 3457 237 3518 Papa
273 3456 402 3503 dedit
429 3457 674 3506 licentiam
702 3460 833 3507 circa
859 3463 1057 3522 pontem
1084 3476 1122 3504 s.
1153 3459 1341 3519 Angeli.
