2254 3932
346 399 392 422 xx
938 384 1110 424 NOTICE
1149 384 1527 431 BIOGRAPHIQUE.

346 491 476 541 saint
489 507 616 553 ‚nom
643 489 705 539 de
724 489 868 551 Dieu,
887 490 1006 540 bien
1018 490 1123 540 loin
1144 491 1206 542 de
1222 492 1418 542 donner
1432 492 1521 542 des
1535 508 1774 559 marques
1789 491 1852 541 de
1867 491 2124 542 devotion.

345 582 434 631 Cet
461 580 567 630 avis
582 580 657 629 fut
678 576 866 629 soumis
882 597 948 630 au
964 579 1253 631 Saint-Pere
1274 582 1359 649 qui
1372 582 1419 632 le
1433 581 1597 632 ratifia
1618 600 1628 643 ;
1651 585 1700 631 et
1713 581 1762 631 la
1777 581 2062 632 ceremonie
2077 599 2130 632 56

345 686 497 736 passa
523 666 650 719 ainsi
677 666 774 737 que
800 669 974 719 l’avait
998 670 1169 737 reglee
1197 671 1458 722 Burchard
1476 668 1563 739 (l).
1595 673 1662 722 Ce
1688 671 1765 721 fut
1790 670 1840 721 16
1863 671 1911 721 16
1932 670 2133 722 dernier

345 761 645 810 &venement
681 759 956 827 important
994 760 1080 828 qui
1118 778 1334 829 marqua
1374 761 1425 811 la
1449 761 1519 810 fin
1551 761 1621 811 du
1644 761 1905 829 pontificat
1931 760 2133 810 d’Inno-

347 852 462 898 cent
486 850 618 901 VIII.
648 851 794 900 Deux
819 850 947 900 mois
975 851 1141 917 apreS‚
1174 851 1209 900 il
1234 850 1454 900 mourait
1486 850 1548 901 de
1580 850 1848 917 langueur,
1877 867 1993 901 sans
2033 867 2132 918 que

397 1026 430 1061 1.
458 1025 664 1063 Burchardi
682 1027 797 1072 dim„
813 1031 841 1064 t.
864 1027 892 1072 I,
916 1037 952 1075 p.
969 1028 1052 1066 483.
1074 1026 1243 1064 L'amour
1261 1026 1327 1064 des
1348 1026 1558 1064 Allemands
1578 1038 1671 1075 pour
1684 1025 1716 1064 le
1738 1026 1798 1063 vin
1820 1030 1877 1064 est
1889 1027 1975 1064 bien
1996 1038 2130 1065 connu.

352 1085 448 1122 Sans
468 1089 648 1123 remonter
662 1086 811 1135 jusqu’a
829 1087 953 1125 Tacite
974 1088 1036 1136 qui
1057 1091 1224 1126 constate
1244 1087 1323 1125 leur
1345 1086 1597 1135 remarquable
1618 1087 1785 1136 aptitude
1805 1091 1826 1124 a
1843 1087 1943 1124 vider
1964 1088 2015 1124 les
2035 1092 2131 1135 pots,

347 1156 397 1182 on
415 1144 491 1182 voit
515 1146 651 1193 1136161
677 1145 731 1183 165
763 1145 932 1184 libations
961 1147 1055 1186 dans
1081 1152 1166 1185 tous
1198 1147 1252 1183 les
1273 1150 1372 1184 actes
1404 1146 1623 1195 importants
1655 1146 1700 1183 (16
1726 1147 1804 1184 1661
1823 1146 1882 1184 vie
1901 1145 2081 1196 publique
2100 1150 2137 1183 et

346 1204 488 1252 privee3
505 1205 592 1242 elles
611 1205 827 1243 semblaient
843 1218 887 1243 en
908 1210 984 1244 6116
1003 1206 1377 1255 l'accompagnement
1402 1205 1609 1243 6666556116
1630 1209 1667 1243 61
1691 1218 1834 1243 comme
1855 1206 1889 1243 la
1920 1205 2132 1244 conclusion

347 1263 562 1313 obligatoire
579 1268 616 1302 61
633 1264 806 1303 η’61616111
825 1278 891 1315 pas
903 1269 1019 1304 meme
1038 1267 1185 1304 exclues
1206 1267 1271 1304 des
1291 1265 1515 1303 ceremonias
1536 1266 1581 1303 de
1595 1257 1758 1313 I'Eglise.
1775 1266 1825 1302 Le
1839 1267 1886 1302 20
1906 1265 2009 1312 avril,
2025 1264 2134 1301 anni-

349 1323 506 1361 versaire
532 1324 578 1361 de
596 1323 632 1362 la
648 1324 818 1362 dedicace
838 1326 884 1362 de
903 1326 938 1362 la
957 1325 1164 1363 cathedrale
1191 1326 1235 1362 de
1257 1325 1493 1373 Strasbourg,
1511 1325 1563 1362 les
1583 1325 1749 1363 hommes
1770 1329 1805 1361 61
1830 1324 1883 1362 165
1903 1324 2055 1362 femmes
2076 1323 2133 1372 s'y

347 1382 591 1421 reunissaient
610 1395 656 1421 au
675 1384 800 1422 milieu
818 1385 883 1422 des
903 1385 986 1434 plus
1013 1386 1249 1435 crapuleuses
1282 1385 1419 1433 orgies,
1440 1384 1564 1422 tandis
1584 1396 1654 1433 que
1688 1384 1722 1421 16
1756 1387 1876 1433 pretre
1901 1383 2072 1421 celebrait
2102 1382 2138 1419 la

349 1454 487 1483 messe.
514 1444 564 1480 Le
590 1444 651 1480 vin
684 1444 816 1483 coulait
847 1449 1006 1493 partout,
1028 1444 1054 1481 il
1082 1444 1195 1482 fallait
1213 1445 1326 1490 boire,
1348 1444 1449 1481 boire
1478 1444 1658 1493 touiours,
1679 1443 1781 1481 boire
1822 1454 1978 1489 encore;
2009 1447 2047 1480 et
2066 1442 2137 1480 l’on

348 1502 525 1540 reveillait
541 1506 562 1540 a
575 1515 688 1552 coups
702 1503 914 1553 d’aiguillon
934 1516 1026 1542 ceux
1039 1516 1109 1553 que
1129 1503 1292 1542 l'ivresse
1312 1508 1348 1542 et
1369 1504 1403 1541 la
1422 1504 1560 1552 fatigue
1581 1503 1724 1541 avaient
1740 1502 1943 1540 endormis.
1959 1502 2009 1539 Le
2026 1502 2136 1539 resor-

349 1567 489 1600 mateur
511 1562 642 1607 Geiler,
661 1564 940 1612 contemporain
955 1565 1000 1601 (16
1017 1564 1220 1609 Burchard,
1246 1563 1404 1612 parvint,
1426 1575 1491 1612 par
1517 1575 1559 1600 sa
1578 1563 1743 1610 fermete,
1764 1565 1786 1600 a
1805 1562 1925 1599 dimin
1937 1574 1999 1599 uer
2019 1562 2050 1599 16
2068 1562 2141 1599 mal

350 1621 413 1669 qui
435 1633 480 1659 ne
500 1622 556 1659 fut
575 1622 863 1660 definitivement
881 1623 1022 1672 extirpe
1042 1623 1153 1672 qu’en
1174 1625 1266 1660 1549
1286 1635 1352 1672 par
1370 1623 1532 1672 reveque
1557 1623 1722 1660 Erasme.
1760 1622 1917 1661 Celui-ci
1941 1626 2002 1660 cut
2023 1621 2140 1659 l'hon-

349 1693 441 1718 neur
461 1681 653 1720 d'achever
674 1681 824 1720 l'oeuvre
843 1686 1074 1720 commencee
1093 1695 1159 1732 par
1180 1682 1314 1720 Geiler.
1336 1683 1435 1731 Voy.
1457 1683 1551 1719 dans
1572 1682 1608 1720 la
1632 1685 1751 1720 Revue
1773 1683 1961 1728 d'Alsace,
1989 1681 2141 1720 l’article

349 1740 395 1777 de
413 1741 532 1779 l'abbe
553 1742 788 1780 Grandidier:
811 1743 848 1779 la
865 1743 979 1781 Corne
999 1743 1049 1780 du
1062 1744 1286 1787 Haut-Barr‚
1299 1743 1405 1789 1855,
1422 1746 1451 1779 t.
1462 1742 1510 1789 V,
1531 1753 1569 1790 p.
1590 1743 1767 1779 202-211.
1788 1742 1941 1779 Parlant
1958 1741 2008 1778 du
2030 1752 2140 1790 repas

350 1799 413 1849 qui
433 1799 529 1837 avait
549 1812 593 1838 eu
619 1802 690 1839 lieu
706 1814 753 1839 au
774 1802 954 1851 Capitole,
975 1802 1008 1840 16
1027 1805 1051 1839 2
1070 1802 1138 1839 mai
1162 1804 1269 1845 1501,
1284 1814 1330 1839 en
1349 1801 1543 1839 l’honneur
1561 1802 1607 1839 de
1635 1801 1815 1839 l’anniver
1825 1801 1921 1839 saire
1942 1801 1988 1837 de
2013 1800 2139 1839 16106-

350 1859 476 1897 dation
493 1861 538 1898 de
557 1861 685 1907 Rome,
709 1863 898 1899 Burchard
919 1862 1112 1911 s’exprime
1126 1862 1238 1899 ainsi:
1257 1877 1277 1897 «
1291 1862 1490 1899 Prandium
1513 1861 1584 1899 fuit
1602 1860 1692 1899 satis
1712 1861 1858 1907 feriale,
1890 1864 1927 1899 et
1947 1861 2026 1898 sine
2044 1861 2141 1898 bono

350 1919 450 1958 vino.
468 1933 486 1955 1ο
514 1920 648 1967 (T.III‚
663 1933 700 1970 p.
724 1923 830 1970 133.)
851 1922 956 1959 Paris
977 1923 1021 1958 de
1042 1921 1188 1959 Grassis
1207 1934 1230 1959 6
1249 1922 1367 1959 (166116
1389 1921 1645 1970 plaisamment
1665 1933 1728 1958 sur
1749 1921 1782 1959 le
1801 1926 1947 1958 travers
1971 1920 2017 1958 de
2037 1924 2141 1958 notre

349 1979 539 2016 Allemand
560 1981 647 2028 qu'il
667 1981 815 2030 depeint
833 1993 973 2019 comme
993 1994 1043 2018 un
1068 1981 1221 2030 glouton
1241 1993 1370 2018 vorace
1391 1982 1480 2019 dont
1501 1996 1520 2016 «
1540 1981 1680 2030 l'esprit
1707 1984 1788 2018 tout
1811 1981 1929 2017 entier
1950 1980 2039 2018 61611
2057 1984 2138 2017 tou-

344 2038 450 2087 jours
484 2042 506 2076 a
538 2039 574 2077 16
605 2040 715 2078 table.
738 2055 757 2075 »
790 2055 810 2075 «
902 2041 1067 2078 Primum
1093 2041 1183 2078 libet
1210 2042 1279 2078 hoc
1305 2040 1342 2077 in
1363 2041 1443 2078 loco
1476 2045 1641 2078 nostrum
1663 2040 1928 2077 Burchardum
1954 2039 2140 2090 paulisper

348 2099 544 2150 appellare.
562 2100 855 2150 quandoquidem
875 2100 1023 2137 16111165
1044 2113 1105 2138 ore
1123 2100 1211 2137 nihil
1226 2112 1323 2149 aegre
1344 2101 1513 2149 frequens
1534 2104 1702 2137 versatur
1722 2111 1837 2148 quam
1872 2111 1989 2136 sermo
2007 2111 2138 2137 coena-

348 2157 456 2203 ticus‚
484 2163 571 2207 puto
605 2160 703 2208 quod
723 2160 802 2208 ejus
823 2160 967 2197 animus
988 2164 1088 2198 totus
1114 2160 1273 2210 epularis
1300 2160 1348 2198 sit
1367 2165 1405 2198 et
1426 2171 1568 2209 semper
1595 2159 1632 2196 in
1652 2158 1802 2208 patinis.
1828 2159 1975 2208 Nempe
1996 2159 2137 2208 quoties

350 2218 381 2255 is
402 2218 511 2256 talem
530 2219 699 2268 epulandi
715 2219 944 2258 occasionem
964 2220 1088 2266 habet,
1111 2217 1273 2269 seipsum
1294 2224 1333 2257 ut
1351 2219 1604 2257 mandiconem
1636 2218 1768 2256 invitat
1780 2218 1828 2256 ad
1852 2229 1990 2256 coenas
2007 2219 2138 2267 hujus-

350 2278 448 2315 modi
468 2279 701 2326 emortuales‚
722 2283 896 2328 tanquam
921 2280 969 2317 ad
1010 2279 1251 2328 triumphales
1277 2279 1548 2328 nuptialesque,
1576 2290 1619 2316 ac
1638 2278 1701 2325 ita,
1727 2282 1767 2315 ut
1806 2277 2136 2326 quedmadmodum

348 2336 468 2374 dicere
489 2337 593 2383 solet,
608 2338 822 2375 incoenatus
837 2350 881 2375 66
900 2338 945 2375 (16
964 2350 1076 2375 66656
1094 2337 1248 2375 biduum
1257 2338 1484 2381 sustinuerit,
1506 2350 1579 2386 quo
1598 2336 1858 2387 crapulantius
1874 2336 2135 2386 ingurgitetur.

351 2396 448 2440 Quin
468 2400 504 2434 et
524 2397 694 2435 convivas
722 2398 876 2435 subinde
895 2399 1076 2444 hortatur,
1097 2401 1286 2446 tamquam
1312 2410 1358 2435 ex
1383 2398 1602 2447 epulonibus
1633 2409 1742 2442 unus,
1775 2407 1902 2433 secum
1929 2399 2026 2433 totos
2046 2408 2136 2433 ven-

349 2460 424 2492 tres
447 2455 650 2494 distentant
669 2469 734 2506 pro
763 2458 896 2504 anima,
915 2461 953 2495 ut
972 2457 1119 2501 bibens,
1142 2457 1272 2505 inquit,
1291 2457 1386 2494 illius
1406 2448 1601 2494 cardinalis
1616 2456 1654 2492 in
1675 2456 1779 2505 cujus
1795 2456 1970 2493 honorem
1987 2455 2024 2491 id
2043 2467 2126 2492 exe-

349 2514 470 2562 quiale
503 2515 732 2565 obsequium,
761 2521 937 2566 tanquam
969 2517 1115 2565 epulare
1142 2516 1359 2553 sacrificium
1381 2516 1583 2565 peragitur.
1606 2515 1742 2553 Omitto
1768 2527 1880 2564 quam
1912 2513 2137 2551 visceraliter

350 2574 508 2619 exultat3
532 2575 563 2612 si
589 2576 736 2624 quando
765 2577 812 2614 ab
850 2576 1070 2614 obsonator-e
1091 2575 1313 2624 exploratur,
1334 2579 1424 2625 quot
1445 2575 1517 2613 vini
1550 2587 1699 2625 genera,
1728 2579 1865 2624 quotve
1895 2574 1981 2611 item
2001 2573 2137 2610 fercula

350 2633 550 2683 epulasque
569 2647 634 2684 pro
654 2635 832 2673 ministris
852 2636 1063 2673 missalibus
1083 2647 1210 2684 parare
1225 2640 1402 2684 oporteat.
1419 2636 1520 2673 Bone
1534 2635 1657 2673 Deusl
1681 2634 1776 2680 Quid
1790 2646 1859 2683 ego
1879 2634 1923 2671 ab
1937 2633 1999 2670 1110
2018 2645 2135 2682 nuper

350 2693 471 2730 audivi
489 2694 507 2730 ἱ)
527 2694 705 2743 Equidem
724 2707 798 2733 non
817 2696 940 2745 plures
967 2695 1072 2734 visus
1093 2707 1174 2732 sum
1194 2695 1292 2743 apud
1310 2695 1534 2733 Macrobium
1555 2694 1693 2744 legisse
1713 2694 1751 2731 in
1769 2693 1983 2742 pontificum
2011 2692 2134 2730 coenis

350 2752 514 2790 exhiberi
535 2754 677 2800 solitus,
700 2760 740 2792 ut
772 2755 833 2792 illa
866 2754 1001 2793 Metelli
1034 2766 1160 2801 coena,
1201 2766 1273 2803 quo
1304 2754 1364 2791 die
1389 2754 1568 2792 Lentulus
1606 2755 1742 2791 flamen
1777 2753 2034 2800 inauguratus,
2069 2751 2134 2787 sed

340 2800 616 2849 Γ1116611161111116
634 2812 749 2849 risum
767 2818 903 2859 movet,
927 2814 1013 2850 dum
1032 2813 1211 2850 barbarus
1236 2812 1304 2850 1516
1326 2813 1370 2849 (16
1390 2813 1514 2850 6061115
1535 2813 1743 2858 saliaribus,
1769 2810 1992 2856 aditialibus,
2012 2810 2133 2860 ponti-

349 2869 532 2916 ficalibus,
559 2870 754 2920 dubiisque
786 2875 822 2909 et
848 2871 1072 2921 epularibus,
1094 2883 1162 2908 nec
1194 2882 1268 2908 non
1303 2871 1510 2919 sybariticis
1536 2876 1573 2910 et
1604 2870 1841 2920 syracusanis
1868 2870 2006 2908 mensis
2034 2870 2135 2908 velut

349 2929 499 2974 grandis
518 2933 639 2966 orator
659 2929 785 2967 differe
805 2930 947 2968 studet.
969 2930 1069 2976 Quae
1090 2933 1211 2967 autem
1232 2929 1426 2966 verborum
1450 2929 1619 2979 prodigia
1637 2942 1683 2967 ex
1710 2929 1771 2967 illo
1793 2941 1905 2979 super
1922 2930 2012 2966 haec
2031 2928 2134 2965 audi-

352 2987 482 3034 vimus,
503 2992 568 3026 aut
608 3001 700 3038 quas
739 2990 854 3028 aniles
882 2990 1095 3040 philaterias
1129 2990 1208 3039 ipse
1242 3001 1314 3027 non
1342 2990 1511 3037 effutivit,
1536 3002 1666 3028 versus
1695 2990 1765 3027 hoc
1796 2989 1934 3027 Horatii
1960 2987 2129 3033 subinde,

349 3047 495 3084 tametsi
515 3048 679 3099 barbare,
701 3061 906 3088 memorans
927 3062 937 3088 t

850 3130 952 3164 Nunc
970 3133 1019 3164 est
1040 3129 1237 3173 bibendum,
1259 3138 1351 3163 nunc
1364 3127 1436 3171 ped
1449 3126 1553 3162 libero

848 3184 1030 3218 Pulsanda
1051 3184 1154 3218 tellus
1171 3194 1179 3217 ε
1200 3193 1293 3217 nunc
1306 3182 1506 3217 Saliaribus

851 3237 983 3271 Ornare
995 3238 1168 3280 pulvinar
1186 3238 1332 3271 deorum

849 3291 991 3333 Tempus
1011 3295 1087 3325 erat
1102 3291 1263 3334 dapibus,
1285 3289 1432 3323 sodales.

352 3352 397 3391 Et
415 3353 492 3391 haec
513 3355 658 3404 quidem
679 3360 923 3402 Burchardus.
946 3363 1025 3411 Ego
1045 3375 1131 3401 vero
1151 3374 1172 3400 a
1190 3360 1388 3410 frugaliore
1412 3359 1588 3407 magistro
1613 3362 1702 3400 citra
1733 3361 1947 3411 jactantiam
1985 3361 2126 3409 loquor,

348 3415 418 3452 hoc
438 3419 496 3453 est
521 3416 566 3454 ab
588 3417 668 3467 ipso
693 3422 832 3469 pudore
853 3424 1074 3462 semidoctus
1093 3436 1240 3470 censeo,
1268 3421 1367 3472 quod
1387 3420 1597 3468 hujusmodi
1617 3420 1724 3458 dictis
1746 3421 1925 3469 factisque
1945 3419 2129 3456 Burchar-

350 3474 445 3512 dinis
466 3477 640 3525 explosis,
656 3485 804 3528 paretur
820 3484 1025 3530 prandium,
1047 3489 1113 3522 ecc.
1133 3499 1150 3518 »
1173 3484 1338 3531 Passage
1358 3481 1426 3518 cite
1452 3492 1517 3529 par
1534 3480 1658 3518 Cerri:
1679 3483 1814 3528 Bor-qia
1831 3482 1928 3518 ossia
1953 3479 2125 3516 Alessan-

351 3534 416 3570 (1νο
442 3536 492 3571 VI
498 3547 601 3583 papa
622 3549 639 3574 6
653 3541 734 3576 suoi
748 3545 1050 3590 contemporanei,
1071 3546 1094 3580 t.
1116 3544 1142 3588 I,
1160 3555 1201 3591 p.
1226 3544 1284 3588 27,
1304 3544 1388 3578 note
1416 3540 1442 3574 I.
