2248 3892
169 387 256 429 [Mai
278 390 372 429 1506]
469 434 474 439 .
618 389 788 426 RERUM
821 388 1122 426 URBANARUM
1156 388 1503 427 COMMENTARII.
1883 391 1953 427 429

170 504 278 536 mus
299 504 327 536 a
362 489 525 537 multis
559 489 802 550 associati,
839 492 886 537 et
924 488 1100 536 fratres
1135 489 1355 538 fecerunt
1389 490 1743 540 absolutionem
1779 507 1949 541 eorum

169 587 323 619 more.

234 655 480 715 Mercurii,
515 659 576 704 20
603 655 734 716 maii,
769 670 974 719 vespere
1012 659 1123 703 sunt
1155 655 1320 705 habire
1351 656 1401 703 in
1434 656 1621 720 capella
1650 657 1839 723 maj0re
1870 674 1958 723 pa-

166 738 288 798 latii,
316 739 429 803 quia
450 739 540 788 fuit
562 740 722 805 vigilia
742 739 1054 788 Ascensionis
1076 739 1298 798 Domini;
1323 744 1371 788 et
1392 743 1450 788 D.
1476 740 1735 789 Balthasar
1751 742 1954 802 Nicolai,

166 821 323 869 dictus
358 823 677 873 Viterbiensis
718 823 800 887 qui
835 823 924 871 fuit
957 822 1247 871 substitutus
1291 823 1496 872 sacriste
1542 824 1593 871 in
1624 824 1789 873 locum
1832 825 1955 874 bone

166 905 404 954 memorie
429 905 593 954 Ortani
624 906 685 954 ad
712 906 933 954 officium
963 906 1360 955 ceremoniarum
1395 906 1706 970 subrogatus,
1746 913 1794 956 et
1824 911 1956 972 Papa

167 989 347 1038 creavit
376 977 690 1039 assistentem
719 990 769 1038 in
788 990 952 1039 locum
978 990 1141 1038 Ortani
1170 993 1407 1038 Joannem
1432 990 1744 1050 Ludovicum‚
1771 992 1956 1055 episco-

166 1085 284 1133 pum
308 1071 673 1133 Saurinensem,
698 1073 990 1138 magistrum
1012 1073 1186 1121 domus
1209 1088 1295 1121 sue
1329 1072 1630 1132 Sanctitatis,
1659 1073 1739 1136 qui
1774 1074 1863 1121 suit
1890 1074 1955 1122 ibi

167 1155 392 1204 adstatim
423 1161 647 1221 receptus
676 1156 804 1206 inter
825 1157 1110 1205 assistentes
1143 1161 1192 1205 et
1223 1157 1272 1205 in
1300 1157 1464 1205 locum
1492 1173 1579 1205 sue
1611 1157 1953 1221 promotioniS‚

166 1243 214 1287 et
240 1255 337 1288 non
361 1240 501 1300 ultra,
529 1241 579 1290 id
602 1244 693 1302 est,
729 1242 902 1290 ultimo
933 1242 1062 1290 1000.

232 1324 376 1384 Jovis‚
407 1329 462 1373 21
489 1326 622 1385 maii,
647 1326 793 1375 missa
811 1326 902 1374 fuit
920 1326 1090 1375 habita
1110 1325 1157 1373 in
1182 1342 1222 1374 s.
1249 1328 1410 1375 Petro.
1438 1329 1644 1375 Paratus
1667 1329 1798 1391 Papa
1818 1342 1953 1376 more

166 1407 325 1467 solito,
363 1408 550 1457 habens
586 1409 759 1458 tiaram
793 1410 891 1459 sive
928 1426 1153 1475 regnum,
1193 1410 1385 1458 delatus
1421 1410 1512 1458 fuit
1550 1410 1612 1458 ad
1647 1427 1687 1459 s.
1726 1413 1949 1470 Petrum;

164 1490 329 1555 itaque
363 1492 508 1541 exivit
540 1509 630 1557 per
666 1496 859 1558 portam
895 1493 1077 1558 palatii,
1112 1493 1192 1541 ubi
1224 1494 1346 1542 solet
1380 1494 1584 1558 guardia
1615 1508 1701 1542 seu
1733 1494 1955 1542 custodia

165 1576 342 1635 teneri,
367 1591 424 1624 eo
450 1577 580 1640 quod
606 1578 788 1625 scalam
812 1593 901 1641 per
927 1593 1072 1641 quam
1091 1577 1218 1625 soliti
1245 1577 1439 1624 fuerant
1462 1576 1722 1625 Pontifices
1747 1577 1953 1626 descen-

167 1658 302 1718 dere,
331 1659 656 1708 demolierant
675 1676 765 1724 pro
789 1676 912 1709 nova
936 1659 1173 1719 facienda,
1192 1660 1276 1708 tali
1296 1660 1481 1708 scilicet
1496 1660 1642 1708 modo
1665 1661 1796 1724 quod
1818 1661 1954 1724 equis

168 1745 241 1793 ire
269 1748 471 1809 possent
495 1762 554 1795 ex
583 1747 691 1795 aula
714 1746 868 1811 regali
895 1762 1047 1811 usque
1070 1747 1131 1795 ad
1157 1762 1196 1794 s.
1229 1748 1450 1806 Petrum;
1478 1747 1747 1795 cardinales
1774 1751 1822 1796 et
1846 1763 1958 1811 pre-

170 1826 254 1874 lati
279 1843 448 1877 omnes
481 1828 786 1877 intraverunt
816 1829 866 1877 in
899 1830 1065 1894 cappis
1091 1834 1138 1878 et
1167 1845 1265 1878 non
1289 1830 1737 1894 processionaliter.
1761 1831 1957 1878 Missam

173 1911 382 1959 cantavit
415 1915 583 1960 Rmus.
619 1913 876 1961 cardinalis
914 1930 952 1961 s.
996 1913 1191 1972 Sabine,
1220 1929 1314 1976 que
1350 1913 1438 1962 fuit
1463 1913 1636 1978 prima.
1670 1914 1955 1963 Orationem

171 1992 341 2041 habuit
355 1994 550 2057 quidam
575 1995 802 2044 Camillus
818 1995 1077 2059 quistatim
1100 2011 1158 2043 ea
1179 1996 1306 2044 facta
1318 1996 1541 2055 recessit,
1566 2011 1624 2044 eo
1650 1996 1781 2059 quod
1800 1996 1955 2044 indul-

173 2077 334 2141 gentie
350 2077 414 2125 ibi
435 2078 483 2125 in
500 2078 684 2142 capella
697 2095 795 2127 non
807 2079 1246 2143 pronunciarentur
1259 2096 1269 2139 3
1291 2095 1387 2143 quo
1403 2079 1549 2138 facto,
1569 2079 1800 2128 diaconus
1815 2095 1951 2128 more

173 2160 311 2208 solito
332 2165 442 2210 ante
462 2164 641 2227 Papam
661 2163 779 2211 dixit
806 2162 1045 2227 Confiteor
1058 2167 1105 2213 et
1126 2164 1287 2212 statim
1309 2168 1419 2227 post
1444 2163 1770 2211 subdiaconus
1794 2167 1957 2227 porta-

170 2243 235 2292 vit
247 2259 394 2294 cruce
409 2251 570 2294 mante
585 2246 804 2295 infimum
821 2247 1023 2312 gradum
1040 2247 1165 2307 solii,
1188 2251 1236 2296 et
1252 2250 1381 2311 Papa
1393 2246 1525 2294 dedit
1539 2246 1951 2295 benedictionem.

172 2329 275 2384 Qua
298 2328 423 2389 data,
448 2330 642 2378 fuerunt
657 2330 925 2379 cardinales
945 2331 1101 2379 vocati
1119 2331 1179 2378 ad
1195 2330 1456 2389 circulum3
1476 2329 1614 2377 finita
1630 2329 1796 2388 missa,
1822 2332 1957 2393 Papa

173 2410 358 2459 delatus
381 2429 469 2476 per
493 2413 626 2462 illam
649 2429 821 2462 navem
839 2414 919 2462 ubi
941 2419 1136 2462 sanctus
1161 2413 1439 2462 reconditur
1460 2415 1507 2467 et
1529 2416 1779 2471 servatur3
1804 2428 1951 2476 quem

169 2493 436 2543 faldistorio
457 2495 744 2545 incumbens
768 2496 986 2545 adoravit
1007 2513 1016 2545 :
1043 2496 1323 2545 adoratione
1343 2497 1472 2545 sacta
1496 2495 1585 2543 fuit
1605 2495 1666 2543 ad
1682 2496 1846 2544 locum
1868 2496 1952 2544 be-

171 2576 463 2626 nedictionis
484 2579 689 2639 delatus,
718 2580 786 2628 ita
814 2580 943 2643 quod
964 2580 1243 2628 intravimus
1270 2595 1357 2643 per
1381 2581 1574 2642 portam
1605 2579 1770 2642 palatii
1796 2579 1877 2627 ubi
1901 2579 1953 2626 fit

172 2660 378 2723 guardia
398 2665 447 2710 et
468 2662 777 2710 ascendimus
801 2678 890 2727 per
911 2663 1036 2711 viam
1063 2679 1159 2726 qua
1185 2662 1456 2711 cardinales
1484 2661 1750 2710 ascendere
1775 2661 1952 2720 solent,

173 2744 365 2812 quando
388 2745 448 2793 ad
470 2745 701 2810 palatium
726 2746 959 2810 equitant,
985 2751 1032 2794 et
1059 2749 1187 2810 Papa
1207 2746 1341 2793 dedit
1360 2744 1754 2793 benedictionem
1775 2744 1955 2807 populo

173 2827 465 2888 solemnem3
499 2846 594 2894 qua
626 2830 755 2890 data,
789 2830 1127 2894 pronunciavit
1159 2828 1511 2893 indulgentiam
1542 2827 1809 2892 plenariam
1845 2842 1954 2875 car-

172 2910 345 2959 dinalis
368 2912 604 2961 Columna
623 2913 673 2961 in
699 2913 869 2974 latino,
899 2914 1155 2963 Cesarinus
1176 2913 1227 2961 in
1247 2911 1458 2977 vulgari3
1483 2915 1595 2959 ante
1622 2911 1801 2959 scalam
1825 2913 1954 2974 Papa

171 2993 431 3044 licentiavit
461 2997 735 3045 cardinales
772 2997 1102 3061 antiquiores3
1143 3002 1308 3046 tamen
1343 2994 1671 3045 ascenderunt
1710 3008 1862 3057 usque
1896 2993 1957 3041 ad

174 3091 419 3126 cameram
438 3080 726 3143 paramenti.

240 3159 468 3221 Sabbato,
495 3165 556 3211 30
576 3164 707 3223 maii,
737 3162 898 3228 vigilia
919 3165 1234 3212 Pentecostes
1253 3178 1263 3222 ;
1284 3176 1485 3226 vespere
1504 3160 1698 3209 fuerunt
1718 3158 1882 3207 habite
1908 3158 1957 3207 in

175 3242 359 3306 capella
378 3245 563 3309 maJ‘ore
581 3246 767 3310 palatii,
797 3249 927 3311 Papa
949 3251 1175 3311 presente
1197 3246 1256 3294 ad
1276 3246 1512 3310 hymnum
1539 3257 1684 3307 quem
1715 3244 1843 3305 Papa
1861 3258 1957 3290 non

173 3325 361 3374 intonat
394 3331 559 3376 nostra
593 3332 906 3394 tempestate3
942 3330 1223 3393 genuflectit
1255 3329 1304 3376 in
1339 3325 1626 3384 faldistorio,
1656 3327 1704 3372 et
1734 3328 1956 3373 cantores

174 3421 273 3454 non
299 3406 537 3472 incipiunt
552 3410 784 3476 hymnum
805 3411 895 3459 nisi
920 3414 1050 3475 Papa
1074 3412 1349 3476 genuflexo.

241 3491 513 3551 Dominica,
537 3496 589 3541 31
613 3494 746 3554 maii,
771 3494 919 3542 missa
944 3494 1032 3542 fuit
1053 3495 1220 3543 habita
1237 3494 1285 3541 in
1310 3486 1495 3557 capella
1512 3490 1710 3540 basilice
1744 3507 1783 3539 S.
1810 3492 1955 3549 Petri,
