2228 3938
1891 0 1894 2 '
1910 0 1942 19 ’Κῖ
1948 0 1978 22 ti*
1987 0 1989 2 ’
1999 0 2023 29 f'
2055 0 2067 13 ³
2071 0 2228 48 issJ‘i-Vzffl'

301 335 372 369 272
608 299 641 336 ἐ’
918 329 1149 366 ,IOHANNIS
1185 328 1480 370 BURCHARDI,
1743 327 1964 369 [Septembre
1986 329 2081 369 1503]

288 430 575 483 ‘Innocentii
601 430 682 496 (1),
716 434 764 478 et
791 431 1069 478 ordinatum
1106 429 1235 493 quod
1271 428 1746 491 singuli-cardinales
1780 428 1998 478 facerent
2025 446 2082 478 ea

302 517 499 580 copiare
524 513 861 577 etcogitarent
885 529 975 576 pro
1007 513 1084 560 die
1116 512 1332 560 crastina
1363 510 1477 573 quid
1514 511 1791 558 addendum
1821 511 1895 559 vel
1930 512 2079 559 corri-

302 600 534 663 gendum,
561 600 608 644 et
635 595 843 643 ordinati
864 599 965 642 tres
990 611 1077 658 per
1104 594 1379 642 cardinales
1404 593 1462 640 de
1489 593 1620 640 omni
1647 592 1819 640 ordine
1846 592 1907 640 ad
1928 594 2079 641 corri-

303 680 515 744 gendum
540 680 614 728 vel
639 678 933 735 addendum,
960 680 1104 741 prout
1126 678 1194 724 eis
1215 677 1457 725 videretur
1476 678 1704 739 oportere
1727 679 1776 723 et
1800 676 2076 724 convenire.

366 765 469 810 Hoc
500 778 608 809 sero
636 761 726 808 fuit
756 761 1013 808 conclusus
1044 763 1175 823 Papa
1210 776 1248 806 5.
1288 759 1522 807 Praxedis
1558 774 1646 821 per
1675 758 1841 821 viginti
1872 761 2080 820 quatuor

299 850 410 893 vota
453 848 501 892 et
541 844 686 892 etiam
720 859 808 907 per
847 843 1216 906 Neapolitanum
1251 846 1299 890 et
1341 860 1378 890 5.
1418 842 1549 890 Petri
1590 843 1651 889 ad
1679 841 1886 891 Vincula
1911 839 1992 904 qui
2030 841 2079 888 in

301 931 708 992 Rotomagensem
737 926 1114 974 descenderunt.

367 1011 454 1058 Die
499 1011 632 1069 lune,
679 1013 734 1057 18
775 1008 1078 1072 septembriS,
1112 1009 1273 1056 nullus
1310 1008 1632 1055 cardinalium
1672 1007 1953 1065 celebravit,
1997 1007 2081 1055 sed

303 1093 465 1140 socius
506 1108 662 1146 meus,
703 1092 833 1139 circa
859 1094 1078 1158 octavam
1104 1091 1346 1139 decimam
1382 1091 1554 1139 horam
1596 1090 1855 1139 celebravit
1882 1090 2078 1138 missam

304 1192 394 1239 per
411 1175 591 1233 omnia,
620 1180 670 1222 ut
691 1175 815 1221 heri.
847 1175 1176 1223 Interfuerunt
1202 1190 1372 1222 omnes
1398 1175 1686 1234 cardinales,
1715 1174 1912 1237 dempto
1938 1176 2080 1221 Casa-

302 1274 427 1306 nova
467 1257 680 1305 infirmo.
727 1260 839 1305 Post
874 1258 1091 1315 missam,
1132 1257 1219 1305 fuit
1250 1258 1564 1321 congregatio
1596 1257 1645 1304 in
1679 1257 1826 1305 tertia
1861 1257 1988 1315 aula,
2032 1259 2080 1303 et

305 1343 529 1388 correcta
572 1340 786 1403 capitula
823 1355 909 1403 pro
949 1356 1126 1402 magna
1163 1345 1325 1403 parte3
1359 1340 1606 1387 residuum
1639 1339 1951 1387 commissum
1992 1338 2082 1386 fuit

303 1422 400 1470 illis
427 1423 597 1470 decem
615 1426 663 1470 et
687 1438 876 1481 novem,
913 1428 964 1469 ut
988 1423 1112 1470 heri.
1143 1423 1345 1470 Interim
1372 1438 1540 1470 omnes
1576 1423 1865 1469 conclaviste
1904 1437 2080 1469 conve-

310 1509 490 1551 nerunt
511 1505 559 1551 in
593 1505 704 1551 aula
729 1520 907 1567 magna
931 1508 979 1552 et
993 1505 1280 1568 juraverunt
1302 1505 1477 1568 singuli
1500 1506 1558 1552 de
1580 1505 1906 1568 presentando
1931 1505 2075 1563 bona,

306 1590 419 1645 etc.,
455 1587 615 1646 tactis,
644 1590 759 1645 etc.,
792 1587 841 1633 in
876 1587 1099 1633 manibus
1135 1587 1251 1634 socii
1278 1587 1373 1634 mei
1407 1589 1455 1633 et
1485 1587 1622 1645 meis,
1651 1592 1697 1634 et
1720 1586 1938 1650 deputati
1973 1589 2073 1634 DD.

303 1671 535 1717 Ernestus
576 1670 635 1717 de
680 1672 848 1727 Petra,
894 1669 1106 1717 Dioneus
1148 1669 1206 1716 de
1242 1672 1447 1727 Jarano,
1492 1669 1737 1717 ‚Iohannes
1782 1670 1841 1717 de
1868 1672 2073 1733 Burgos,

302 1753 510 1800 Thomas
547 1752 769 1801 Phedrus
802 1755 849 1799 et
880 1752 1108 1800 Camillus
1145 1752 1203 1799 de
1240 1752 1464 1799 Liazariis
1502 1753 1562 1799 ad
1599 1752 1934 1815 recipiendum
1949 1751 2077 1799 bona

305 1835 512 1899 eligendi
535 1837 583 1883 et
604 1835 686 1883 illa
709 1835 918 1883 fideliter
949 1836 1301 1894 conservanda,
1328 1837 1376 1882 et
1405 1837 1504 1883 DD.
1537 1835 1715 1882 Paulus
1741 1835 1799 1882 de
1823 1835 2000 1882 Planca
2029 1836 2077 1880 et

300 1920 322 1965 J
330 1918 514 1965 ustinus
541 1919 600 1965 de
624 1918 828 1969 Carosiis
855 1922 1232 1981 acceptaverunt
1257 1935 1378 1966 onus
1401 1918 1727 1981 componendi
1750 1918 1963 1966 rotulum
1986 1933 2075 1981 pro

300 2001 620 2049 conclavistis.
646 2001 816 2049 Nullus
838 2001 1151 2048 cardinalium
1168 2001 1429 2049 celebravit
1451 2001 1544 2049 hoc
1560 2017 1701 2049 mane
1724 2001 1940 2048 missam.

362 2084 449 2131 Die
485 2083 672 2142 martis,
718 2087 774 2130 19
813 2084 1119 2147 septembriS,
1148 2084 1277 2131 circa
1320 2084 1494 2131 horam
1544 2084 1786 2131 decimam
1825 2087 2071 2147 quartam,

302 2166 460 2215 socius
496 2182 632 2213 meus
659 2166 918 2214 celebravit
944 2167 1143 2226 missam
1173 2166 1416 2230 publicam
1446 2167 1520 2213 cui
1544 2167 1871 2214 interfuerunt
1904 2182 2073 2214 omnes

253 2288 262 2295 .
301 2250 589 2308 cardinales,
630 2250 838 2313 demptis
871 2250 1084 2298 Adriano
1113 2255 1161 2298 et
1194 2254 1437 2298 Casanova
1458 2250 1680 2297 infirmis.
1719 2253 1832 2297 Post
1851 2250 2067 2306 missam,

301 2333 390 2381 fuit
431 2333 741 2396 congregatio
793 2349 944 2396 usque
990 2334 1050 2380 ad
1093 2333 1333 2381 decimam
1374 2334 1631 2397 septimam
1676 2334 1848 2381 horam
1884 2333 1934 2380 in
1979 2348 2074 2395 qua

302 2416 502 2464 fuerunt
546 2416 777 2464 conclusa
809 2417 1016 2480 capitula
1049 2420 1097 2463 et
1133 2415 1392 2464 commissa
1428 2432 1598 2464 eorum
1628 2416 1803 2464 revisio
1836 2415 2071 2464 cardinali

304 2498 631 2546 Alexandrino
669 2500 717 2545 et
753 2501 918 2545 sancte
969 2498 1137 2546 Crucis
1179 2499 1257 2561 qui
1299 2498 1432 2546 circa
1458 2500 1666 2562 primam
1705 2499 1861 2547 noctis
1899 2498 2070 2545 horam

299 2581 701 2644 consignaverunt
723 2597 780 2629 ea
801 2581 1065 2628 secretario
1091 2582 1221 2644 quod
1253 2582 1434 2630 faceret
1457 2598 1514 2629 ea
1533 2582 1785 2645 publicari.
1811 2584 1942 2629 Inter
1961 2597 2070 2629 car-

301 2664 487 2712 dinales
505 2680 602 2711 non
626 2664 717 2711 fuit
741 2664 870 2711 facta
897 2680 1075 2728 magna
1103 2665 1305 2729 pratica,
1343 2680 1478 2712 more
1512 2665 1653 2713 solito
1680 2683 1688 2712 :
1720 2665 1876 2712 nullus
1912 2664 2071 2712 cardi—

298 2746 481 2794 nalium
515 2746 780 2794 celebravit
804 2746 899 2793 hoc
929 2762 1072 2794 mane
1097 2746 1318 2806 missam;
1348 2762 1438 2809 ego
1479 2746 1638 2809 reperi
1663 2747 1711 2794 in
1744 2747 1895 2810 platto
1917 2745 2070 2795 cardi-
2134 2750 2143 2758 ”

296 2828 418 2876 nalis
445 2828 764 2877 Bononiensis
784 2828 1023 2876 cedulam.

358 2911 444 2959 Die
470 2911 719 2970 mercurii,
750 2915 810 2959 20
833 2913 1140 2975 septembris,
1167 2913 1294 2961 inter
1320 2913 1658 2961 duodecimam
1683 2916 1730 2960 et
1751 2911 2064 2960 tredecimam

293 2993 491 3053 horam,
519 2997 682 3041 Rmus.
715 3010 754 3041 s.
783 2994 950 3043 Crucis
977 2994 1238 3043 celebravit
1271 2994 1487 3054 missam,
1517 2994 1690 3041 deinde
1709 2994 1840 3042 circa
1863 2993 2066 3056 quinde-

295 3076 474 3125 cimam
499 3093 588 3140 ego
614 3077 873 3140 publicavi,
901 3077 978 3124 cui
999 3077 1323 3125 interfuerunt
1352 3077 1619 3125 cardinales
1644 3092 1829 3136 omnes,
1867 3077 2064 3140 dempto

295 3163 554 3209 Casanova.
583 3162 697 3206 Post
719 3160 979 3222 prandium
1004 3159 1294 3222 inceperunt
1315 3159 1586 3207 cardinales
1611 3160 1826 3207 scribere
1851 3159 2065 3223 capitula

294 3242 353 3289 ab
377 3243 499 3290 hora
528 3241 758 3304 vigesima
786 3242 999 3289 secunda
1027 3258 1176 3303 usque
1211 3241 1270 3289 ad
1307 3246 1530 3304 quartam
1561 3242 1718 3289 noctis
1750 3247 1796 3291 et
1827 3243 1875 3290 in
1901 3259 2061 3301 mane,

295 3325 355 3373 ab
370 3325 493 3373 hora
519 3323 662 3372 tertia
685 3324 876 3373 decima
904 3340 1054 3387 usque
1080 3325 1139 3371 ad
1162 3324 1400 3373 decimam
1427 3329 1629 3373 sextam.
1652 3326 1836 3374 Deinde
1857 3341 1946 3389 ego
1969 3325 2064 3373 dixi

345 3424 378 3463 1.
404 3424 503 3472 Voy.
528 3427 555 3461 t.
577 3423 605 3469 I,
627 3435 664 3471 p.
686 3423 731 3460 34
754 3428 790 3461 et
807 3421 903 3461 suiv.
