2248 3892
146 408 231 451 [Mai
245 408 342 450 1506]
583 406 754 446 RERUM
785 404 1090 445 URBANARUM
1121 404 1476 459 COMMENTARII.
1863 407 1933 444 427

215 510 475 560 Dominica
498 514 748 575 sequente,
774 525 954 574 corpus
983 524 1071 557 seu
1094 508 1238 557 funus
1267 510 1488 575 ejusdem
1514 508 1603 557 fuit
1627 509 1842 558 delatum
1869 510 1931 558 ad

149 596 502 645 monasterium
534 611 573 643 S.
609 595 760 644 Marie
790 595 850 642 de
891 593 1096 657 Popu10‚
1138 593 1267 642 unde
1294 593 1386 642 fuit
1412 590 1605 642 'debitis
1638 594 1930 642 ceremoniis

150 680 410 745 sepultum.
438 679 610 731 Vocati
631 679 830 728 fuerunt
857 680 1123 727 conventus
1146 693 1184 726 S.
1212 677 1488 742 Augustini,
1515 677 1724 738 Areceli,
1754 678 1813 726 de
1838 680 1931 726 Po-

148 763 282 829 pu10‚
326 763 619 813 camerarius
655 761 770 812 cleri
813 760 972 822 Urbis,
1013 759 1350 826 parochiarius
1383 761 1641 827 presbyter
1675 761 1930 826 hospitalis

146 899 294 946 idcitur,
317 911 391 937 non
407 899 486 937 vult
503 901 766 936 testamentum
783 896 917 940 valere,
941 900 978 934 et
995 895 1047 934 sic
1078 895 1159 946 ipse
1186 897 1289 946 Papa
1311 898 1512 945 exequutor
1532 907 1617 934 esse
1631 895 1811 943 creditur3
1835 898 1933 946 quod

149 963 272 997 tamen
292 971 366 996 non
383 962 441 997 est
458 959 580 996 adhuc
596 958 747 996 clarum.

194 1020 284 1056 Item
309 1018 377 1056 feci
402 1030 534 1056 vocare
560 1030 687 1056 omnes
717 1016 981 1056 referendarios
1009 1016 1054 1054 de
1084 1028 1239 1065 quorum
1274 1028 1426 1055 numero
1458 1017 1540 1066 ipse
1573 1019 1651 1053 erat
1681 1015 1933 1055 fraudulenter

145 1079 280 1125 factus,
301 1079 371 1116 hoc
389 1079 510 1125 modo,
532 1078 701 1117 videlicet
721 1090 732 1117 ε
750 1090 836 1116 Δοιιῑῑι
856 1078 950 1115 duos
976 1077 1135 1127 prelatos
1162 1078 1264 1126 Papa
1288 1077 1436 1115 fecisset
1457 1088 1574 1114 novos
1593 1076 1872 1123 referendarios,
1894 1081 1931 1116 et

146 1138 219 1188 ipsi
237 1150 282 1175 ex
301 1151 401 1176 more
416 1139 549 1176 vellent
570 1138 727 1176 osculari
747 1139 876 1188 pedem
896 1139 1008 1186 Pape,
1030 1137 1110 1186 ipse
1131 1137 1289 1174 Ortanus
1310 1137 1374 1185 qui
1393 1149 1476 1174 cum
1496 1138 1623 1175 aderat
1642 1137 1780 1175 detexit
1798 1138 1928 1187 pedem

146 1203 183 1237 et
204 1199 372 1247 jocando,
400 1211 482 1235 cum
513 1198 626 1236 multo
648 1198 724 1235 risu
752 1199 806 1247 (ut
831 1196 1034 1246 deceptorie
1062 1196 1217 1245 solebat)
1249 1197 1354 1246 petiit
1379 1209 1426 1234 an
1450 1197 1531 1246 ipse
1553 1197 1663 1234 etiam
1690 1210 1772 1236 esse
1804 1203 1932 1247 posset

146 1270 243 1296 unus
264 1271 308 1296 ex
330 1258 382 1296 eis
405 1270 414 1296 :
436 1270 518 1295 cum
538 1259 652 1308 Papa,
672 1270 745 1295 non
765 1257 976 1308 intelligens
1002 1265 1152 1307 propter
1177 1258 1291 1295 risum
1318 1258 1410 1307 ejus,
1440 1257 1547 1294 etiam
1574 1257 1699 1295 ridens
1726 1258 1818 1296 dixit
1835 1259 1934 1307 quod

146 1318 199 1355 sic
219 1322 255 1355 et
273 1318 326 1355 sic
345 1318 426 1367 ipse
445 1322 566 1356 astute
583 1318 702 1367 prima
714 1319 792 1356 vice
806 1318 999 1367 ingressus
1015 1318 1244 1366 signaturam
1263 1329 1338 1355 non
1357 1318 1457 1363 Pape
1478 1318 1542 1354 sed
1561 1317 1758 1355 cardinalis
1775 1317 1934 1355 Alexan-

145 1377 253 1415 drini.
275 1379 367 1415 Tum
386 1390 470 1415 cum
489 1378 656 1416 venisset
672 1379 719 1415 ad
740 1378 984 1427 signaturam,
1011 1379 1114 1428 Papa
1138 1378 1311 1416 turbatus
1339 1377 1385 1415 de
1404 1377 1484 1426 ejus
1504 1377 1712 1415 temeritate
1733 1377 1936 1426 expulisset

144 1437 245 1476 illum
264 1437 338 1475 nisi
360 1437 556 1475 cardinalis
576 1437 863 1485 Alexandrinus,
889 1439 1046 1476 multum
1071 1438 1244 1477 instando
1269 1437 1476 1476 laborasset
1493 1440 1534 1474 ut
1553 1438 1656 1486 Papa
1674 1437 1845 1475 toleraret
1865 1437 1936 1474 sal-

145 1503 219 1537 tem
237 1510 304 1548 pro
320 1499 460 1536 honore
487 1497 607 1547 ipsius
635 1498 850 1546 cardinalis3
877 1502 913 1536 et
933 1499 985 1536 sic
1011 1498 1091 1548 ipse
1116 1499 1219 1548 Papa
1239 1497 1408 1536 toleravit
1433 1496 1558 1546 ipsum
1581 1497 1765 1535 Ortanum
1784 1497 1822 1534 in
1839 1497 1934 1535 refe-

146 1558 368 1596 rendarium.

194 1619 286 1656 Item
305 1618 373 1656 feci
398 1629 528 1656 vocare
553 1629 680 1656 omnes
711 1617 929 1656 assistentes
961 1619 1061 1667 Pape
1093 1618 1138 1655 de
1169 1629 1325 1667 quorum
1355 1629 1508 1654 numero
1541 1615 1707 1654 similiter
1737 1616 1806 1655 fuit
1836 1628 1933 1654 unus

146 1678 266 1715 faetus
282 1690 358 1715 non
377 1690 461 1715 cum
481 1678 614 1715 minori
630 1681 709 1715 arte
728 1677 802 1714 nisi
818 1678 942 1726 potius
960 1677 1124 1715 fraudem
1144 1677 1320 1727 appelles,
1338 1677 1401 1726 qui
1417 1689 1500 1714 cum
1519 1677 1598 1726 ipse
1619 1680 1718 1714 esset
1737 1677 1935 1726 episcopus

149 1740 185 1773 et
214 1738 392 1786 magister
418 1737 717 1783 ceremoniarum,
749 1736 856 1786 petiit
886 1749 909 1774 a
930 1737 1032 1787 Papa
1064 1749 1112 1775 an
1139 1737 1301 1786 placeret
1331 1737 1429 1786 quod
1462 1737 1542 1786 ipse
1567 1740 1667 1773 esset
1702 1737 1799 1785 apud
1824 1737 1936 1775 altare

149 1797 377 1845 propriorum
399 1798 479 1844 (sic)
501 1797 547 1834 ad
562 1797 701 1847 Papam
719 1796 994 1835 ministraturus
1014 1797 1048 1834 ei
1066 1801 1243 1846 tanquam
1263 1797 1452 1846 magister,
1475 1800 1511 1834 et
1527 1797 1629 1844 Papa
1648 1796 1817 1833 toleravit
1837 1809 1846 1835 :
1869 1798 1934 1834 sed

148 1856 235 1905 quia
268 1856 320 1894 sic
351 1860 451 1894 esset
481 1856 632 1894 ultimus
668 1861 754 1906 post
784 1856 928 1906 aliquos
966 1857 1162 1906 episcopos
1194 1856 1415 1894 assistentes
1446 1856 1508 1904 qui
1541 1859 1645 1894 erant
1676 1855 1844 1904 juniores
1875 1868 1931 1903 eo,

148 1915 242 1954 dixit
261 1917 364 1965 Papa
390 1928 463 1953 non
492 1928 575 1954 esse
607 1916 828 1954 conveniens
857 1920 896 1954 ut
927 1916 1009 1966 ipse
1041 1917 1163 1954 senior
1194 1916 1387 1965 episcopus
1419 1919 1519 1952 esset
1545 1915 1615 1953 sub
1642 1915 1723 1952 aliis
1750 1916 1932 1966 episcopis

143 1975 371 2024 junioribus;
397 1980 432 2013 et
453 1975 506 2013 sic
526 1988 610 2013 cum
635 1976 736 2025 Pape
762 1976 840 2013 risu
867 1979 904 2013 et
925 1976 1153 2025 malignitate
1177 1975 1337 2013 hominis
1363 1975 1547 2013 concessit
1573 1978 1614 2012 ut
1633 1980 1733 2013 esset
1751 1975 1933 2013 assistens

149 2035 379 2084 etmagister.
398 2036 524 2084 Itaque
539 2035 592 2073 sic
606 2035 782 2074 remansit
795 2036 889 2073 inter
906 2035 1124 2073 assistentes
1140 2037 1238 2085 Pape
1253 2035 1428 2073 indirecte
1441 2039 1551 2084 prout
1565 2035 1674 2073 etiam
1686 2035 1823 2073 fecerat
1839 2036 1933 2073 inter

146 2095 426 2141 referendarios,
455 2098 492 2132 et
521 2095 608 2132 hinc
634 2099 733 2133 recta
761 2095 1019 2144 oportunitate,
1053 2095 1142 2133 libet
1170 2108 1284 2132 unum
1313 2095 1450 2132 factum
1484 2095 1623 2132 dictum
1654 2096 1755 2144 Pape
1783 2096 1828 2132 de
1851 2095 1932 2144 ipso

145 2155 317 2205 episcopo
332 2156 468 2193 Ortano
488 2155 551 2204 qui
579 2155 702 2205 ipsum
734 2155 873 2204 Papam
901 2155 939 2192 in
964 2155 1110 2193 duobus
1139 2155 1359 2204 supradictis
1384 2154 1527 2203 decepit
1553 2159 1594 2193 ut
1612 2167 1686 2192 non
1702 2155 1811 2192 tertio
1831 2155 1929 2192 deci-

144 2216 246 2261 peret
267 2225 275 2250 :
298 2225 381 2251 cum
400 2215 503 2264 Papa
519 2219 680 2253 creasset
710 2227 826 2253 novos
855 2215 1056 2253 cardinales
1082 2227 1211 2253 novem
1236 2216 1306 2252 hoc
1333 2227 1444 2257 anno,
1473 2218 1511 2252 et
1537 2214 1609 2263 ipsi
1630 2215 1848 2252 ducerentur
1866 2227 1932 2264 per

144 2273 189 2310 D.
212 2273 477 2320 Bernardinum
494 2279 532 2313 et
550 2287 608 2313 me
628 2275 675 2313 ad
691 2275 823 2324 pedem
842 2276 943 2325 Pape
962 2276 1000 2312 in
1027 2275 1296 2320 consistorium,
1320 2278 1533 2323 sequentem
1555 2274 1655 2323 ipsos
1676 2274 1774 2323 (ipso
1795 2274 1932 2312 Ortano

143 2336 318 2381 tanquam
350 2334 461 2372 etiam
485 2335 663 2384 magistro
691 2335 1007 2383 ceremoniarum),
1032 2337 1132 2383 Papa
1156 2334 1286 2372 videns
1307 2334 1429 2383 ipsum
1458 2333 1597 2376 venire,
1623 2334 1819 2371 subridens
1837 2333 1931 2371 dixit

144 2392 338 2431 altiuscula
355 2406 444 2432 voce
461 2395 549 2432 talia
567 2395 693 2440 verba,
712 2394 883 2433 videlicet
903 2406 913 2432 ι
938 2408 958 2430 ι(
977 2395 1055 2444 Ego
1074 2394 1182 2432 video
1197 2394 1409 2443 episcopum
1424 2394 1602 2431 Ortanum
1618 2394 1827 2431 venientem
1846 2398 1933 2443 post

145 2463 260 2488 novos
287 2453 490 2491 cardinales
515 2458 692 2502 tanquam
720 2466 832 2490 unum
862 2466 906 2490 ex
935 2453 1017 2499 illis,
1050 2459 1085 2491 et
1117 2455 1225 2490 timeo
1245 2465 1303 2491 me
1328 2453 1497 2502 decipiat'
1513 2456 1549 2490 et
1576 2453 1628 2490 sic
1657 2465 1679 2490 a
1706 2465 1746 2491 se
1767 2454 1847 2503 ipso
1867 2453 1932 2490 fiat

146 2510 514 2557 cardinalisjnescio,
531 2513 643 2550 invito
665 2517 701 2550 et
730 2513 897 2561 decepto,
927 2512 1021 2549 sicut
1049 2513 1157 2550 etiam
1182 2513 1300 2550 sactus
1330 2516 1388 2550 est
1410 2512 1591 2550 assistens
1612 2516 1648 2550 et
1667 2513 1932 2550 referendarius

146 2578 267 2620 preter
285 2584 404 2609 meam
424 2572 684 2618 intentionem3
701 2586 721 2606 »
737 2584 851 2620 quare
870 2572 972 2621 Papa
993 2584 1138 2620 semper
1155 2572 1224 2609 fuit
1237 2572 1376 2615 ridens,
1392 2576 1593 2620 expectans
1613 2572 1738 2609 videre
1755 2573 1855 2621 quod
1874 2572 1932 2609 ille

146 2631 255 2669 vellet
266 2631 404 2677 facere;
422 2632 488 2669 sed
501 2632 546 2668 D.
558 2631 807 2668 Bernardinus
823 2632 860 2668 in
876 2632 997 2680 ipsum
1012 2631 1160 2668 intuens
1175 2631 1323 2680 signum
1336 2631 1420 2669 fecit
1439 2636 1480 2668 ut
1492 2631 1576 2668 inde
1591 2631 1720 2678 abiret,
1734 2636 1770 2669 et
1784 2631 1837 2668 sic
1849 2631 1929 2669 fuit.

191 2682 311 2739 Igitur
327 2691 372 2728 de
396 2691 660 2728 assistentibus
686 2694 722 2728 et
746 2691 1001 2728 referendariis
1029 2691 1167 2729 vocatis
1194 2691 1240 2727 ad
1268 2691 1444 2728 honorem
1469 2690 1608 2729 funeris
1638 2691 1717 2740 ejus
1737 2702 1844 2728 nemo
1863 2691 1929 2728 ad-

145 2751 225 2797 fuit,
243 2750 315 2788 nisi
334 2755 478 2789 tantum
497 2754 663 2788 cantores
684 2751 784 2799 Pape
802 2750 864 2799 qui
883 2751 1003 2788 vocati
1023 2750 1169 2802 fuerunt
1187 2754 1361 2798 tanquam
1382 2750 1426 2787 de
1448 2754 1573 2788 nostro
1598 2749 1765 2799 collegio,
1785 2749 1843 2786 vel
1862 2761 1931 2787 nos

146 2811 190 2847 de
210 2811 373 2859 ipsorum
394 2810 548 2860 collegio
569 2810 683 2847 simus
704 2822 713 2847 :
734 2822 779 2847 ex
799 2810 943 2848 familiis
964 2810 1201 2847 cardinalium
1226 2810 1374 2848 fuerunt
1393 2810 1487 2847 circa
1503 2810 1631 2859 prelati
1650 2809 1798 2858 viginti,
1819 2821 1929 2859 regu-

145 2869 240 2907 lares
257 2870 389 2919 viginti
418 2872 580 2920 quinque
606 2884 690 2908 cum
723 2871 936 2908 camerario.
966 2870 1060 2908 Cleri
1085 2870 1231 2908 fuerunt
1254 2869 1407 2907 invitati.
1437 2870 1564 2907 Torcie
1589 2870 1736 2907 fuerunt
1762 2869 1931 2906 ardentes

145 2929 239 2966 circa
258 2930 502 2979 quadraginta
522 2938 558 2968 et
576 2930 643 2968 alie
655 2931 726 2967 due
738 2936 906 2979 quatuor.
930 2931 1047 2968 Unam
1058 2930 1187 2967 habuit
1200 2929 1420 2967 camerarius
1434 2929 1597 2979 prefatus
1618 2934 1653 2966 et
1667 2929 1774 2966 aliam
1789 2928 1928 2977 Lippus

147 2989 210 3037 qui
225 2989 353 3027 habuit
374 3001 579 3028 sermonem
598 2989 636 3026 in
654 2991 767 3027 funus
785 2990 878 3039 ejus.
901 2990 1028 3027 Torcie
1048 2990 1210 3038 predicte
1234 2989 1380 3027 fuerunt
1395 2989 1504 3027 nimis
1524 2988 1651 3035 multe,
1675 2989 1740 3026 sed
1760 2988 1931 3037 quoniam

147 3052 251 3086 erant
268 3048 307 3085 in
325 3050 432 3088 domo
453 3051 533 3098 ejus
553 3062 628 3087 non
650 3050 801 3088 fuerunt
822 3053 957 3099 empte,
977 3050 1060 3087 ideo
1077 3053 1131 3088 tot
1147 3053 1331 3088 arserunt.
1359 3050 1501 3098 Corpus
1523 3050 1602 3099 ejus
1617 3049 1654 3085 in
1670 3049 1776 3085 domo
1792 3048 1930 3084 mansit

139 3107 185 3148 >in
199 3107 360 3145 ulteriori
381 3121 536 3151 camera,
566 3113 602 3147 et
626 3109 664 3146 in
692 3109 771 3147 sala
795 3110 942 3147 fuerunt
960 3109 1089 3159 prelati
1115 3114 1153 3147 et
1177 3109 1227 3146 ibi
1254 3110 1363 3147 etiam
1389 3110 1537 3147 fuerunt
1556 3121 1687 3146 novem
1706 3107 1827 3145 vestiti
1847 3119 1929 3144 cum

146 3167 310 3205 vestibus
343 3167 563 3216 lugubribus
591 3170 811 3207 adherentes
840 3169 971 3219 parieti
1003 3170 1260 3216 fenestrarum,
1292 3169 1354 3207 alii
1381 3170 1489 3206 etiam
1521 3173 1603 3206 octo
1634 3167 1777 3212 vestiti;
1805 3166 1930 3203 famuli

139 3228 304 3277 juniores
337 3228 487 3266 fuerunt
517 3229 666 3267 inferius
697 3235 932 3280 expectantes
955 3242 964 3268 :
986 3230 1105 3268 bireta
1131 3241 1257 3267 omnes
1287 3229 1496 3267 habuerunt
1522 3229 1586 3265 sed
1611 3231 1733 3265 vestes
1753 3226 1928 3274 lugubres

147 3299 222 3324 non
241 3288 286 3324 de
316 3299 439 3336 panno
463 3300 558 3326 novo
585 3290 649 3327 sed
679 3290 929 3327 commodatas
962 3291 1031 3327 sub
1063 3289 1242 3338 pensione
1276 3290 1420 3326 diurno.
1451 3288 1655 3337 Episcopus
1685 3286 1754 3322 suit
1781 3286 1827 3323 de
1851 3291 1929 3325 toto

146 3352 296 3396 paratus
317 3347 413 3384 sicut
431 3347 632 3395 celebrans,
654 3349 922 3398 pontificaliter.
935 3349 1026 3386 Post
1042 3349 1213 3386 feretrum
1229 3349 1332 3386 ibant
1350 3352 1431 3385 octo
1448 3347 1594 3384 viliores
1615 3345 1740 3382 famuli
1759 3346 1927 3394 predicti,

148 3406 286 3454 singuli
304 3406 372 3443 soli
392 3410 428 3443 et
445 3406 505 3443 alii
524 3419 654 3445 novem
674 3409 819 3446 iverunt
835 3408 947 3446 medii
975 3408 1069 3445 inter
1094 3408 1286 3457 episcopos
1313 3407 1517 3456 equitantes
1540 3418 1548 3442 :
1571 3405 1609 3441 in
1635 3404 1786 3442 ecclesia
1805 3406 1930 3445 vestiti

147 3466 294 3503 fuerunt
311 3465 348 3502 in
367 3466 486 3503 medio
507 3466 659 3504 ecclesie
679 3469 725 3504 ad
743 3468 859 3505 latera
879 3467 1039 3504 defuncti
1057 3468 1155 3515 apud
1176 3468 1317 3512 sedilia,
1338 3467 1374 3503 id
1395 3471 1452 3503 est
1470 3470 1566 3502 retro
1582 3465 1712 3502 fratres
1724 3469 1928 3504 cantantes.

148 3524 283 3562 Prelati
301 3537 388 3563 vero
409 3526 582 3563 sederunt
601 3526 639 3562 in
659 3526 797 3575 capella
829 3526 1048 3564 Salernitani
1081 3538 1192 3575 super
1216 3526 1370 3564 banchis
1393 3526 1445 3562 ibi
1466 3525 1593 3563 locatis
1619 3524 1790 3563 omnibus
1809 3525 1928 3575 prius-
