2228 3938
286 359 358 395 244
900 354 1085 391 JOHANN
1090 354 1134 391 IS
1166 354 1462 400 BURCHARDI,
1848 354 1952 396 [Aont
1973 355 2067 395 1503]

528 456 700 505 Vendit
721 456 998 505 Alexander
1019 473 1191 515 cruces,
1224 457 1410 516 altaria,
1443 455 1682 504 Christum
1691 471 1707 516 ,·

620 539 824 588 Emerat
842 540 918 587 ille
932 541 1086 603 prius,
1106 541 1301 589 vendere
1320 541 1432 603 jure
1445 547 1596 603 polet.

358 684 444 732 Die
486 682 747 741 dominica,
787 685 847 730 20
884 683 1091 745 augusti,
1147 683 1239 732 fuit
1292 683 1507 732 secunda
1551 682 1860 747 congregatio
1906 682 1954 729 in
1988 682 2072 730 Mi-

291 783 454 827 nerva,
482 767 532 814 in
557 765 793 823 sacristia,
821 765 898 813 cui
928 765 1244 815 interfuerunt
1273 766 1443 815 decem
1469 771 1517 814 et
1547 769 1658 814 octo
1684 764 1957 814 cardinales
1986 763 2068 829 (1),

291 851 513 899 videlicet
566 848 930 912 Neapolitanus,
989 848 1350 910 Ulixbonensis,
1403 849 1781 908 Recanatensis,
1823 846 2069 913 episcopi;

291 933 658 992 Alexandrinus,
697 949 734 979 s.
771 932 952 990 CruciS,
991 932 1263 991 GrImanus,
1301 933 1607 993 Arborensis,
1644 932 1951 990 CusentinuS,
1988 932 2074 980 Sa-

292 1018 578 1075 lernitanus,
612 1015 943 1075 Surrentinus,
980 1015 1180 1075 Fliscus,
1221 1016 1570 1081 Legioniensis,
1601 1015 1896 1081 presbyteri3
1925 1014 2076 1063 Medi·
2136 1072 2139 1074 ,

295 1117 394 1155 ces,
421 1117 459 1149 s.
484 1099 715 1158 Severini,
751 1098 1022 1157 Cesarinus,
1055 1099 1339 1158 Alibrettus,
1371 1100 1562 1163 Borgia,
1594 1099 1831 1158 Elnensis,
1857 1097 2073 1157 diaconi;

296 1185 378 1249 qui
403 1200 514 1232 cum
537 1187 698 1232 essent
722 1181 1022 1247 congregati,
1048 1182 1177 1230 venit
1200 1182 1260 1230 ad
1283 1182 1490 1246 plateam
1512 1183 1724 1231 Minerve
1750 1199 1847 1230 una
1862 1182 2075 1246 squadra

299 1268 519 1332 equitum
566 1269 621 1315 D.
662 1266 913 1314 Michaelis
959 1282 1068 1313 cum
1103 1266 1286 1314 lanceis
1331 1269 1379 1314 et
1428 1266 1609 1315 balistis
1648 1266 1728 1331 qui
1772 1266 2079 1315 incusserunt

298 1367 530 1415 magnum
558 1350 782 1398 timorem
810 1349 1038 1397 Romanis
1070 1348 1254 1409 vicinis,
1287 1349 1365 1412 qui
1390 1355 1711 1398 cucurrerunt
1744 1366 1855 1398 cum
1883 1364 2080 1398 conser-

297 1438 461 1484 vatore
495 1433 658 1481 statim
702 1433 764 1480 ad
803 1432 1249 1496 congregationem,
1295 1437 1652 1496 conquerentes
1686 1433 1746 1481 de
1776 1433 1995 1496 periculo
2029 1435 2078 1481 et

301 1518 560 1566 offerentes
590 1531 640 1563 se
677 1515 937 1579 prohibere
981 1530 1122 1578 posse
1165 1519 1212 1563 et
1244 1515 1365 1563 velle
1398 1516 1500 1564 sine
1532 1516 1754 1580 impensa
1791 1515 1998 1580 collegii,
2040 1515 2080 1563 si

301 1599 506 1664 collegio
536 1598 765 1663 placeret.
809 1598 1077 1661 Collegium
1109 1597 1226 1645 dixit
1254 1598 1383 1661 quod
1414 1615 1512 1646 non
1542 1599 1770 1647 timerent
1802 1603 1851 1647 et
1878 1599 2074 1647 ordina-

300 1688 472 1732 verunt
526 1682 777 1746 capitaneo
825 1681 1039 1745 collegii,
1087 1681 1254 1730 Carolo
1298 1682 1515 1741 Thaneo,
1562 1682 1763 1747 despoto
1810 1682 1870 1731 de
1911 1683 2075 1740 Harta,

304 1768 397 1815 duo
423 1766 572 1814 millia
603 1766 821 1830 peditum
845 1781 966 1828 quos
987 1764 1092 1812 fieri
1117 1764 1466 1813 commiserunt
1488 1781 1575 1830 per
1601 1765 1820 1814 custodia
1846 1764 2010 1823 Urbis;
2036 1766 2086 1813 et

305 1850 476 1900 eadem
508 1849 584 1897 die
620 1850 813 1897 fuerunt
846 1848 1061 1896 sbarrate
1091 1863 1260 1897 omnes
1288 1849 1361 1897 vie
1391 1849 1530 1897 Urbis
1564 1849 1632 1898 ita
1667 1850 1796 1913 quod
1826 1848 1938 1912 equi
1973 1863 2085 1912 per-

305 1934 510 1982 transire
535 1948 632 1980 non
664 1935 880 1996 possent.
913 1931 1121 1980 Diversis
1151 1932 1308 1980 modis
1337 1932 1494 1996 aliqua
1525 1933 1621 1982 huc
1654 1938 1700 1982 et
1728 1933 1856 1992 inde,
1891 1935 1943 1981 ut
1974 1931 2085 1995 equi

305 2033 391 2081 per
426 2020 755 2064 transversum
790 2015 1067 2074 transirent,
1111 2015 1272 2079 aliqua
1303 2016 1538 2075 totaliter,
1571 2017 1730 2079 aliqua
1755 2017 1884 2080 quod
1913 2015 1962 2063 in
1989 2030 2086 2064 uno

307 2099 462 2164 capite
497 2099 608 2163 equi
639 2099 740 2147 sine
769 2114 1013 2147 assessore
1044 2099 1321 2159 transirent,
1350 2104 1397 2147 et
1421 2100 1580 2163 aliqua
1612 2115 1722 2148 cum
1754 2099 1968 2148 trabibus
1993 2113 2086 2163 que

309 2183 368 2232 ab
394 2199 487 2231 uno
511 2183 667 2247 capite
692 2183 991 2231 levabantur.
1020 2184 1076 2229 Et
1094 2182 1288 2230 fuerunt
1308 2182 1518 2246 deputati
1540 2183 1809 2232 cardinales
1832 2200 1870 2231 s.
1899 2182 2084 2241 Crucis,

309 2267 522 2316 Medices
556 2271 603 2315 et
638 2266 898 2315 Cesarinus
937 2266 998 2314 ad
1033 2265 1366 2326 castellanum,
1407 2271 1455 2314 ut
1492 2283 1602 2315 cum
1637 2283 1694 2316 eo
1731 2270 1993 2316 tractarent
2028 2266 2088 2314 de

311 2355 487 2400 castro.
532 2353 602 2399 De
642 2354 801 2399 castro
840 2350 1033 2399 fuerunt
1071 2349 1129 2397 ab
1168 2349 1293 2397 hora
1334 2350 1581 2398 tertiarum
1617 2351 1760 2399 tracti
1795 2351 1931 2399 multi
1966 2349 2090 2399 ictus

310 2434 688 2483 bombardarum
709 2449 796 2498 per
818 2433 944 2482 viam
975 2438 1160 2481 rectam
1190 2432 1319 2481 ultra
1340 2438 1556 2498 pontem,
1586 2438 1633 2483 et
1659 2451 1688 2483 a
1708 2432 1943 2499 principio
1966 2449 2090 2483 unus

313 2518 606 2577 interfectus,
640 2517 718 2565 alii
748 2517 896 2565 amoti
927 2516 1109 2565 naticlze
1145 2517 1227 2565 dal
1259 2516 1379 2576 culo,
1409 2517 1584 2567 deinde
1612 2534 1758 2567 nemo
1789 2518 1998 2567 audebat
2020 2517 2090 2566 ire

313 2617 398 2666 per
416 2601 545 2649 illam
571 2601 694 2649 viam
714 2618 723 2649 :
747 2601 962 2650 leserunt
978 2599 1031 2661 ‘in
1052 2600 1154 2649 acie
1180 2601 1377 2649 demum
1400 2587 1661 2650 filattorem
1677 2600 1756 2668 (2)
1786 2604 1901 2651 Post
1919 2600 2091 2650 horam

313 2685 595 2749 vigesimam
626 2669 831 2749 primam
864 2683 942 2732 isti
977 2686 1080 2733 tres
1110 2684 1378 2733 cardinales
1413 2686 1746 2749 equitaverunt
1785 2686 1844 2734 ad
1876 2685 2096 2735 castella-

315 2785 431 2817 num
474 2769 554 2832 qui
599 2784 650 2817 se
696 2768 791 2816 illis
829 2768 1200 2827 commendavit,
1243 2774 1487 2817 assertans
1525 2785 1575 2818 se
1606 2785 1871 2833 pauperem
1909 2784 2016 2818 esse
2048 2771 2095 2817 et

314 2852 522 2915 prestitit
547 2852 760 2915 homagii
782 2852 1114 2916 juramentum
1147 2851 1196 2898 in
1226 2851 1386 2900 forma
1415 2851 1807 2911 castellanorum,
1842 2855 1887 2900 et
1914 2850 2093 2915 juravit

318 2935 499 2983 dictum
529 2935 781 2983 castellum
812 2949 923 2983 cum
951 2935 1174 2984 omnibus
1206 2935 1302 2983 suis
1336 2935 1474 2983 bonis
1505 2935 1554 2982 in
1584 2950 1642 2983 eo
1673 2934 1989 2983 existentibus
2018 2934 2091 2983 fu-

318 3022 423 3065 turo
444 3018 661 3081 pontifici
684 3018 927 3078 daturum,
954 3022 1001 3067 et
1023 3023 1186 3066 orator
1209 3018 1549 3082 Hispaniarum
1570 3018 1634 3065 ibi
1653 3033 1870 3081 presens,
1895 3018 2090 3066 nomine

317 3100 448 3163 regis
472 3102 520 3147 et
553 3100 715 3162 regine
741 3100 1100 3163 Hispaniarum,
1134 3101 1355 3165 promisit
1386 3104 1430 3149 et
1468 3100 1598 3148 dedit
1630 3115 1680 3148 se
1699 3113 1803 3164 ‘pro
1828 3099 2090 3150 castellano

318 3183 448 3246 quod
484 3188 697 3231 servaret
725 3183 980 3246 promissa,
1019 3188 1066 3232 et
1097 3184 1386 3233 castellanus
1415 3183 1518 3233 vice
1547 3199 1684 3232 versa
1713 3184 1933 3247 promisit
1963 3185 2092 3234 rele-

366 3357 398 3392 1.
428 3370 446 3389 «
469 3356 600 3392 Decem
634 3357 669 3391 et
700 3364 831 3390 novem
852 3367 870 3387 »
893 3364 937 3390 en
967 3357 1089 3391 tontes
1110 3354 1249 3401 lettres,
1271 3354 1363 3392 dans
1383 3355 1436 3392 les
1454 3367 1561 3401 mss.‚
1584 3353 1667 3393 bien
1687 3354 1795 3405 qu’ils
1828 3355 1911 3395 n’en
1932 3353 2094 3396 donnent

320 3426 390 3462 que
410 3412 581 3452 dix-huit.

364 3476 398 3512 2.
428 3475 479 3511 De
499 3473 647 3511 l'italien
669 3489 688 3509 ι(
703 3476 843 3522 filatore
864 3487 882 3508 υ
908 3484 915 3510 ;
938 3469 973 3511 la
991 3473 1104 3511 forme
1123 3476 1274 3521 filatista
1289 3479 1345 3513 est
1364 3472 1448 3524 plus
1468 3476 1668 3525 frequente.
