2228 3938
252 370 320 406 150
856 366 1089 403 JOHANNIS
1124 366 1419 408 BURCHARDI,
1808 366 1906 407 [Juin
1928 369 2023 408 1501]

250 470 425 534 palatio
448 486 559 527 suo;
594 468 765 533 prelati
788 471 920 516 extra
954 468 1223 517 cancellum
1257 472 1303 516 et
1327 467 1597 516 cardinales
1622 466 1750 517 intus
1782 467 2021 531 deposue-

250 558 360 601 runt
371 557 671 616 paramenta,
695 552 822 600 facta
835 567 922 615 per
942 554 1116 600 Rmum
1158 555 1214 601 D.
1241 551 1536 600 cardinalem
1558 550 1886 599 celebrantem
1909 566 2022 599 con-

249 636 459 684 fessione
484 651 594 682 cum
631 638 777 698 Papa,
814 649 950 683 more
974 634 1131 683 solito.
1162 637 1290 699 Papa
1317 634 1566 684 descendit
1595 634 1767 682 solium
1796 638 1844 682 et
1870 634 2024 682 cardi-

249 719 382 767 nales
399 722 636 767 venerunt
656 718 716 766 ad
737 718 1052 766 reverentiam
1074 734 1182 766 cum
1204 719 1384 782 cappis,
1408 723 1455 767 et
1482 718 1574 765 alia
1595 717 1760 765 omnia
1780 721 1888 766 acta
1913 722 2023 766 sunt

248 818 383 850 more
405 802 562 850 solito.
588 801 742 849 Finita
762 800 925 860 missa,
944 804 1109 849 Rmus.
1132 803 1187 849 D.
1207 802 1461 850 cardinalis
1477 804 1730 864 Capuanus
1749 800 2018 860 celebranS,

247 885 478 949 depositis
503 885 630 948 apud
653 884 971 933 faldistorium
999 885 1310 948 paramentiS,
1334 885 1411 933 ivit
1434 885 1493 933 ad
1526 885 1687 933 locum
1726 899 1866 933 suum
1896 883 2022 932 inter

248 968 365 1017 alios
387 968 673 1016 cardinales.

313 1052 508 1100 Interim
531 1055 586 1099 R.
612 1054 669 1099 D.
697 1051 1021 1116 Hieronymus
1049 1052 1253 1111 Portius,
1286 1051 1540 1115 episcopus
1567 1051 1865 1110 Andriensis,
1896 1051 2022 1100 intra

245 1141 435 1200 portam
465 1135 683 1194 cancelli,
722 1134 908 1198 accepit
945 1134 1147 1198 pluviale
1183 1135 1388 1183 rubeum
1421 1139 1469 1182 et
1500 1135 1691 1183 mitram
1722 1134 2018 1199 simplicem3

246 1219 461 1267 ascendit
485 1218 546 1266 ad
568 1220 747 1281 Papam
770 1223 816 1267 et
843 1218 1085 1267 osculatus
1109 1219 1215 1282 ejus
1237 1234 1365 1282 genu
1392 1217 1528 1281 petiit
1558 1217 1901 1281 indulgentias,
1924 1232 2021 1265 non

245 1301 652 1360 benedictionem,
676 1303 789 1366 quia
811 1302 923 1349 huic
952 1301 1157 1350 orationi
1177 1317 1276 1349 non
1306 1300 1641 1361 conveniebat,
1675 1305 1722 1349 et
1742 1303 1871 1364 Papa
1903 1315 2021 1348 con-

244 1386 389 1435 cessit
417 1386 742 1450 indulgentias
774 1385 1033 1449 plenarias
1074 1385 1339 1449 Episcopus
1373 1385 1589 1433 ascendit
1616 1384 1676 1432 ad
1702 1384 1939 1448 pulpitum
1973 1387 2021 1433 et

243 1470 541 1518 annuntiavit
562 1469 699 1517 fedus
719 1469 813 1515 sive
834 1468 996 1532 legam
1017 1469 1144 1517 inter
1171 1470 1255 1517 SS.
1282 1471 1338 1516 D.
1363 1471 1418 1517 N.
1448 1471 1628 1532 Papam
1654 1472 1701 1516 et
1721 1471 2017 1517 Francorum

244 1569 299 1601 ac
328 1552 667 1616 Hispaniarum
696 1566 835 1614 reges
869 1551 1149 1599 conclusam
1179 1555 1225 1599 et
1246 1551 1511 1610 firmatam3
1540 1551 1598 1600 de
1630 1551 1849 1615 capitulis
1876 1550 2014 1599 nihil.

243 1636 398 1684 Finita
433 1636 650 1684 oratione
686 1639 734 1683 et
763 1635 993 1698 plenariis
1030 1634 1339 1697 indulgentiis
1369 1649 1456 1697 per
1485 1634 1765 1697 episcopum
1803 1640 2020 1696 pronun-2

243 1719 395 1779 ciatiS,
435 1722 725 1783 Papastans
760 1719 861 1767 sine
884 1717 1099 1766 mitravin
1121 1717 1242 1766 solio
1270 1716 1451 1780 incepit
1474 1732 1483 1764 :
1506 1716 1570 1764 Te
1589 1716 1746 1764 Deum
1766 1715 2017 1767 laudamus

242 1803 371 1866 quod
392 1785 614 1868 cantores
634 1802 874 1866 prosecuti
894 1805 1026 1861 sunt3
1051 1816 1146 1864 quo
1175 1800 1328 1860 finito,
1363 1804 1492 1864 Papa
1513 1799 1630 1848 dixit
1652 1799 1802 1847 Pater
1823 1798 2015 1858 Noster,

244 1903 300 1934 ac
322 1887 601 1946 versiculos,
631 1902 687 1934 ac
715 1886 833 1933 duas
862 1885 1105 1934 orationes
1139 1900 1256 1948 quas
1282 1885 1427 1933 etiam
1451 1884 1637 1934 dixerat
1663 1883 1713 1930 in
1738 1882 1815 1930 die
1844 1885 2019 1931 Pente-

243 1961 649 2034 costes'proxime
683 1969 932 2033 preterita,
967 1973 1015 2017 et
1046 1968 1177 2017 dedit
1209 1968 1599 2017 benedictionem
1625 1981 1762 2015 more
1798 1965 1938 2014 solito
1971 1971 2020 2014 et

242 2049 381 2101 rediit
399 2053 460 2101 ad
479 2053 728 2117 palatium.

304 2139 406 2184 Hoc
439 2152 599 2195 mane,
630 2140 892 2200 antequam
930 2139 1060 2199 Papa
1088 2135 1241 2183 exiret
1268 2135 1326 2182 de
1353 2150 1546 2183 camera
1575 2149 1679 2193 sua,
1707 2133 1796 2182 fuit
1824 2148 1933 2181 cum
1954 2147 2016 2181 eo

241 2221 385 2284 longa
405 2235 542 2268 mora
561 2219 842 2283 Monsignor
863 2220 922 2267 de
955 2219 1128 2282 Ubigni
1157 2234 1266 2266 cum
1288 2218 1449 2266 multis
1479 2217 1789 2266 servitoribus
1814 2216 1939 2274 suis;
1968 2220 2016 2264 et

240 2308 514 2367 postquam,
541 2303 739 2350 dimisso
759 2305 904 2366 Papa,
928 2302 1137 2351 venisset
1158 2303 1217 2350 ad
1241 2317 1483 2350 cameram
1504 2301 1764 2365 Papagassi,
1791 2304 2013 2362 receptus

241 2391 314 2435 est
334 2387 393 2434 ab
417 2386 647 2448 omnibus,
667 2386 989 2435 cardinalibus
1011 2386 1070 2434 ad
1094 2387 1189 2435 oris
1211 2386 1429 2434 osculum
1451 2391 1497 2433 et
1522 2385 1724 2433 recessit
1746 2384 1917 2435 eadem
1937 2383 2013 2431 die

240 2470 299 2518 ab
341 2470 465 2519 Urbe
496 2471 649 2518 iturus
680 2470 929 2534 Neapolim
950 2470 1067 2534 {cum
1102 2474 1243 2534 gente
1274 2470 1380 2518 heri
1411 2469 1663 2533 premissa.
1704 2468 1812 2516 Fuit
1837 2466 1956 2516 mihi
1986 2482 2015 2515 a

238 2553 447 2602 veridica
495 2569 704 2618 persona
744 2554 949 2602 relatum
989 2555 1072 2602 SS.
1113 2556 1171 2601 D.
1215 2556 1379 2601 nostro
1420 2553 1467 2600 in
1510 2552 1679 2601 ultimo
1725 2549 2013 2600 consistorio

239 2640 426 2685 secreto
465 2637 802 2700 pronuntiasse
844 2637 1051 2685 Illmum.
1094 2637 1401 2703 Fredericum
1442 2636 1502 2684 de
1539 2635 1803 2698 Aragonia,
1846 2648 2013 2698 regem

238 2720 623 2784 Neapolitanum,
654 2735 803 2784 regno
830 2720 1142 2784 Neapolitano
1178 2720 1416 2783 privatum
1445 2723 1490 2766 et
1516 2733 1680 2782 regem
1720 2716 1918 2764 Francie
1951 2716 2010 2763 de

238 2803 409 2852 eodem
448 2819 598 2867 regno
643 2808 689 2853 et
722 2819 889 2868 regem
923 2803 1260 2867 Hispaniarum
1305 2803 1364 2852 de
1403 2802 1581 2850 ducatu
1623 2800 1839 2851 Calabrie
1871 2799 2010 2847 insti-

238 2887 384 2935 tuisse
407 2887 487 2952 (1).

285 3011 317 3047 1.
348 3025 420 3047 «...
444 3010 567 3055 Come,
592 3023 613 3047 a
633 3012 744 3051 (1125,
767 3011 805 3047 in
834 3010 1063 3056 concistorio,
1092 3010 1123 3046 el
1142 3021 1250 3058 papa,
1278 3011 1321 3045 de
1354 3020 1529 3045 consensu
1554 3009 1814 3053 cardinalium,
1834 3006 1967 3044 investi
1988 3005 2012 3041 il

238 3081 273 3105 re
303 3069 340 3104 di
360 3069 494 3105 Franza
520 3068 569 3105 dil
589 3081 707 3105 reame
728 3069 762 3105 di
789 3069 928 3117 Napoli,
953 3081 971 3106 e
997 3082 1019 3106 a
1053 3071 1166 3115 (1128,
1199 3069 1234 3105 la
1260 3068 1382 3116 vigilia
1403 3067 1438 3104 di
1465 3067 1541 3104 San
1570 3067 1693 3112 Piero,
1714 3066 1809 3102 intro
1838 3065 1874 3101 in
1894 3065 2009 3102 Roma

235 3127 450 3176 monsignor
469 3127 505 3163 di
526 3128 660 3175 Obigni
681 3132 717 3165 et
735 3128 759 3163 il
779 3134 884 3166 conte
905 3129 941 3164 di
958 3128 1102 3175 Cajazo,
1121 3140 1189 3165 eon
1208 3128 1242 3165 lo
1263 3128 1418 3164 exercito
1431 3138 1553 3164 vanno
1572 3137 1676 3163 verso
1696 3124 1837 3172 Napoli.
1860 3124 2008 3160 Introno

235 3187 558 3230 ordinariamente3
581 3187 617 3222 fu
643 3187 701 3222 bel
721 3187 842 3229 veder,
872 3187 966 3224 bella
989 3192 1090 3224 zente
1110 3199 1130 3224 e
1150 3187 1220 3224 ben
1240 3187 1277 3223 in
1296 3187 1465 3231 hordine;
1487 3185 1615 3222 zercha
1639 3186 1662 3220 7
1687 3184 1724 3220 in
1745 3185 1766 3220 8
1786 3182 1884 3220 milia
1903 3182 2009 3225 fanti,

236 3246 320 3284 trai
348 3245 433 3295 qual
452 3248 567 3282 solum
594 3247 688 3282 2000
708 3245 878 3292 sguizari,
909 3246 941 3282 el
968 3251 1064 3283 resto
1095 3245 1285 3294 guasconi,
1319 3244 1509 3281 normandi
1541 3255 1560 3280 e
1588 3242 1740 3291 picardi,
1761 3243 1831 3278 800
1862 3241 2007 3279 homeni

235 3306 370 3342 d'arme
391 3317 409 3342 e
428 3304 530 3342 molti
550 3304 664 3342 cavati
684 3303 796 3340 lizieri
817 3316 836 3341 e
857 3304 977 3341 arzieri
996 3316 1017 3341 a
1036 3304 1173 3347 cavalo,
1196 3308 1231 3341 et
1247 3305 1293 3340 36
1311 3304 1426 3340 boche
1446 3303 1483 3339 di
1502 3303 1621 3347 focho,
1648 3306 1705 3339 tra
1723 3301 1757 3338 le
1777 3301 1862 3350 qual
1882 3302 1928 3339 12
1946 3312 2008 3339 ca-

237 3365 322 3401 noni
344 3364 477 3411 grossi,
510 3364 535 3400 il
567 3368 664 3401 resto
683 3364 864 3408 salconeti,
887 3375 905 3399 e
929 3375 1035 3412 sopra
1052 3363 1188 3399 chareti
1206 3366 1225 3399 e
1245 3362 1276 3399 le
1295 3362 1486 3400 monition.
1507 3362 1535 3398 E
1556 3361 1715 3410 opinion,
1746 3361 1770 3398 il
1799 3373 1836 3397 re
1856 3361 2008 3398 Fedrico

238 3435 307 3459 non
335 3427 525 3471 aspetera;
554 3423 661 3472 quelli
694 3423 731 3459 di
762 3423 916 3470 l'Aquila
943 3426 961 3458 e
999 3422 1123 3460 venuti
1149 3423 1243 3459 afar
1268 3421 1359 3470 patti
1379 3433 1398 3458 e
1421 3420 1530 3470 quelli
1550 3420 1586 3457 di
1616 3421 1690 3457 San
1711 3421 1875 3458 Zerman.
1905 3420 1950 3457 Et
1969 3420 2005 3457 in

237 3488 365 3534 questa
388 3483 523 3519 matina
553 3483 629 3519 ch’e
651 3483 672 3518 il
703 3483 738 3518 di
759 3483 803 3519 de
832 3483 903 3519 San
927 3482 1045 3529 Piero,
1067 3482 1089 3517 il
1119 3494 1211 3530 papa
1238 3482 1310 3518 fece
1341 3481 1394 3517 far
1411 3480 1622 3529 processioa
1642 3480 1788 3528 general
1816 3492 1838 3516 a
1865 3483 1956 3516 tutte
1974 3478 2007 3515 le
