<?xml version="1.0" encoding="UTF-8"?>
<!DOCTYPE html PUBLIC "-//W3C//DTD XHTML 1.0 Transitional//EN"
    "http://www.w3.org/TR/xhtml1/DTD/xhtml1-transitional.dtd">
<html xmlns="http://www.w3.org/1999/xhtml" xml:lang="en" lang="en">
 <head>
  <title>
</title>
<meta http-equiv="Content-Type" content="text/html;charset=utf-8" />
  <meta name='ocr-system' content='tesseract 3.04.00' />
  <meta name='ocr-capabilities' content='ocr_page ocr_carea ocr_par ocr_line ocrx_word'/>
</head>
<body>
  <div class='ocr_page' id='page_1' title='image "./diariumsivererum03burcuoft_0234.png"; bbox 0 0 2228 3938; ppageno 0'>
   <div class='ocr_carea' id='block_1_1' title="bbox 282 368 2051 418">
    <p class='ocr_par' dir='ltr' id='par_1_1' title="bbox 282 368 2051 418">
     <span class='ocr_line' id='line_1_1' title="bbox 282 368 2051 418; baseline 0 -10"><span class='ocrx_word' id='word_1_1' title='bbox 282 373 349 410; x_wconf 73' lang='lat'>152</span> <span class='ocrx_word' id='word_1_2' title='bbox 883 368 1124 409; x_wconf 78' lang='lat' dir='ltr'>&#39;JOHANNIS</span> <span class='ocrx_word' id='word_1_3' title='bbox 1159 372 1452 418; x_wconf 78' lang='lat' dir='ltr'>BURCHARDI,</span> <span class='ocrx_word' id='word_1_4' title='bbox 1801 373 1938 414; x_wconf 77' lang='lat' dir='ltr'>[sumet</span> <span class='ocrx_word' id='word_1_5' title='bbox 1956 376 2051 416; x_wconf 82' lang='lat'><strong>1501]</strong></span> 
     </span>
    </p>
   </div>
   <div class='ocr_carea' id='block_1_2' title="bbox 275 468 2116 3523">
    <p class='ocr_par' dir='ltr' id='par_1_2' title="bbox 279 468 2054 1037">
     <span class='ocr_line' id='line_1_2' title="bbox 282 468 2054 538; baseline 0.001 -16"><span class='ocrx_word' id='word_1_6' title='bbox 282 475 330 522; x_wconf 93' lang='lat' dir='ltr'>in</span> <span class='ocrx_word' id='word_1_7' title='bbox 354 475 513 538; x_wconf 78' lang='lat' dir='ltr'>capsis</span> <span class='ocrx_word' id='word_1_8' title='bbox 539 474 828 537; x_wconf 86' lang='lat' dir='ltr'>impicciatis</span> <span class='ocrx_word' id='word_1_9' title='bbox 857 475 1148 538; x_wconf 80' lang='lat' dir='ltr'>apportatiS,</span> <span class='ocrx_word' id='word_1_10' title='bbox 1183 475 1407 523; x_wconf 88' lang='lat' dir='ltr'>associati</span> <span class='ocrx_word' id='word_1_11' title='bbox 1441 490 1469 522; x_wconf 89' lang='lat' dir='ltr'>a</span> <span class='ocrx_word' id='word_1_12' title='bbox 1499 474 1684 522; x_wconf 84' lang='lat' dir='ltr'>familia</span> <span class='ocrx_word' id='word_1_13' title='bbox 1711 475 1835 522; x_wconf 90' lang='lat' dir='ltr'>Rmi.</span> <span class='ocrx_word' id='word_1_14' title='bbox 1865 477 1922 523; x_wconf 93' lang='lat' dir='ltr'>D.</span> <span class='ocrx_word' id='word_1_15' title='bbox 1949 468 2054 524; x_wconf 36' lang='lat' dir='ltr'>car-¹</span> 
     </span>
     <span class='ocr_line' id='line_1_3' title="bbox 281 556 2053 622; baseline 0.001 -17"><span class='ocrx_word' id='word_1_16' title='bbox 281 558 455 605; x_wconf 86' lang='lat' dir='ltr'>dinalis</span> <span class='ocrx_word' id='word_1_17' title='bbox 495 556 532 605; x_wconf 87' lang='lat' dir='ltr'>s.</span> <span class='ocrx_word' id='word_1_18' title='bbox 575 557 805 615; x_wconf 78' lang='lat' dir='ltr'>Severini,</span> <span class='ocrx_word' id='word_1_19' title='bbox 842 562 888 606; x_wconf 88' lang='lat' dir='ltr'>et</span> <span class='ocrx_word' id='word_1_20' title='bbox 919 559 1204 606; x_wconf 87' lang='lat' dir='ltr'>mandatum</span> <span class='ocrx_word' id='word_1_21' title='bbox 1242 558 1478 606; x_wconf 86' lang='lat' dir='ltr'>fratribus</span> <span class='ocrx_word' id='word_1_22' title='bbox 1509 557 1567 604; x_wconf 90' lang='lat' dir='ltr'>de</span> <span class='ocrx_word' id='word_1_23' title='bbox 1595 557 1776 621; x_wconf 91' lang='lat' dir='ltr'>Populo</span> <span class='ocrx_word' id='word_1_24' title='bbox 1810 558 1899 606; x_wconf 90' lang='lat' dir='ltr'>sub</span> <span class='ocrx_word' id='word_1_25' title='bbox 1928 573 2053 622; x_wconf 89' lang='lat' dir='ltr'>pena</span> 
     </span>
     <span class='ocr_line' id='line_1_4' title="bbox 281 637 2052 702; baseline 0.001 -16"><span class='ocrx_word' id='word_1_26' title='bbox 281 639 607 696; x_wconf 84' lang='lat' dir='ltr'>inobedientie</span> <span class='ocrx_word' id='word_1_27' title='bbox 629 639 759 702; x_wconf 93' lang='lat' dir='ltr'>quod</span> <span class='ocrx_word' id='word_1_28' title='bbox 775 640 956 686; x_wconf 88' lang='lat' dir='ltr'>nemini</span> <span class='ocrx_word' id='word_1_29' title='bbox 985 640 1205 688; x_wconf 77' lang='lat' dir='ltr'>dicerent</span> <span class='ocrx_word' id='word_1_30' title='bbox 1218 640 1455 688; x_wconf 85' lang='lat' dir='ltr'>visionem</span> <span class='ocrx_word' id='word_1_31' title='bbox 1483 639 1627 688; x_wconf 91' lang='lat' dir='ltr'>hanc.</span> <span class='ocrx_word' id='word_1_32' title='bbox 1655 637 1979 688; x_wconf 86' lang='lat' dir='ltr'>Nihilominus</span> <span class='ocrx_word' id='word_1_33' title='bbox 2003 640 2052 688; x_wconf 92' lang='lat' dir='ltr'>in</span> 
     </span>
     <span class='ocr_line' id='line_1_5' title="bbox 281 721 2052 786; baseline 0.001 -17"><span class='ocrx_word' id='word_1_34' title='bbox 281 737 420 770; x_wconf 89' lang='lat' dir='ltr'>mane</span> <span class='ocrx_word' id='word_1_35' title='bbox 460 722 635 770; x_wconf 81' lang='lat' dir='ltr'>scitum</span> <span class='ocrx_word' id='word_1_36' title='bbox 671 721 792 770; x_wconf 89' lang='lat' dir='ltr'>duos</span> <span class='ocrx_word' id='word_1_37' title='bbox 826 722 873 768; x_wconf 91' lang='lat' dir='ltr'>in</span> <span class='ocrx_word' id='word_1_38' title='bbox 912 723 1095 785; x_wconf 91' lang='lat' dir='ltr'>Populo</span> <span class='ocrx_word' id='word_1_39' title='bbox 1132 723 1278 771; x_wconf 87' lang='lat' dir='ltr'>fuisse</span> <span class='ocrx_word' id='word_1_40' title='bbox 1322 725 1512 770; x_wconf 86' lang='lat' dir='ltr'>secrete</span> <span class='ocrx_word' id='word_1_41' title='bbox 1554 722 1766 786; x_wconf 84' lang='lat' dir='ltr'>sepultos</span> <span class='ocrx_word' id='word_1_42' title='bbox 1804 738 1833 770; x_wconf 88' lang='lat' dir='ltr'>a</span> <span class='ocrx_word' id='word_1_43' title='bbox 1857 722 2052 771; x_wconf 88' lang='lat' dir='ltr'>-familia</span> 
     </span>
     <span class='ocr_line' id='line_1_6' title="bbox 280 805 2050 869; baseline 0.001 -17"><span class='ocrx_word' id='word_1_44' title='bbox 280 806 403 852; x_wconf 90' lang='lat' dir='ltr'>Rmi.</span> <span class='ocrx_word' id='word_1_45' title='bbox 446 808 502 853; x_wconf 94' lang='lat' dir='ltr'>D.</span> <span class='ocrx_word' id='word_1_46' title='bbox 547 805 806 853; x_wconf 86' lang='lat' dir='ltr'>cardinalis</span> <span class='ocrx_word' id='word_1_47' title='bbox 850 821 887 853; x_wconf 83' lang='lat' dir='ltr'>S.</span> <span class='ocrx_word' id='word_1_48' title='bbox 930 806 1146 854; x_wconf 83' lang='lat' dir='ltr'>Severini</span> <span class='ocrx_word' id='word_1_49' title='bbox 1191 806 1472 864; x_wconf 80' lang='lat' dir='ltr'>associatOS,</span> <span class='ocrx_word' id='word_1_50' title='bbox 1508 806 1594 854; x_wconf 88' lang='lat' dir='ltr'>sed</span> <span class='ocrx_word' id='word_1_51' title='bbox 1625 806 1705 869; x_wconf 92' lang='lat' dir='ltr'>qui</span> <span class='ocrx_word' id='word_1_52' title='bbox 1740 811 1917 866; x_wconf 81' lang='lat' dir='ltr'>essent,</span> <span class='ocrx_word' id='word_1_53' title='bbox 1954 822 2050 854; x_wconf 90' lang='lat' dir='ltr'>non</span> 
     </span>
     <span class='ocr_line' id='line_1_7' title="bbox 280 888 2052 947; baseline 0.002 -13"><span class='ocrx_word' id='word_1_54' title='bbox 280 888 476 947; x_wconf 81' lang='lat' dir='ltr'>scitum;</span> <span class='ocrx_word' id='word_1_55' title='bbox 505 893 668 937; x_wconf 88' lang='lat' dir='ltr'>tamen</span> <span class='ocrx_word' id='word_1_56' title='bbox 690 888 1021 936; x_wconf 76' lang='lat' dir='ltr'>asserentibus</span> <span class='ocrx_word' id='word_1_57' title='bbox 1047 905 1197 937; x_wconf 91' lang='lat' dir='ltr'>unum</span> <span class='ocrx_word' id='word_1_58' title='bbox 1220 905 1278 937; x_wconf 83' lang='lat' dir='ltr'>ex</span> <span class='ocrx_word' id='word_1_59' title='bbox 1300 890 1369 938; x_wconf 89' lang='lat' dir='ltr'>eis</span> <span class='ocrx_word' id='word_1_60' title='bbox 1394 889 1541 936; x_wconf 87' lang='lat' dir='ltr'>fuisse</span> <span class='ocrx_word' id='word_1_61' title='bbox 1570 889 1799 937; x_wconf 90' lang='lat' dir='ltr'>comitem</span> <span class='ocrx_word' id='word_1_62' title='bbox 1825 889 2052 938; x_wconf 88' lang='lat' dir='ltr'>Caiacen—</span> 
     </span>
     <span class='ocr_line' id='line_1_8' title="bbox 279 971 1756 1037; baseline 0.002 -20"><span class='ocrx_word' id='word_1_63' title='bbox 279 987 398 1030; x_wconf 89' lang='lat' dir='ltr'>sem,</span> <span class='ocrx_word' id='word_1_64' title='bbox 421 971 616 1020; x_wconf 83' lang='lat' dir='ltr'>fratrem</span> <span class='ocrx_word' id='word_1_65' title='bbox 640 987 927 1037; x_wconf 83' lang='lat' dir='ltr'>germanum</span> <span class='ocrx_word' id='word_1_66' title='bbox 950 973 1074 1020; x_wconf 88' lang='lat' dir='ltr'>Rmi.</span> <span class='ocrx_word' id='word_1_67' title='bbox 1100 975 1157 1021; x_wconf 90' lang='lat' dir='ltr'>D.</span> <span class='ocrx_word' id='word_1_68' title='bbox 1183 972 1441 1021; x_wconf 87' lang='lat' dir='ltr'>cardinalis</span> <span class='ocrx_word' id='word_1_69' title='bbox 1463 989 1503 1021; x_wconf 90' lang='grc'>5.</span> <span class='ocrx_word' id='word_1_70' title='bbox 1528 972 1756 1021; x_wconf 87' lang='lat' dir='ltr'>Severini.</span> 
     </span>
    </p>

    <p class='ocr_par' dir='ltr' id='par_1_3' title="bbox 275 1055 2116 1779">
     <span class='ocr_line' id='line_1_9' title="bbox 345 1055 2053 1120; baseline 0.001 -18"><span class='ocrx_word' id='word_1_71' title='bbox 345 1055 486 1103; x_wconf 82' lang='lat' dir='ltr'>Feria</span> <span class='ocrx_word' id='word_1_72' title='bbox 525 1056 706 1119; x_wconf 84' lang='lat' dir='ltr'>quinta,</span> <span class='ocrx_word' id='word_1_73' title='bbox 748 1056 794 1102; x_wconf 92' lang='lat' dir='ltr'>in</span> <span class='ocrx_word' id='word_1_74' title='bbox 830 1071 955 1115; x_wconf 89' lang='lat' dir='ltr'>sero,</span> <span class='ocrx_word' id='word_1_75' title='bbox 996 1060 1051 1104; x_wconf 84' lang='lat'>15</span> <span class='ocrx_word' id='word_1_76' title='bbox 1086 1057 1201 1104; x_wconf 83' lang='lat' dir='ltr'>dicti</span> <span class='ocrx_word' id='word_1_77' title='bbox 1244 1056 1424 1104; x_wconf 87' lang='lat' dir='ltr'>mensis</span> <span class='ocrx_word' id='word_1_78' title='bbox 1451 1056 1578 1120; x_wconf 85' lang='lat' dir='ltr'>julii,</span> <span class='ocrx_word' id='word_1_79' title='bbox 1616 1057 1833 1120; x_wconf 85' lang='lat' dir='ltr'>sepultus</span> <span class='ocrx_word' id='word_1_80' title='bbox 1872 1056 1963 1105; x_wconf 85' lang='lat' dir='ltr'>fuit</span> <span class='ocrx_word' id='word_1_81' title='bbox 2003 1057 2053 1105; x_wconf 90' lang='lat' dir='ltr'>in</span> 
     </span>
     <span class='ocr_line' id='line_1_10' title="bbox 278 1131 2053 1202; baseline 0 -15"><span class='ocrx_word' id='word_1_82' title='bbox 278 1138 485 1187; x_wconf 89' lang='lat' dir='ltr'>ecclesia</span> <span class='ocrx_word' id='word_1_83' title='bbox 506 1138 758 1202; x_wconf 87' lang='lat' dir='ltr'>hospitalis</span> <span class='ocrx_word' id='word_1_84' title='bbox 788 1131 1038 1187; x_wconf 79' lang='lat' dir='ltr'>Gallorum</span> <span class='ocrx_word' id='word_1_85' title='bbox 1067 1142 1123 1187; x_wconf 93' lang='lat' dir='ltr'>D.</span> <span class='ocrx_word' id='word_1_86' title='bbox 1155 1140 1424 1188; x_wconf 89' lang='lat' dir='ltr'>Ludovicus</span> <span class='ocrx_word' id='word_1_87' title='bbox 1444 1139 1757 1199; x_wconf 88' lang='lat' dir='ltr'>Alemannus,</span> <span class='ocrx_word' id='word_1_88' title='bbox 1782 1145 1948 1188; x_wconf 89' lang='lat' dir='ltr'>orator</span> <span class='ocrx_word' id='word_1_89' title='bbox 1970 1140 2053 1188; x_wconf 87' lang='lat' dir='ltr'>du-</span> 
     </span>
     <span class='ocr_line' id='line_1_11' title="bbox 277 1222 2116 1286; baseline 0.001 -17"><span class='ocrx_word' id='word_1_90' title='bbox 277 1222 344 1269; x_wconf 89' lang='lat' dir='ltr'>cis</span> <span class='ocrx_word' id='word_1_91' title='bbox 370 1222 627 1282; x_wconf 88' lang='lat' dir='ltr'>Sabaudie,</span> <span class='ocrx_word' id='word_1_92' title='bbox 654 1223 826 1270; x_wconf 86' lang='lat' dir='ltr'>eadem</span> <span class='ocrx_word' id='word_1_93' title='bbox 856 1222 932 1270; x_wconf 92' lang='lat' dir='ltr'>die</span> <span class='ocrx_word' id='word_1_94' title='bbox 958 1222 1232 1282; x_wconf 87' lang='lat' dir='ltr'>defunctus,</span> <span class='ocrx_word' id='word_1_95' title='bbox 1273 1227 1320 1272; x_wconf 86' lang='lat' dir='ltr'>et</span> <span class='ocrx_word' id='word_1_96' title='bbox 1347 1223 1396 1270; x_wconf 93' lang='lat' dir='ltr'>in</span> <span class='ocrx_word' id='word_1_97' title='bbox 1421 1238 1563 1270; x_wconf 90' lang='lat' dir='ltr'>mane</span> <span class='ocrx_word' id='word_1_98' title='bbox 1586 1223 1806 1286; x_wconf 83' lang='lat' dir='ltr'>sequenti</span> <span class='ocrx_word' id='word_1_99' title='bbox 1832 1226 2052 1286; x_wconf 85' lang='lat' dir='ltr'>portatus</span> <span class='ocrx_word' id='word_1_100' title='bbox 2111 1247 2116 1252; x_wconf 92' lang='lat'><em>·</em></span> 
     </span>
     <span class='ocr_line' id='line_1_12' title="bbox 276 1305 2053 1370; baseline 0.001 -18"><span class='ocrx_word' id='word_1_101' title='bbox 276 1305 364 1353; x_wconf 88' lang='lat' dir='ltr'>fuit</span> <span class='ocrx_word' id='word_1_102' title='bbox 390 1305 631 1353; x_wconf 80' lang='lat' dir='ltr'>dedomo</span> <span class='ocrx_word' id='word_1_103' title='bbox 672 1321 759 1353; x_wconf 89' lang='lat' dir='ltr'>sua</span> <span class='ocrx_word' id='word_1_104' title='bbox 787 1306 847 1353; x_wconf 91' lang='lat' dir='ltr'>ad</span> <span class='ocrx_word' id='word_1_105' title='bbox 883 1305 1140 1353; x_wconf 90' lang='lat' dir='ltr'>ecclesiam</span> <span class='ocrx_word' id='word_1_106' title='bbox 1176 1306 1449 1368; x_wconf 80' lang='lat' dir='ltr'>predictam</span> <span class='ocrx_word' id='word_1_107' title='bbox 1482 1305 1718 1354; x_wconf 77' lang='lat' dir='ltr'>feretrum</span> <span class='ocrx_word' id='word_1_108' title='bbox 1748 1309 1974 1370; x_wconf 80' lang='lat' dir='ltr'>paratum</span> <span class='ocrx_word' id='word_1_109' title='bbox 2005 1309 2053 1354; x_wconf 86' lang='lat' dir='ltr'>et</span> 
     </span>
     <span class='ocr_line' id='line_1_13' title="bbox 278 1389 2078 1452; baseline -0.001 -17"><span class='ocrx_word' id='word_1_110' title='bbox 278 1393 503 1437; x_wconf 86' lang='lat' dir='ltr'>ornatum</span> <span class='ocrx_word' id='word_1_111' title='bbox 526 1404 581 1437; x_wconf 90' lang='lat' dir='ltr'>ac</span> <span class='ocrx_word' id='word_1_112' title='bbox 604 1389 642 1436; x_wconf 92' lang='lat' dir='ltr'>si</span> <span class='ocrx_word' id='word_1_113' title='bbox 668 1389 732 1437; x_wconf 90' lang='lat' dir='ltr'>ibi</span> <span class='ocrx_word' id='word_1_114' title='bbox 766 1393 891 1436; x_wconf 90' lang='lat' dir='ltr'>esset</span> <span class='ocrx_word' id='word_1_115' title='bbox 924 1389 1128 1436; x_wconf 87' lang='lat' dir='ltr'>cadaver</span> <span class='ocrx_word' id='word_1_116' title='bbox 1160 1389 1512 1452; x_wconf 86' lang='lat' dir='ltr'>sepeliendum,</span> <span class='ocrx_word' id='word_1_117' title='bbox 1549 1390 1843 1438; x_wconf 89' lang='lat' dir='ltr'>associatum</span> <span class='ocrx_word' id='word_1_118' title='bbox 1871 1405 1900 1437; x_wconf 92' lang='lat' dir='ltr'>a</span> <span class='ocrx_word' id='word_1_119' title='bbox 1918 1389 2078 1439; x_wconf 63' lang='lat' dir='ltr'>fami-⁴</span> 
     </span>
     <span class='ocr_line' id='line_1_14' title="bbox 275 1471 2052 1535; baseline 0.002 -17"><span class='ocrx_word' id='word_1_120' title='bbox 275 1471 352 1519; x_wconf 90' lang='lat' dir='ltr'>liis</span> <span class='ocrx_word' id='word_1_121' title='bbox 374 1471 584 1535; x_wconf 90' lang='lat' dir='ltr'>plurium</span> <span class='ocrx_word' id='word_1_122' title='bbox 611 1472 932 1519; x_wconf 80' lang='lat' dir='ltr'>cardinalium</span> <span class='ocrx_word' id='word_1_123' title='bbox 959 1475 1007 1520; x_wconf 91' lang='lat' dir='ltr'>et</span> <span class='ocrx_word' id='word_1_124' title='bbox 1029 1473 1133 1520; x_wconf 88' lang='lat' dir='ltr'>aliis</span> <span class='ocrx_word' id='word_1_125' title='bbox 1154 1473 1501 1520; x_wconf 78' lang='lat' dir='ltr'>cardinalibus,</span> <span class='ocrx_word' id='word_1_126' title='bbox 1536 1475 1879 1521; x_wconf 89' lang='lat' dir='ltr'>Precesserunt</span> <span class='ocrx_word' id='word_1_127' title='bbox 1897 1473 2052 1521; x_wconf 87' lang='lat' dir='ltr'>intor-</span> 
     </span>
     <span class='ocr_line' id='line_1_15' title="bbox 278 1555 2053 1619; baseline 0.001 -17"><span class='ocrx_word' id='word_1_128' title='bbox 278 1555 392 1602; x_wconf 89' lang='lat' dir='ltr'>ticia</span> <span class='ocrx_word' id='word_1_129' title='bbox 428 1555 628 1619; x_wconf 81' lang='lat' dir='ltr'>triginta</span> <span class='ocrx_word' id='word_1_130' title='bbox 662 1570 746 1603; x_wconf 87' lang='lat' dir='ltr'>sex</span> <span class='ocrx_word' id='word_1_131' title='bbox 782 1555 954 1618; x_wconf 87' lang='lat' dir='ltr'>quibus</span> <span class='ocrx_word' id='word_1_132' title='bbox 985 1571 1202 1618; x_wconf 88' lang='lat' dir='ltr'>appensa</span> <span class='ocrx_word' id='word_1_133' title='bbox 1238 1561 1374 1603; x_wconf 85' lang='lat' dir='ltr'>erant</span> <span class='ocrx_word' id='word_1_134' title='bbox 1406 1572 1543 1604; x_wconf 87' lang='lat' dir='ltr'>arma</span> <span class='ocrx_word' id='word_1_135' title='bbox 1575 1556 1711 1604; x_wconf 89' lang='lat' dir='ltr'>ducis</span> <span class='ocrx_word' id='word_1_136' title='bbox 1742 1556 1980 1605; x_wconf 88' lang='lat' dir='ltr'>Sabaudie</span> <span class='ocrx_word' id='word_1_137' title='bbox 2006 1562 2053 1604; x_wconf 89' lang='lat' dir='ltr'>et</span> 
     </span>
     <span class='ocr_line' id='line_1_16' title="bbox 282 1636 2053 1702; baseline 0.002 -18"><span class='ocrx_word' id='word_1_138' title='bbox 282 1637 516 1696; x_wconf 82' lang='lat' dir='ltr'>defuncti,</span> <span class='ocrx_word' id='word_1_139' title='bbox 546 1654 686 1685; x_wconf 90' lang='lat' dir='ltr'>more</span> <span class='ocrx_word' id='word_1_140' title='bbox 708 1638 907 1702; x_wconf 86' lang='lat' dir='ltr'>gallico;</span> <span class='ocrx_word' id='word_1_141' title='bbox 943 1639 1003 1685; x_wconf 91' lang='lat' dir='ltr'>de</span> <span class='ocrx_word' id='word_1_142' title='bbox 1039 1637 1239 1686; x_wconf 84' lang='lat' dir='ltr'>funestis</span> <span class='ocrx_word' id='word_1_143' title='bbox 1273 1643 1319 1686; x_wconf 86' lang='lat' dir='ltr'>et</span> <span class='ocrx_word' id='word_1_144' title='bbox 1354 1638 1460 1686; x_wconf 89' lang='lat' dir='ltr'>aliis</span> <span class='ocrx_word' id='word_1_145' title='bbox 1487 1639 1670 1698; x_wconf 89' lang='lat' dir='ltr'>nescio,</span> <span class='ocrx_word' id='word_1_146' title='bbox 1706 1639 1818 1702; x_wconf 90' lang='lat' dir='ltr'>quia</span> <span class='ocrx_word' id='word_1_147' title='bbox 1842 1653 1931 1702; x_wconf 79' lang='lat' dir='ltr'>ego</span> <span class='ocrx_word' id='word_1_148' title='bbox 1955 1636 2053 1687; x_wconf 82' lang='lat' dir='ltr'>non</span> 
     </span>
     <span class='ocr_line' id='line_1_17' title="bbox 282 1720 1077 1779; baseline 0.001 -11"><span class='ocrx_word' id='word_1_149' title='bbox 282 1720 494 1779; x_wconf 84' lang='lat' dir='ltr'>interfui,</span> <span class='ocrx_word' id='word_1_150' title='bbox 520 1722 605 1769; x_wconf 92' lang='lat' dir='ltr'>sed</span> <span class='ocrx_word' id='word_1_151' title='bbox 630 1721 791 1769; x_wconf 90' lang='lat' dir='ltr'>socius</span> <span class='ocrx_word' id='word_1_152' title='bbox 814 1737 968 1769; x_wconf 77' lang='lat' dir='ltr'>meus·</span> <span class='ocrx_word' id='word_1_153' title='bbox 1075 1723 1077 1725; x_wconf 75' lang='grc'><strong>’</strong></span> 
     </span>
    </p>

    <p class='ocr_par' dir='ltr' id='par_1_4' title="bbox 278 1804 2056 2448">
     <span class='ocr_line' id='line_1_18' title="bbox 343 1804 2055 1868; baseline 0.001 -17"><span class='ocrx_word' id='word_1_154' title='bbox 343 1804 609 1863; x_wconf 90' lang='lat' dir='ltr'>Dominica,</span> <span class='ocrx_word' id='word_1_155' title='bbox 637 1807 695 1852; x_wconf 78' lang='lat'>25</span> <span class='ocrx_word' id='word_1_156' title='bbox 717 1804 841 1868; x_wconf 89' lang='lat' dir='ltr'>julii,</span> <span class='ocrx_word' id='word_1_157' title='bbox 864 1805 986 1853; x_wconf 84' lang='lat' dir='ltr'>festo</span> <span class='ocrx_word' id='word_1_158' title='bbox 1009 1821 1047 1852; x_wconf 90' lang='lat' dir='ltr'>s.</span> <span class='ocrx_word' id='word_1_159' title='bbox 1077 1804 1241 1853; x_wconf 87' lang='lat' dir='ltr'>Jacobi</span> <span class='ocrx_word' id='word_1_160' title='bbox 1268 1806 1493 1868; x_wconf 87' lang='lat' dir='ltr'>apostoli,</span> <span class='ocrx_word' id='word_1_161' title='bbox 1522 1809 1576 1853; x_wconf 92' lang='lat' dir='ltr'>R.</span> <span class='ocrx_word' id='word_1_162' title='bbox 1607 1808 1659 1854; x_wconf 93' lang='lat' dir='ltr'>P.</span> <span class='ocrx_word' id='word_1_163' title='bbox 1687 1806 1922 1854; x_wconf 85' lang='lat' dir='ltr'>Antonius</span> <span class='ocrx_word' id='word_1_164' title='bbox 1945 1806 2055 1854; x_wconf 90' lang='lat' dir='ltr'>Flo-</span> 
     </span>
     <span class='ocr_line' id='line_1_19' title="bbox 278 1887 2056 1951; baseline 0.001 -17"><span class='ocrx_word' id='word_1_165' title='bbox 278 1904 373 1947; x_wconf 87' lang='lat' dir='ltr'>res,</span> <span class='ocrx_word' id='word_1_166' title='bbox 400 1887 654 1951; x_wconf 88' lang='lat' dir='ltr'>episcopus</span> <span class='ocrx_word' id='word_1_167' title='bbox 677 1888 871 1936; x_wconf 87' lang='lat' dir='ltr'>Castelli</span> <span class='ocrx_word' id='word_1_168' title='bbox 893 1888 1056 1948; x_wconf 85' lang='lat' dir='ltr'>Maris,</span> <span class='ocrx_word' id='word_1_169' title='bbox 1080 1904 1201 1935; x_wconf 91' lang='lat' dir='ltr'>unus</span> <span class='ocrx_word' id='word_1_170' title='bbox 1225 1904 1282 1935; x_wconf 87' lang='lat' dir='ltr'>ex</span> <span class='ocrx_word' id='word_1_171' title='bbox 1303 1891 1404 1936; x_wconf 90' lang='lat' dir='ltr'>DD.</span> <span class='ocrx_word' id='word_1_172' title='bbox 1427 1889 1726 1937; x_wconf 83' lang='lat' dir='ltr'>auditoribus</span> <span class='ocrx_word' id='word_1_173' title='bbox 1748 1894 1852 1938; x_wconf 88' lang='lat' dir='ltr'>rote</span> <span class='ocrx_word' id='word_1_174' title='bbox 1873 1889 2056 1938; x_wconf 87' lang='lat' dir='ltr'>locum-</span> 
     </span>
     <span class='ocr_line' id='line_1_20' title="bbox 280 1970 2053 2035; baseline 0 -17"><span class='ocrx_word' id='word_1_175' title='bbox 280 1976 467 2029; x_wconf 85' lang='lat' dir='ltr'>tenens,</span> <span class='ocrx_word' id='word_1_176' title='bbox 496 1970 755 2018; x_wconf 87' lang='lat' dir='ltr'>celebravit</span> <span class='ocrx_word' id='word_1_177' title='bbox 787 1971 985 2018; x_wconf 88' lang='lat' dir='ltr'>missam</span> <span class='ocrx_word' id='word_1_178' title='bbox 1012 1971 1281 2019; x_wconf 90' lang='lat' dir='ltr'>solemnem</span> <span class='ocrx_word' id='word_1_179' title='bbox 1306 1971 1354 2017; x_wconf 92' lang='lat' dir='ltr'>in</span> <span class='ocrx_word' id='word_1_180' title='bbox 1385 1971 1594 2020; x_wconf 85' lang='lat' dir='ltr'>ecclesia</span> <span class='ocrx_word' id='word_1_181' title='bbox 1622 1988 1660 2020; x_wconf 90' lang='grc'>5.</span> <span class='ocrx_word' id='word_1_182' title='bbox 1696 1972 1863 2020; x_wconf 81' lang='lat' dir='ltr'>Jacobi</span> <span class='ocrx_word' id='word_1_183' title='bbox 1889 1972 2053 2035; x_wconf 90' lang='lat' dir='ltr'>hospi-</span> 
     </span>
     <span class='ocr_line' id='line_1_21' title="bbox 280 2053 2056 2116; baseline 0.001 -16"><span class='ocrx_word' id='word_1_184' title='bbox 280 2053 385 2100; x_wconf 87' lang='lat' dir='ltr'>talis</span> <span class='ocrx_word' id='word_1_185' title='bbox 410 2053 750 2116; x_wconf 86' lang='lat' dir='ltr'>Hispanorum,</span> <span class='ocrx_word' id='word_1_186' title='bbox 781 2054 857 2100; x_wconf 88' lang='lat' dir='ltr'>cui</span> <span class='ocrx_word' id='word_1_187' title='bbox 881 2053 1202 2102; x_wconf 85' lang='lat' dir='ltr'>interfuerunt</span> <span class='ocrx_word' id='word_1_188' title='bbox 1230 2054 1487 2102; x_wconf 91' lang='lat' dir='ltr'>duodecim</span> <span class='ocrx_word' id='word_1_189' title='bbox 1518 2054 1805 2113; x_wconf 87' lang='lat' dir='ltr'>cardinales,</span> <span class='ocrx_word' id='word_1_190' title='bbox 1835 2054 2056 2102; x_wconf 86' lang='lat' dir='ltr'>videlicet</span> 
     </span>
     <span class='ocr_line' id='line_1_22' title="bbox 279 2135 2050 2201; baseline 0.001 -18"><span class='ocrx_word' id='word_1_191' title='bbox 279 2152 317 2183; x_wconf 90' lang='lat' dir='ltr'>s.</span> <span class='ocrx_word' id='word_1_192' title='bbox 347 2135 592 2195; x_wconf 83' lang='lat' dir='ltr'>Praxedis,</span> <span class='ocrx_word' id='word_1_193' title='bbox 621 2136 982 2199; x_wconf 84' lang='lat' dir='ltr'>Neapolitanus,</span> <span class='ocrx_word' id='word_1_194' title='bbox 1011 2136 1381 2196; x_wconf 87' lang='lat' dir='ltr'>Alexandrinus,</span> <span class='ocrx_word' id='word_1_195' title='bbox 1411 2153 1450 2185; x_wconf 88' lang='grc'>5.</span> <span class='ocrx_word' id='word_1_196' title='bbox 1479 2137 1659 2196; x_wconf 88' lang='lat' dir='ltr'>Crucis,</span> <span class='ocrx_word' id='word_1_197' title='bbox 1690 2137 2050 2201; x_wconf 80' lang='lat' dir='ltr'>AgrigentinUS‚</span> 
     </span>
     <span class='ocr_line' id='line_1_23' title="bbox 279 2217 2050 2282; baseline -0.001 -15"><span class='ocrx_word' id='word_1_198' title='bbox 279 2217 551 2282; x_wconf 91' lang='lat' dir='ltr'>Capuanus,</span> <span class='ocrx_word' id='word_1_199' title='bbox 595 2219 903 2279; x_wconf 88' lang='lat' dir='ltr'>Arborensis,</span> <span class='ocrx_word' id='word_1_200' title='bbox 946 2219 1344 2282; x_wconf 86' lang='lat' dir='ltr'>Caputaquensis,</span> <span class='ocrx_word' id='word_1_201' title='bbox 1382 2219 1684 2278; x_wconf 85' lang='lat' dir='ltr'>Mutinensis,</span> <span class='ocrx_word' id='word_1_202' title='bbox 1726 2219 1972 2278; x_wconf 88' lang='lat' dir='ltr'>Senensis,</span> <span class='ocrx_word' id='word_1_203' title='bbox 2012 2235 2050 2267; x_wconf 87' lang='grc'>5.</span> 
     </span>
     <span class='ocr_line' id='line_1_24' title="bbox 279 2300 2054 2365; baseline -0.001 -16"><span class='ocrx_word' id='word_1_204' title='bbox 279 2300 490 2349; x_wconf 87' lang='lat' dir='ltr'>Severini</span> <span class='ocrx_word' id='word_1_205' title='bbox 518 2306 565 2348; x_wconf 85' lang='lat' dir='ltr'>et</span> <span class='ocrx_word' id='word_1_206' title='bbox 589 2301 778 2364; x_wconf 86' lang='lat' dir='ltr'>Borgia.</span> <span class='ocrx_word' id='word_1_207' title='bbox 818 2301 924 2348; x_wconf 90' lang='lat' dir='ltr'>Fuit</span> <span class='ocrx_word' id='word_1_208' title='bbox 947 2301 1105 2365; x_wconf 90' lang='lat' dir='ltr'>prima</span> <span class='ocrx_word' id='word_1_209' title='bbox 1137 2302 1242 2365; x_wconf 89' lang='lat' dir='ltr'>ejus</span> <span class='ocrx_word' id='word_1_210' title='bbox 1266 2301 1414 2349; x_wconf 89' lang='lat' dir='ltr'>missa</span> <span class='ocrx_word' id='word_1_211' title='bbox 1441 2301 1490 2349; x_wconf 93' lang='lat' dir='ltr'>in</span> <span class='ocrx_word' id='word_1_212' title='bbox 1524 2307 1698 2359; x_wconf 85' lang='lat' dir='ltr'>cantu;</span> <span class='ocrx_word' id='word_1_213' title='bbox 1729 2301 1973 2364; x_wconf 91' lang='lat' dir='ltr'>quomodo</span> <span class='ocrx_word' id='word_1_214' title='bbox 2004 2316 2054 2349; x_wconf 88' lang='lat' dir='ltr'>se</span> 
     </span>
     <span class='ocr_line' id='line_1_25' title="bbox 278 2384 1604 2448; baseline 0.001 -17"><span class='ocrx_word' id='word_1_215' title='bbox 278 2384 443 2432; x_wconf 88' lang='lat' dir='ltr'>habuit</span> <span class='ocrx_word' id='word_1_216' title='bbox 470 2384 635 2432; x_wconf 90' lang='lat' dir='ltr'>nescio</span> <span class='ocrx_word' id='word_1_217' title='bbox 661 2384 775 2448; x_wconf 91' lang='lat' dir='ltr'>quia</span> <span class='ocrx_word' id='word_1_218' title='bbox 794 2400 893 2432; x_wconf 93' lang='lat' dir='ltr'>non</span> <span class='ocrx_word' id='word_1_219' title='bbox 919 2384 1135 2444; x_wconf 86' lang='lat' dir='ltr'>interfui,</span> <span class='ocrx_word' id='word_1_220' title='bbox 1163 2385 1247 2432; x_wconf 90' lang='lat' dir='ltr'>sed</span> <span class='ocrx_word' id='word_1_221' title='bbox 1269 2384 1427 2432; x_wconf 90' lang='lat' dir='ltr'>socius</span> <span class='ocrx_word' id='word_1_222' title='bbox 1451 2400 1604 2432; x_wconf 89' lang='lat' dir='ltr'>meus.</span> 
     </span>
    </p>

    <p class='ocr_par' dir='ltr' id='par_1_5' title="bbox 280 2467 2061 3190">
     <span class='ocr_line' id='line_1_26' title="bbox 344 2467 2057 2531; baseline 0.001 -17"><span class='ocrx_word' id='word_1_223' title='bbox 344 2469 378 2514; x_wconf 91' lang='lat' dir='ltr'>F</span> <span class='ocrx_word' id='word_1_224' title='bbox 383 2467 483 2514; x_wconf 89' lang='lat' dir='ltr'>eria</span> <span class='ocrx_word' id='word_1_225' title='bbox 513 2467 741 2526; x_wconf 89' lang='lat' dir='ltr'>secunda,</span> <span class='ocrx_word' id='word_1_226' title='bbox 779 2469 838 2514; x_wconf 77' lang='lat'>26</span> <span class='ocrx_word' id='word_1_227' title='bbox 873 2467 987 2515; x_wconf 88' lang='lat' dir='ltr'>dicti</span> <span class='ocrx_word' id='word_1_228' title='bbox 1018 2467 1199 2515; x_wconf 89' lang='lat' dir='ltr'>mensis</span> <span class='ocrx_word' id='word_1_229' title='bbox 1224 2467 1348 2531; x_wconf 92' lang='lat' dir='ltr'>julii,</span> <span class='ocrx_word' id='word_1_230' title='bbox 1387 2467 1474 2515; x_wconf 84' lang='lat' dir='ltr'>fuit</span> <span class='ocrx_word' id='word_1_231' title='bbox 1504 2467 1746 2515; x_wconf 81' lang='lat' dir='ltr'>celebrata</span> <span class='ocrx_word' id='word_1_232' title='bbox 1784 2468 1887 2516; x_wconf 91' lang='lat' dir='ltr'>dies</span> <span class='ocrx_word' id='word_1_233' title='bbox 1919 2468 2057 2516; x_wconf 91' lang='lat' dir='ltr'>anni-</span> 
     </span>
     <span class='ocr_line' id='line_1_27' title="bbox 280 2547 2056 2614; baseline 0.001 -16"><span class='ocrx_word' id='word_1_234' title='bbox 280 2550 473 2598; x_wconf 88' lang='lat' dir='ltr'>versarii</span> <span class='ocrx_word' id='word_1_235' title='bbox 496 2550 647 2598; x_wconf 84' lang='lat' dir='ltr'>felicis</span> <span class='ocrx_word' id='word_1_236' title='bbox 668 2550 1020 2599; x_wconf 85' lang='lat' dir='ltr'>recordationis</span> <span class='ocrx_word' id='word_1_237' title='bbox 1044 2551 1310 2600; x_wconf 89' lang='lat' dir='ltr'>Innocentii</span> <span class='ocrx_word' id='word_1_238' title='bbox 1329 2553 1456 2614; x_wconf 91' lang='lat' dir='ltr'>Pape</span> <span class='ocrx_word' id='word_1_239' title='bbox 1484 2553 1603 2601; x_wconf 90' lang='lat' dir='ltr'>VIII.</span> <span class='ocrx_word' id='word_1_240' title='bbox 1629 2554 1683 2598; x_wconf 93' lang='lat' dir='ltr'>R.</span> <span class='ocrx_word' id='word_1_241' title='bbox 1711 2554 1768 2599; x_wconf 94' lang='lat' dir='ltr'>D.</span> <span class='ocrx_word' id='word_1_242' title='bbox 1793 2547 2056 2611; x_wconf 83' lang='lat' dir='ltr'>Johannes,</span> 
     </span>
     <span class='ocr_line' id='line_1_28' title="bbox 281 2632 2060 2698; baseline 0.001 -18"><span class='ocrx_word' id='word_1_243' title='bbox 281 2632 676 2697; x_wconf 84' lang='lat' dir='ltr'>archiepiscopus</span> <span class='ocrx_word' id='word_1_244' title='bbox 703 2633 973 2697; x_wconf 83' lang='lat' dir='ltr'>Ragusinus</span> <span class='ocrx_word' id='word_1_245' title='bbox 1011 2634 1270 2682; x_wconf 84' lang='lat' dir='ltr'>celebravit</span> <span class='ocrx_word' id='word_1_246' title='bbox 1299 2633 1496 2681; x_wconf 88' lang='lat' dir='ltr'>missam</span> <span class='ocrx_word' id='word_1_247' title='bbox 1519 2633 1763 2697; x_wconf 87' lang='lat' dir='ltr'>publicam</span> <span class='ocrx_word' id='word_1_248' title='bbox 1797 2634 1845 2681; x_wconf 93' lang='lat' dir='ltr'>in</span> <span class='ocrx_word' id='word_1_249' title='bbox 1874 2634 2060 2698; x_wconf 87' lang='lat' dir='ltr'>capella</span> 
     </span>
     <span class='ocr_line' id='line_1_29' title="bbox 281 2715 2053 2779; baseline 0 -16"><span class='ocrx_word' id='word_1_250' title='bbox 281 2716 465 2779; x_wconf 86' lang='lat' dir='ltr'>maj0re</span> <span class='ocrx_word' id='word_1_251' title='bbox 494 2715 674 2779; x_wconf 89' lang='lat' dir='ltr'>palatii,</span> <span class='ocrx_word' id='word_1_252' title='bbox 710 2718 840 2779; x_wconf 88' lang='lat' dir='ltr'>Papa</span> <span class='ocrx_word' id='word_1_253' title='bbox 878 2716 1096 2764; x_wconf 90' lang='lat' dir='ltr'>absente.</span> <span class='ocrx_word' id='word_1_254' title='bbox 1135 2716 1461 2764; x_wconf 87' lang='lat' dir='ltr'>Interfuerunt</span> <span class='ocrx_word' id='word_1_255' title='bbox 1496 2716 1730 2771; x_wconf 84' lang='lat' dir='ltr'>tredecim</span> <span class='ocrx_word' id='word_1_256' title='bbox 1767 2716 2053 2774; x_wconf 85' lang='lat' dir='ltr'>cardinales,</span> 
     </span>
     <span class='ocr_line' id='line_1_30' title="bbox 282 2786 2053 2863; baseline 0 -18"><span class='ocrx_word' id='word_1_257' title='bbox 282 2786 502 2846; x_wconf 91' lang='lat' dir='ltr'>videlicet</span> <span class='ocrx_word' id='word_1_258' title='bbox 524 2799 885 2863; x_wconf 81' lang='lat' dir='ltr'>NeapolitanUS,</span> <span class='ocrx_word' id='word_1_259' title='bbox 916 2799 1309 2863; x_wconf 88' lang='lat' dir='ltr'>Ulissiponensis,</span> <span class='ocrx_word' id='word_1_260' title='bbox 1338 2816 1376 2846; x_wconf 90' lang='grc'>5.</span> <span class='ocrx_word' id='word_1_261' title='bbox 1413 2798 1656 2857; x_wconf 86' lang='lat' dir='ltr'>Praxedis,</span> <span class='ocrx_word' id='word_1_262' title='bbox 1684 2798 2053 2853; x_wconf 87' lang='lat' dir='ltr'>Alexandrinus,</span> 
     </span>
     <span class='ocr_line' id='line_1_31' title="bbox 283 2880 2055 2945; baseline -0.001 -17"><span class='ocrx_word' id='word_1_263' title='bbox 283 2898 321 2929; x_wconf 91' lang='lat' dir='ltr'>s.</span> <span class='ocrx_word' id='word_1_264' title='bbox 355 2881 538 2940; x_wconf 91' lang='lat' dir='ltr'>Crucis,</span> <span class='ocrx_word' id='word_1_265' title='bbox 578 2882 938 2945; x_wconf 81' lang='lat' dir='ltr'>Agrigentinus,</span> <span class='ocrx_word' id='word_1_266' title='bbox 973 2882 1277 2940; x_wconf 89' lang='lat' dir='ltr'>Arborensis,</span> <span class='ocrx_word' id='word_1_267' title='bbox 1315 2881 1715 2944; x_wconf 84' lang='lat' dir='ltr'>Caputaquensis,</span> <span class='ocrx_word' id='word_1_268' title='bbox 1753 2880 2055 2938; x_wconf 87' lang='lat' dir='ltr'>Mutinensis,</span> 
     </span>
     <span class='ocr_line' id='line_1_32' title="bbox 283 2946 2060 3032; baseline 0 -22"><span class='ocrx_word' id='word_1_269' title='bbox 283 2963 528 3022; x_wconf 90' lang='lat' dir='ltr'>Senensis,</span> <span class='ocrx_word' id='word_1_270' title='bbox 559 2980 605 3032; x_wconf 86' lang='lat' dir='ltr'>s.</span> <span class='ocrx_word' id='word_1_271' title='bbox 641 2965 872 3023; x_wconf 89' lang='lat' dir='ltr'>Severini,</span> <span class='ocrx_word' id='word_1_272' title='bbox 902 2964 1157 3013; x_wconf 89' lang='lat' dir='ltr'>Cesarinus</span> <span class='ocrx_word' id='word_1_273' title='bbox 1190 2967 1238 3011; x_wconf 91' lang='lat' dir='ltr'>et</span> <span class='ocrx_word' id='word_1_274' title='bbox 1271 2963 1460 3027; x_wconf 85' lang='lat' dir='ltr'>Borgia.</span> <span class='ocrx_word' id='word_1_275' title='bbox 1495 2946 1747 3027; x_wconf 77' lang='lat' dir='ltr'>Capuamis</span> <span class='ocrx_word' id='word_1_276' title='bbox 1780 2979 1876 3010; x_wconf 93' lang='lat' dir='ltr'>non</span> <span class='ocrx_word' id='word_1_277' title='bbox 1909 2963 2060 3010; x_wconf 86' lang='lat' dir='ltr'>inter-</span> 
     </span>
     <span class='ocr_line' id='line_1_33' title="bbox 282 3045 2061 3109; baseline -0.001 -17"><span class='ocrx_word' id='word_1_278' title='bbox 282 3045 387 3103; x_wconf 83' lang='lat' dir='ltr'>fuit,</span> <span class='ocrx_word' id='word_1_279' title='bbox 415 3046 527 3108; x_wconf 89' lang='lat' dir='ltr'>quia</span> <span class='ocrx_word' id='word_1_280' title='bbox 549 3050 804 3109; x_wconf 88' lang='lat' dir='ltr'>postquam</span> <span class='ocrx_word' id='word_1_281' title='bbox 827 3047 931 3095; x_wconf 87' lang='lat' dir='ltr'>heri</span> <span class='ocrx_word' id='word_1_282' title='bbox 955 3047 1098 3095; x_wconf 87' lang='lat' dir='ltr'>rediit</span> <span class='ocrx_word' id='word_1_283' title='bbox 1129 3048 1188 3096; x_wconf 90' lang='lat' dir='ltr'>de</span> <span class='ocrx_word' id='word_1_284' title='bbox 1219 3063 1256 3095; x_wconf 88' lang='lat' dir='ltr'>s.</span> <span class='ocrx_word' id='word_1_285' title='bbox 1282 3047 1479 3105; x_wconf 87' lang='lat' dir='ltr'>Jacobo,</span> <span class='ocrx_word' id='word_1_286' title='bbox 1509 3047 1676 3095; x_wconf 86' lang='lat' dir='ltr'>invasit</span> <span class='ocrx_word' id='word_1_287' title='bbox 1704 3062 1812 3095; x_wconf 91' lang='grc'><strong>60111</strong></span> <span class='ocrx_word' id='word_1_288' title='bbox 1835 3045 1980 3093; x_wconf 87' lang='lat' dir='ltr'>febris</span> <span class='ocrx_word' id='word_1_289' title='bbox 2004 3060 2061 3092; x_wconf 89' lang='lat' dir='ltr'>ex</span> 
     </span>
     <span class='ocr_line' id='line_1_34' title="bbox 283 3127 822 3190; baseline 0.004 -16"><span class='ocrx_word' id='word_1_290' title='bbox 283 3143 379 3190; x_wconf 88' lang='lat' dir='ltr'>qua</span> <span class='ocrx_word' id='word_1_291' title='bbox 399 3127 494 3175; x_wconf 87' lang='lat' dir='ltr'>vita</span> <span class='ocrx_word' id='word_1_292' title='bbox 516 3128 707 3176; x_wconf 87' lang='lat' dir='ltr'>functus</span> <span class='ocrx_word' id='word_1_293' title='bbox 734 3134 822 3177; x_wconf 87' lang='lat' dir='ltr'>est.</span> 
     </span>
    </p>

    <p class='ocr_par' dir='ltr' id='par_1_6' title="bbox 284 3211 2063 3523">
     <span class='ocr_line' id='line_1_35' title="bbox 348 3211 2061 3275; baseline -0.001 -17"><span class='ocrx_word' id='word_1_294' title='bbox 348 3211 485 3259; x_wconf 89' lang='lat' dir='ltr'>Circa</span> <span class='ocrx_word' id='word_1_295' title='bbox 514 3211 684 3259; x_wconf 89' lang='lat' dir='ltr'>horam</span> <span class='ocrx_word' id='word_1_296' title='bbox 721 3212 938 3274; x_wconf 90' lang='lat' dir='ltr'>quintam</span> <span class='ocrx_word' id='word_1_297' title='bbox 988 3212 1145 3260; x_wconf 87' lang='lat' dir='ltr'>noctis</span> <span class='ocrx_word' id='word_1_298' title='bbox 1186 3212 1416 3275; x_wconf 80' lang='lat' dir='ltr'>preterito</span> <span class='ocrx_word' id='word_1_299' title='bbox 1473 3215 1599 3275; x_wconf 85' lang='lat' dir='ltr'>Papa</span> <span class='ocrx_word' id='word_1_300' title='bbox 1637 3211 1803 3259; x_wconf 76' lang='lat' dir='ltr'>habuit</span> <span class='ocrx_word' id='word_1_301' title='bbox 1844 3225 1965 3258; x_wconf 87' lang='lat' dir='ltr'>nova</span> <span class='ocrx_word' id='word_1_302' title='bbox 2003 3211 2061 3257; x_wconf 89' lang='lat' dir='ltr'>dc</span> 
     </span>
     <span class='ocr_line' id='line_1_36' title="bbox 284 3293 2063 3358; baseline -0.001 -17"><span class='ocrx_word' id='word_1_303' title='bbox 284 3296 449 3357; x_wconf 88' lang='lat' dir='ltr'>Capua</span> <span class='ocrx_word' id='word_1_304' title='bbox 484 3299 625 3358; x_wconf 83' lang='lat' dir='ltr'>capta</span> <span class='ocrx_word' id='word_1_305' title='bbox 659 3309 747 3357; x_wconf 88' lang='lat' dir='ltr'>per</span> <span class='ocrx_word' id='word_1_306' title='bbox 786 3295 961 3342; x_wconf 90' lang='lat' dir='ltr'>ducem</span> <span class='ocrx_word' id='word_1_307' title='bbox 1001 3294 1345 3352; x_wconf 82' lang='lat' dir='ltr'>Valentinum;</span> <span class='ocrx_word' id='word_1_308' title='bbox 1387 3298 1435 3342; x_wconf 89' lang='lat' dir='ltr'>et</span> <span class='ocrx_word' id='word_1_309' title='bbox 1476 3310 1564 3357; x_wconf 88' lang='lat' dir='ltr'>per</span> <span class='ocrx_word' id='word_1_310' title='bbox 1607 3294 1795 3357; x_wconf 79' lang='lat' dir='ltr'>plureS,</span> <span class='ocrx_word' id='word_1_311' title='bbox 1840 3293 2063 3341; x_wconf 85' lang='lat' dir='ltr'>videlicet</span> 
     </span>
     <span class='ocr_line' id='line_1_37' title="bbox 285 3375 2062 3437; baseline -0.001 -13"><span class='ocrx_word' id='word_1_312' title='bbox 285 3377 455 3424; x_wconf 89' lang='lat' dir='ltr'>decem</span> <span class='ocrx_word' id='word_1_313' title='bbox 489 3376 564 3424; x_wconf 90' lang='lat' dir='ltr'>vel</span> <span class='ocrx_word' id='word_1_314' title='bbox 600 3377 753 3437; x_wconf 88' lang='lat' dir='ltr'>circa,</span> <span class='ocrx_word' id='word_1_315' title='bbox 794 3377 897 3426; x_wconf 92' lang='lat' dir='ltr'>dies</span> <span class='ocrx_word' id='word_1_316' title='bbox 936 3380 1046 3425; x_wconf 90' lang='lat' dir='ltr'>ante</span> <span class='ocrx_word' id='word_1_317' title='bbox 1085 3376 1330 3425; x_wconf 88' lang='lat' dir='ltr'>habuerat</span> <span class='ocrx_word' id='word_1_318' title='bbox 1367 3393 1491 3425; x_wconf 89' lang='lat' dir='ltr'>nova</span> <span class='ocrx_word' id='word_1_319' title='bbox 1526 3377 1585 3425; x_wconf 95' lang='lat' dir='ltr'>de</span> <span class='ocrx_word' id='word_1_320' title='bbox 1619 3378 1815 3436; x_wconf 87' lang='lat' dir='ltr'>Aversa,</span> <span class='ocrx_word' id='word_1_321' title='bbox 1856 3375 1977 3425; x_wconf 91' lang='lat' dir='ltr'>Nola</span> <span class='ocrx_word' id='word_1_322' title='bbox 2014 3379 2062 3433; x_wconf 89' lang='lat' dir='ltr'>et</span> 
     </span>
     <span class='ocr_line' id='line_1_38' title="bbox 286 3458 2058 3523; baseline -0.001 -18"><span class='ocrx_word' id='word_1_323' title='bbox 286 3459 420 3521; x_wconf 84' lang='lat' dir='ltr'>quasi</span> <span class='ocrx_word' id='word_1_324' title='bbox 459 3460 681 3507; x_wconf 84' lang='lat' dir='ltr'>omnibus</span> <span class='ocrx_word' id='word_1_325' title='bbox 718 3460 824 3507; x_wconf 75' lang='lat' dir='ltr'>aliis</span> <span class='ocrx_word' id='word_1_326' title='bbox 864 3460 983 3507; x_wconf 82' lang='lat' dir='ltr'>locis</span> <span class='ocrx_word' id='word_1_327' title='bbox 1023 3460 1163 3508; x_wconf 86' lang='lat' dir='ltr'>bonis</span> <span class='ocrx_word' id='word_1_328' title='bbox 1202 3476 1226 3507; x_wconf 87' lang='lat' dir='ltr'>a</span> <span class='ocrx_word' id='word_1_329' title='bbox 1264 3459 1412 3507; x_wconf 85' lang='lat' dir='ltr'>Gallis</span> <span class='ocrx_word' id='word_1_330' title='bbox 1451 3459 1719 3523; x_wconf 80' lang='lat' dir='ltr'>occupatis,</span> <span class='ocrx_word' id='word_1_331' title='bbox 1762 3464 1803 3506; x_wconf 83' lang='grc'>61</span> <span class='ocrx_word' id='word_1_332' title='bbox 1845 3458 1973 3521; x_wconf 89' lang='lat' dir='ltr'>quod</span> <span class='ocrx_word' id='word_1_333' title='bbox 2012 3458 2058 3504; x_wconf 88' lang='lat' dir='ltr'>in</span> 
     </span>
    </p>
   </div>
  </div>
 </body>
</html>
