2222 3932
199 368 357 408 [Janvier
376 367 470 409 1504]
626 367 795 405 RERUM
822 365 1125 404 URBANARUM
1156 366 1509 408 COMMENTARII.
1905 370 1974 405 327

200 472 371 521 domus
400 475 529 536 Pape
553 474 603 519 et
625 473 677 518 P.
705 471 763 518 de
784 469 1030 529 AccolitiS,
1059 469 1272 529 auditor;
1303 471 1478 520 deinde
1503 472 1583 520 alii
1609 471 1798 536 prelati.
1834 472 1972 520 Avvi-

199 555 295 603 savi
325 555 595 604 Accolitum
637 554 767 617 quod
798 553 934 600 locus
971 569 1086 600 suus
1111 568 1210 601 non
1249 558 1379 602 esset
1416 555 1499 613 ibi,
1540 555 1627 603 sed
1661 558 1771 619 post
1802 571 1971 603 omnes

197 639 438 703 prelatos:
467 637 710 687 excusavit
747 652 796 684 se
827 637 955 699 quod
981 637 1140 684 socius
1167 653 1304 685 meus
1341 639 1582 702 posuisset
1612 655 1724 686 eum
1752 639 1849 687 ibi:
1878 655 1970 704 ego

196 723 359 786 rogavi
385 722 514 786 quod
543 721 663 770 alias
696 736 794 768 non
829 719 897 767 sic
933 719 1134 768 faceret.
1173 722 1498 784 Equitavimus
1531 727 1662 772 retro
1695 722 1852 771 banco
1888 723 1968 771 ubi

193 807 465 871 hospitatus
490 810 561 853 est
583 804 704 853 alias
725 804 982 868 episcopus
1004 804 1344 853 Glandatensis
1370 810 1417 854 et
1437 806 1656 855 Astensis
1674 806 1847 865 mod03
1875 806 1971 855 alia

197 905 333 938 more
359 889 516 938 solito.

261 973 347 1023 Die
374 973 622 1032 mercurii,
654 976 711 1021 18
731 972 962 1037 januarii,
992 972 1082 1020 fuit
1108 972 1356 1036 publicum
1383 973 1726 1022 consistorium
1751 974 1802 1022 in
1825 975 1971 1023 tertia

195 1057 322 1117 aula,
359 1057 409 1105 in
441 1072 536 1120 qua
567 1061 785 1104 oratores
826 1058 1067 1104 Senenses
1109 1056 1422 1119 prestiterunt
1456 1056 1704 1119 publicam
1739 1057 1972 1106 obedien-

196 1141 341 1189 tiam:
374 1140 581 1205 primam
612 1139 1010 1188 commissionem
1043 1139 1296 1204 proposuit
1328 1143 1384 1188 D.
1409 1140 1656 1188 Johannes
1683 1141 1972 1189 Bertholdus

195 1239 285 1288 pro
305 1223 565 1272 heredibus
587 1223 724 1271 ducis
732 1260 938 1271 ..........
956 1222 1015 1288 (1)
1037 1226 1201 1271 contra
1223 1238 1390 1287 regem
1411 1223 1627 1282 Polonie,
1651 1227 1823 1287 petens
1843 1239 1975 1272 com-

196 1308 323 1371 mitti
348 1323 544 1356 causam
566 1307 706 1371 spolii
730 1307 936 1355 ducatus
963 1307 1011 1354 in
1037 1311 1165 1365 rota;
1201 1307 1464 1355 secundam
1491 1307 1744 1370 proposuit
1776 1311 1835 1356 D.
1860 1307 1976 1357 Vin-

197 1390 386 1439 centius
404 1390 463 1438 de
482 1390 705 1438 Perusia:
727 1389 998 1439 orationem
1016 1389 1292 1438 obedientie
1314 1390 1428 1439 fecit
1452 1392 1508 1438 D.
1529 1390 1741 1454 Angelus
1761 1390 1972 1450 Fundus,

198 1473 461 1522 canonicus
485 1473 730 1531 Senensis,
761 1475 925 1521 sextus
951 1476 1135 1533 orator,
1169 1474 1218 1521 in
1248 1489 1336 1521 suo
1362 1473 1470 1521 loco
1493 1476 1654 1521 stans:
1682 1474 1772 1522 fuit
1795 1474 1978 1537 optima

199 1557 372 1607 oratio.
393 1556 724 1605 lnterfuerunt
750 1556 916 1621 viginti
942 1557 1153 1620 quinque
1179 1557 1472 1616 cardinales,
1501 1557 1727 1605 videlicet
1748 1557 1979 1620 Neapoli-

200 1645 358 1699 tanus,
389 1656 428 1687 s.
456 1640 705 1700 Praxedis,
735 1657 774 1687 s.
803 1640 1014 1703 Georgii,
1042 1640 1400 1704 Agrigentinus,
1429 1640 1706 1699 Grimanus,
1736 1641 1979 1689 Arboren-

200 1724 282 1782 sis,
301 1723 570 1787 Regiensis,
591 1723 900 1782 Cusentinus,
919 1723 1273 1783 Salernitanus,
1293 1723 1694 1787 Caputaquensis,
1714 1726 1977 1784 CumanUS‚

200 1806 539 1865 Bononiensis,
559 1805 734 1853 Montis
755 1806 963 1869 RegaliS,
983 1806 1347 1866 Volaterranus,
1369 1806 1428 1854 de
1445 1807 1620 1864 Flisco,
1640 1807 1976 1871 Legionensis,

200 1889 461 1949 Adrianus,
490 1889 810 1947 Mimatensis,
839 1889 1090 1949 Columna,
1113 1890 1367 1948 Ascanius,
1387 1907 1426 1937 s.
1450 1890 1681 1950 Severini,
1700 1892 1976 1950 Cesarinus,

198 1971 462 2035 Aragonia,
505 1970 564 2018 de
602 1971 838 2020 Alihretto
875 1976 923 2019 et
957 1972 1536 2036 Constantinopolitanus.
1574 1974 1772 2036 Septem
1807 1974 1980 2037 prelati

200 2055 510 2102 deduxerunt
543 2057 763 2102 oratores
798 2055 858 2102 de
889 2055 1075 2118 capella
1114 2055 1176 2102 ad
1198 2055 1358 2103 aulam
1390 2055 1685 2114 consistorii,
1725 2056 1977 2104 videlicet:

197 2137 476 2202 patriarcha
491 2137 864 2197 Alexandrinus,
887 2137 1193 2197 Tarentinus,
1219 2138 1450 2197 Nolanus,
1481 2138 1784 2187 Belluuensis
1809 2140 1984 2203 guber-

198 2224 358 2279 nator,
403 2220 737 2284 vigorniensis
775 2220 1190 2284 prothonotarius,
1227 2225 1391 2269 orator
1428 2221 1676 2277 Ferrarie;
1711 2222 1808 2269 alia
1842 2238 1981 2271 more

200 2303 360 2352 solito.
397 2303 605 2351 Nomina
635 2307 885 2351 oratorum
922 2307 1032 2351 sunt
1065 2303 1193 2351 hec:
1232 2303 1609 2353 Bartholomeus
1645 2304 1978 2363 Sansidonius,

198 2387 470 2434 Alexander
510 2387 815 2447 Pet-ruccius,
863 2389 1018 2435 Lucas
1057 2386 1115 2435 de
1155 2387 1402 2446 Martinis,
1446 2387 1613 2435 Simon
1657 2387 1976 2452 Burghesius,

199 2471 369 2518 doctor
390 2469 606 2540 Angelus
627 2470 912 2529 Calmensis,
937 2471 1150 2534 Angelus
1177 2472 1390 2531 Fundus,
1413 2471 1744 2520 cancellarius.

266 2553 354 2601 Die
374 2553 583 2612 veneris,
612 2556 669 2600 12
690 2554 916 2616 januarii,
944 2554 1033 2602 fuit
1059 2554 1221 2617 prima
1247 2554 1350 2603 dies
1378 2555 1691 2618 exequiarum
1720 2556 1980 2604 cardinalis

200 2635 524 2684 Beneventani
547 2636 596 2683 in
622 2635 838 2699 Populo:
867 2636 1065 2684 missam
1095 2636 1350 2685 celebravit
1385 2637 1644 2685 cardinalis
1679 2655 1718 2685 s.
1750 2639 1980 2687 Praxedis

199 2721 456 2787 executor:
476 2719 748 2767 orationem
762 2719 875 2767 fecit
897 2719 1103 2767 Michael
1119 2721 1310 2783 Lyppus
1329 2720 1578 2768 Comensis
1599 2736 1609 2779 ;
1634 2721 1808 2768 deinde
1825 2721 1981 2770 absol-

197 2805 372 2852 verunt
409 2817 521 2850 cum
563 2802 839 2851 celebrante
874 2802 1060 2850 electus
1095 2802 1383 2851 Albanensis
1420 2818 1531 2850 cum
1565 2803 1703 2861 stola,
1742 2803 1791 2850 in
1817 2804 1977 2852 medio

197 2883 512 2938 diaconorum
534 2904 544 2944 3
570 2901 681 2933 cum
713 2885 908 2950 pluviali
947 2886 1224 2944 Grimanus,
1256 2886 1546 2934 Arboreusis
1577 2890 1624 2935 et
1656 2887 1973 2945 Cuscntinus;

195 2967 325 3016 ultra
347 2984 469 3032 quos
487 2969 817 3018 interfuerunt
839 2970 1097 3019 duodecim
1120 2969 1412 3028 cardinales,
1438 2966 1791 3029 Salernitanus,
1820 2972 1975 3034 Capu—

194 3051 458 3114 taquensis,
484 3054 746 3110 Cumanus,
771 3051 1109 3112 Bononiensis,
1134 3053 1194 3100 de
1216 3052 1372 3100 Flisco
1394 3051 1475 3116 qui
1498 3052 1729 3101 sederunt
1751 3052 1799 3099 in
1820 3052 1975 3102 banco

189 3133 328 3196 juxta
368 3134 646 3182 columnam
681 3135 920 3198 majorem
953 3135 1172 3183 lateralis
1216 3135 1451 3195 ecclesie;
1493 3135 1542 3182 in
1579 3136 1671 3183 alio
1713 3137 1885 3195 banco,
1928 3137 1974 3184 in

195 3216 434 3278 opposito,
475 3217 706 3266 sederunt
743 3218 918 3281 reliqui
958 3219 1246 3278 cardinales,
1288 3219 1622 3282 Legionensis,
1658 3219 1896 3266 Adrianus
1929 3225 1977 3268 et

195 3297 510 3357 Mimatensis,
541 3303 589 3347 et
617 3316 646 3348 a
669 3300 827 3363 capite
853 3300 980 3348 illius
1007 3301 1166 3359 banci,
1194 3301 1447 3361 Columna,
1486 3318 1524 3348 s.
1561 3301 1795 3358 Severini,
1827 3298 1976 3350 Cesa-

243 3481 277 3518 1.
299 3480 415 3516 Meme
435 3478 562 3517 lacune
582 3481 674 3518 dans
691 3485 777 3518 tous
797 3481 850 3518 les
869 3493 966 3520 mss,
