2228 3938
159 369 358 410 [Mai15021
613 366 782 407 RERUM
817 364 1115 403 URBANARUM
1147 366 1498 405 COMMENTARH.
1873 370 1948 406 205*

162 471 337 535 quibus
368 472 556 522 volebat
594 472 805 537 sepeliri,
835 464 881 519 et
919 471 1006 519 fuit
1040 470 1089 518 in
1125 470 1193 518 eis
1228 471 1460 535 sepultus.
1500 471 1652 521 Multa
1687 461 1784 521 alia
1817 471 1949 521 dicta

158 556 352 604 fuerunt
374 557 435 605 de
456 557 552 605 hoc
574 543 771 605 homine
791 571 801 614 ;
827 555 956 603 inter
979 555 1075 603 alia
1099 555 1230 618 quod
1259 555 1373 603 fecit
1397 556 1505 620 capi
1534 572 1622 620 per
1640 555 1869 605 tabernas
1893 558 1945 604 et

158 639 341 701 plateas
364 640 504 689 Urbis
526 640 761 688 violenter
781 638 974 687 circiter
998 641 1245 687 trecentos
1270 639 1495 688 homines
1521 645 1569 688 et
1596 641 1657 689 ad
1690 640 1943 688 triremem

157 737 295 770 suam
320 723 432 771 duci
457 727 504 771 et
527 723 576 770 in
602 738 660 771 ea
674 723 718 770 vi
743 721 966 770 detineri.

222 805 433 854 Sabbato
456 807 506 854 in
527 805 665 864 albis,
694 809 722 852 2
747 804 929 853 mensis
955 805 1137 869 aprilis,
1162 806 1284 854 festo
1307 823 1346 854 s.
1374 807 1527 856 Marci
1549 807 1776 872 apostoli,
1802 810 1857 855 R.
1881 809 1937 854 D.

156 890 366 947 Marcus,
390 890 650 953 episcopus
667 879 906 937 Murensis
927 888 1188 937 celebravit
1204 890 1403 938 missam
1426 891 1697 939 solemnem
1718 890 1768 938 in
1787 890 1943 938 eccle-

156 972 228 1020 sia
253 989 292 1020 s.
329 972 477 1020 Marci
509 973 568 1021 de
598 973 756 1031 Urbe;
796 972 912 1020 dixit
939 973 1260 1036 prefationem
1289 975 1349 1022 de
1382 975 1642 1038 apostolis:
1680 974 1775 1022 alia
1807 972 1942 1022 more

160 1056 316 1104 solito.
342 1057 678 1105 Intersuerunt
695 1049 1162 1106 deceln'cardinales
1184 1061 1349 1122 preter
1376 1061 1789 1118 Beneventanum,
1809 1057 1944 1106 vide-

157 1140 290 1199 licet,
319 1140 710 1205 Ulissiponensis,
746 1158 786 1189 s.
823 1140 1075 1200 Praxedis‚
1106 1141 1481 1202 Alexandrinus,
1513 1159 1552 1190 s.
1582 1141 1765 1199 Crucis,
1794 1140 1946 1189 Arbo-

157 1224 326 1283 rensis,
356 1225 662 1285 CusentinuS‚
688 1226 1090 1289 caputaquensiS,
1117 1226 1422 1286 Mutinensis,
1452 1227 1666 1275 Medices
1698 1230 1746 1274 et
1772 1223 1947 1273 Farne—

157 1307 255 1355 sius
287 1311 397 1371 post
429 1323 592 1371 quem,
625 1308 675 1356 in
709 1308 883 1356 eodem
913 1308 1087 1367 baum,
1125 1309 1247 1357 sedit
1277 1311 1647 1358 Beneventanus
1681 1306 1729 1357 et
1758 1307 1948 1372 accepit

156 1406 327 1454 pacem
354 1390 662 1439 celebrantis
706 1394 858 1456 Caput
889 1392 1209 1440 cardinalium
1239 1393 1327 1441 suit
1358 1409 1526 1442 versus
1551 1393 1721 1441 sedem
1746 1391 1946 1456 pontifi-

155 1474 328 1533 calem,
357 1490 456 1523 non
475 1490 642 1523 versus
672 1474 842 1534 altare,
875 1479 924 1524 et
950 1475 1092 1535 bene,
1125 1477 1164 1524 si
1192 1477 1274 1525 illa
1298 1477 1439 1526 sedes
1466 1477 1558 1525 fuit
1587 1480 1774 1541 parata,
1806 1476 1945 1524 aliter

156 1558 301 1606 male.
325 1557 652 1606 Interiuerunt
674 1558 819 1607 etiam
841 1560 938 1608 duo
963 1563 1180 1608 oratores
1204 1554 1389 1609 scilicet
1413 1563 1712 1610 Venetorum
1737 1564 1784 1608 et
1804 1557 1943 1607 ducis

156 1641 484 1689 Ferrariensis
509 1641 589 1704 qui
613 1641 842 1690 sederunt
863 1643 911 1689 in
935 1643 1089 1691 banco
1116 1644 1257 1692 solito
1282 1648 1393 1707 post
1416 1644 1650 1692 diaconos
1673 1642 1942 1692 cardinales

154 1727 203 1771 ct
245 1726 655 1772 Beneventanum.
697 1727 812 1773 Post
845 1719 1164 1775 elevationem
1202 1722 1494 1776 sacramenti
1529 1728 1658 1776 venit
1698 1727 1859 1776 clerus
1898 1743 1936 1774 s.

156 1807 306 1867 Petri,
327 1811 375 1856 et
393 1813 501 1872 post
522 1825 634 1856 eum
654 1809 813 1857 clerus
831 1810 1086 1874 hospitalis
1108 1827 1147 1858 s.
1173 1811 1396 1875 Spiritus.
1418 1806 1532 1860 Post
1546 1808 1942 1860 communienem

158 1890 467 1951 celebrantis,
493 1892 673 1956 incepit
705 1888 953 1942 ordinaria
975 1895 1238 1958 processio.
1269 1897 1475 1944 Senator
1498 1911 1611 1944 cum
1634 1892 1940 1944 conservato-

154 1973 286 2022 ribus
305 1977 539 2022 eteorum
563 1975 804 2034 comitiva,
828 1976 961 2024 venit
979 1976 1109 2025 circa
1129 1977 1345 2026 medium
1368 1974 1719 2042 processionis:
1744 1993 1941 2027 crucem

153 2061 402 2106 rectorum
435 2062 482 2106 et
517 2048 702 2122 capelle
733 2059 1053 2108 ecclesiarum
1086 2053 1460 2125 p'arrochialium
1500 2062 1707 2126 portavit
1743 2062 1939 2125 quidam

151 2131 271 2204 puer
302 2133 542 2189 tredecim
582 2141 653 2190 vel
686 2137 1055 2206 quatuordecim
1091 2160 1329 2194 annorum
1367 2146 1416 2193 in
1460 2145 1741 2210 gunnellino
1779 2145 1936 2203 brevi,

153 2214 387 2284 lacerato,
427 2230 474 2275 et
511 2218 660 2275 credo>
695 2227 798 2275 sine
835 2228 1006 2293 caligis
1040 2244 1051 2277 :
1088 2227 1137 2277 in
1180 2225 1511 2279 transversum
1555 2231 1775 2279 vertebat
1809 2229 1937 2278 enim

147 2323 300 2357 unum
321 2301 577 2358 brachium
599 2305 818 2359 crucifixi
837 2311 896 2359 ad
915 2328 985 2370 se,
1011 2307 1140 2361 aliud
1161 2314 1222 2361 ad
1241 2309 1594 2378 populum'sive
1618 2311 1803 2363 clerum
1824 2315 1936 2362 ante

150 2397 220 2449 se,
255 2407 368 2440 cum
402 2385 581 2457 magna
606 2398 720 2442 nota
752 2398 801 2442 et
832 2395 1100 2458 ignominia
1129 2397 1263 2445 cleri.
1306 2400 1358 2445 ln
1393 2398 1707 2462 processione
1741 2397 1940 2445 fuerunt

150 2475 295 2538 primi
330 2475 503 2524 fratres
539 2492 577 2524 s.
616 2477 863 2538 Honufrii,
900 2478 1076 2528 deinde
1109 2481 1314 2540 Minimi,
1353 2479 1623 2530 successive
1656 2481 1758 2540 alii,
1796 2495 1936 2528 more

151 2557 310 2605 solito.
350 2561 402 2606 In
437 2560 640 2623 prandio
669 2576 781 2608 cum
815 2564 954 2610 Rmo.
991 2564 1047 2609 D.
1085 2561 1328 2612 cardinale
1356 2566 1715 2623 Beneventano,
1744 2564 1939 2612 fuerunt

150 2640 315 2695 RRmi.
354 2644 454 2690 DD.
492 2638 762 2692 cardinales
796 2640 834 2691 s.
872 2645 1101 2692 Praxedis
1138 2646 1186 2693 in
1217 2645 1392 2710 capite,
1426 2635 1638 2695 Medices
1671 2663 1730 2694 ex
1760 2647 1931 2704 latere,

149 2728 258 2788 post
280 2733 391 2773 eum
415 2727 827 2786 Beneventanum,
846 2727 895 2774 in
914 2743 1009 2775 una
1023 2744 1194 2777 mensa
1215 2746 1224 2777 :
1250 2730 1299 2777 in
1321 2730 1430 2790 alia,
1453 2730 1502 2777 in
1518 2730 1740 2794 opposita
1758 2729 1930 2792 prime,

147 2808 324 2871 prelati
355 2825 524 2858 omnes
557 2811 659 2858 sine
689 2811 939 2872 rochettis,
970 2816 1017 2861 et
1042 2813 1184 2871 male,
1223 2814 1445 2863 videlicet
1471 2814 1520 2861 in
1556 2813 1716 2877 capite
1750 2812 1936 2861 archie-

142 2884 376 2957 piscopus
395 2887 685 2957 Ragusinus,
710 2900 819 2958 post
835 2890 948 2943 eum
969 2892 1301 2957 CortonensiS,
1325 2895 1651 2955 GuardiensiS,
1671 2896 1928 2954 Murensis,

148 2966 504 3040 Melphitensis,
528 2979 839 3027 Adriacensis
861 2983 909 3027 et
936 2997 1044 3045 ego.

217 3061 360 3108 Feria
385 3068 570 3124 quarta,
598 3065 624 3109 4
651 3057 784 3122 maii,
813 3063 977 3127 vigilia
1007 3065 1306 3114 ascensionis
1340 3066 1550 3127 Domini,
1580 3066 1779 3114 fuerunt
1808 3065 1937 3114 dicte

150 3157 347 3206 vespere
378 3144 427 3192 in
465 3138 652 3209 capella
686 3147 877 3210 majori,
930 3150 1060 3211 Papa
1095 3155 1355 3213 presente3
1397 3151 1475 3199 die
1506 3151 1629 3215 jovis
1668 3149 1932 3213 sequentis,

152 3217 300 3273 missa
318 3218 550 3276 solemnis
571 3228 620 3276 in
642 3229 843 3278 basilica
862 3247 900 3278 s.
930 3233 1062 3280 Petri
1088 3230 1518 3296 quam'celebravit
1546 3237 1713 3281 Rmus.
1746 3235 1803 3280 D.
1829 3247 1936 3280 car-

137 3301 323 3356 dinalis
345 3307 718 3373 Alexandrinus,
745 3315 876 3378 Papa
897 3322 1122 3378 presente
1142 3333 1152 3364 :
1182 3334 1460 3367 sermonem
1485 3318 1598 3366 fecit
1622 3315 1932 3373 Cantalicius,

154 3382 408 3454 preceptor
432 3389 688 3443 cardinalis
714 3397 905 3460 Borgie,
943 3401 991 3446 et
1017 3399 1142 3448 bene
1169 3401 1288 3449 dixit
1318 3401 1377 3449 de
1409 3401 1535 3449 bello
1569 3403 1738 3447 contra
1763 3402 1933 3462 regem

154 3475 425 3522 Persarum.
448 3476 604 3524 Finita
619 3479 782 3536 missa,
809 3479 897 3527 suit
919 3484 1168 3530 ostensum
1191 3484 1370 3532 forrum
1392 3484 1561 3531 lancee
1582 3480 1754 3545 Christi
1777 3481 1929 3542 semel
