2228 3938
178 387 286 427 [Ama
306 386 401 426 1503]
620 383 790 422 RERUM
822 382 1124 421 URBANARUM
1156 375 1508 423 COMMENTARH'.
1888 387 1957 421 247

179 493 234 538 R.
253 492 307 538 P.
336 491 393 544 D.
421 487 704 552 episcopum
725 489 1117 546 Cesenatensem‚
1137 487 1406 537 auditorem
1433 503 1625 536 camere
1650 493 1697 537 et
1719 491 1777 536 D.
1811 488 1958 536 Anto-

177 572 310 620 nium
335 571 394 620 de
417 570 688 636 Spiritibus‚
714 569 1139 635 prothonotarium
1156 574 1204 619 et
1229 571 1464 631 clericum
1488 587 1701 630 camere,
1723 571 1772 619 in
1796 574 1957 620 castro

177 655 528 715 incarceratos,
559 655 646 702 sub
666 670 792 719 pena
816 654 988 703 decem
1010 654 1140 703 mille
1172 655 1476 708 ducatorum,
1507 659 1554 704 et
1582 655 1777 704 fuerunt
1810 654 1955 704 etiam

178 740 349 789 eadem
375 740 452 788 die
476 739 536 787 de
560 742 717 787 castro
739 738 948 787 liberati.

242 823 444 874 Visitavi
476 823 647 871 eodem
679 837 789 870 sero
828 822 1098 871 auditorem
1136 829 1331 871 camere
1354 823 1402 870 iu
1443 823 1589 870 (tomo
1627 838 1744 871 sua:
1775 822 1955 871 dietum

178 907 266 956 fuit
290 923 377 971 per
397 922 475 954 me
501 922 558 954 ex
592 910 761 969 rogatu
788 905 986 953 Mariani
1012 905 1247 969 Stephani
1272 905 1514 953 Francisci
1551 906 1680 968 quod
1713 906 1957 954 diceretur

179 994 369 1039 secreto
393 990 454 1056 (1)
487 991 610 1038 hora
644 989 875 1053 vigesima
905 989 1192 1037 intraturum
1223 989 1405 1038 Urbem
1442 991 1734 1052 Prosperum
1767 989 1959 1037 Colum-

178 1090 312 1133 nam;
337 1078 385 1123 et
427 1074 554 1137 quod
589 1073 872 1121 nunciatum
907 1077 1034 1122 esset
1055 1089 1225 1120 rursus
1259 1088 1357 1120 non
1380 1072 1563 1131 venire,
1598 1073 1729 1136 quod
1765 1072 1957 1120 interim

177 1173 275 1207 non
315 1159 597 1206 tenerentur
624 1171 770 1204 unam
807 1162 995 1220 partem
1029 1156 1353 1204 intromittere
1393 1157 1432 1203 si
1461 1155 1555 1203 alia
1581 1170 1681 1204 non
1712 1155 1955 1204 venisset:

176 1241 307 1305 quod
344 1244 446 1289 DD.
484 1241 650 1288 RRmi.
678 1240 996 1304 dignarentur
1022 1241 1303 1305 prohibere.
1340 1240 1607 1288 Commisse
1638 1239 1831 1288 fuerunt
1865 1238 1957 1287 due

178 1324 362 1384 littere;
389 1340 485 1372 una
514 1325 575 1372 ad
599 1327 887 1388 Prosperum
907 1340 997 1388 per
1019 1340 1164 1388 quam
1191 1324 1542 1372 admoneretur
1568 1339 1666 1371 non
1685 1323 1849 1371 venire
1872 1339 1959 1387 pro

177 1408 338 1472 quiete
379 1408 540 1456 future
566 1408 818 1456 electionis
853 1413 899 1456 et
921 1409 1133 1472 collegii,
1174 1409 1305 1456 idem
1340 1407 1622 1472 promisisse
1659 1407 1882 1465 UrsinOS‚
1908 1412 1952 1455 et

176 1492 324 1540 misse
347 1495 460 1539 sunt
485 1508 572 1556 per
601 1495 658 1540 D.
689 1492 943 1540 Nicolaum
969 1493 1028 1540 de
1061 1493 1345 1556 Capranica,
1374 1492 1465 1539 alie
1490 1491 1552 1539 ad
1582 1491 1783 1539 Ursinos
1813 1491 1958 1539 etiam

176 1591 237 1624 ne
260 1576 502 1634 venirent,
531 1580 576 1623 et
601 1576 748 1623 misse
779 1591 867 1638 per
896 1578 952 1624 D.
978 1577 1037 1624 de
1060 1576 1224 1640 Capite
1253 1576 1312 1623 de
1337 1578 1511 1634 Ferro3
1539 1574 1621 1638 qui
1651 1578 1958 1624 recesserunt

178 1659 348 1707 eadem
371 1659 466 1707 die.

244 1745 294 1790 In
336 1758 465 1802 sero,
508 1747 617 1806 post
660 1741 942 1806 vigesimam
983 1745 1206 1806 quartam
1238 1743 1432 1802 horam,
1481 1745 1691 1806 Prosper
1723 1740 1960 1790 Columna

179 1826 369 1875 intravit
404 1825 584 1874 Urbem
607 1841 716 1874 cum
746 1828 943 1873 centum
969 1825 1210 1889 equitibus
1243 1826 1317 1873 vel
1338 1826 1467 1873 circa
1492 1841 1551 1873 ex
1574 1825 1690 1884 suiS‚
1718 1825 1795 1874 cui
1818 1841 1961 1874 vene-

178 1913 287 1957 runt
321 1909 511 1957 obviam
541 1908 686 1971 aliqui
724 1908 856 1956 cives
886 1923 945 1956 ex
975 1909 1075 1956 suis
1102 1909 1404 1972 partialibUS‚
1446 1912 1494 1956 et
1525 1911 1659 1956 extra
1681 1913 1870 1972 portam
1897 1911 1954 1956 D.
2011 1965 2018 1971 .

179 1992 403 2041 Nicolaus
433 1991 677 2056 predictus
712 1991 1005 2055 presentavit
1041 1991 1131 2039 sibi
1160 1992 1373 2039 litteram
1398 1991 1550 2055 ⁴quam
1583 1991 1664 2039 ille
1703 2007 1802 2039 non
1821 1991 1955 2055 legit,

179 2076 263 2124 sed
279 2075 472 2124 intravit
492 2075 673 2124 Urbem
697 2076 822 2123 letus
844 2080 891 2123 et
912 2076 1130 2139 gaudens
1154 2075 1202 2123 in
1228 2075 1425 2123 domum
1452 2091 1605 2124 suam.
1634 2076 1819 2124 Eodem
1848 2091 1958 2123 sero

179 2160 291 2208 faeti
315 2163 423 2208 sunt
441 2160 578 2224 ignes
594 2159 643 2207 in
657 2159 834 2223 palatio
857 2163 903 2207 et
918 2159 1152 2223 Capitolio
1167 2164 1213 2209 et
1229 2160 1448 2224 pluribus
1466 2160 1570 2207 aliis
1585 2159 1706 2208 locis
1722 2162 1771 2208 et
1784 2159 1960 2207 clama-

176 2250 278 2292 tum
304 2260 457 2308 super·
479 2243 753 2292 Rotundam
776 2260 785 2290 ε
817 2243 1086 2290 Columna!
1115 2243 1352 2290 Columna
1373 2246 1388 2290 !
1413 2243 1651 2306 Equitavit
1672 2243 1732 2291 de
1757 2258 1958 2306 congre-

175 2328 368 2391 gatione
413 2328 473 2375 ad
511 2327 743 2391 palatium
781 2342 892 2375 cum
929 2327 1139 2390 quinque
1179 2326 1502 2375 cardinalibus
1542 2326 1784 2391 palatinis.
1835 2327 1953 2374 Cum

175 2427 392 2460 essemus
418 2411 466 2458 in
487 2415 632 2474 ponte
659 2427 697 2458 s.
723 2410 912 2474 Angeb,
943 2410 1037 2458 due
1069 2414 1249 2459 carette
1275 2410 1557 2458 barillorum
1578 2409 1786 2474 pulveris
1807 2410 1956 2458 duce-

174 2495 350 2542 bantur
373 2494 432 2541 de
454 2494 631 2557 palatio
657 2494 716 2541 ad
738 2498 946 2542 castrum
971 2510 1010 2541 s.
1031 2494 1204 2557 Angeli
1229 2498 1274 2542 et
1296 2510 1385 2558 per
1409 2498 1518 2542 octo
1553 2494 1626 2541 vel
1654 2493 1825 2542 decem
1859 2493 1957 2541 fac-

173 2578 342 2625 chinos
364 2577 511 2625 etiam
541 2577 859 2641 portabantur
879 2577 1052 2624 barilia
1076 2576 1138 2641 (2)
1170 2577 1379 2640 pulveris
1405 2578 1619 2625 ad-idem
1645 2580 1881 2635 castrum;
1910 2583 1955 2625 et

172 2661 302 2724 quod
328 2646 500 2724 gentes
523 2660 660 2707 ducis
673 2659 919 2709 Valentini
942 2659 1322 2722 insequebantur
1347 2664 1625 2723 portatores
1649 2664 1695 2708 et
1721 2663 1953 2708 carrettas

173 2748 219 2792 et
251 2743 507 2792 voluerunt
545 2743 768 2807 pulveres
805 2758 981 2806 capere
1014 2758 1075 2790 ne
1112 2743 1349 2791 intrarent
1384 2747 1594 2791 castrum
1621 2747 1666 2790 et
1690 2749 1952 2807 rapuerunt

171 2835 334 2886 unam,
359 2826 500 2874 aliam
522 2842 619 2874 non
646 2829 908 2890 potuerunt
927 2825 1039 2889 quia
1059 2826 1318 2890 spingarde
1335 2825 1530 2873 fuerunt
1545 2829 1695 2874 tracte
1711 2826 1769 2874 de
1788 2831 1948 2875 castro

169 2914 337 2958 contra
365 2915 533 2974 gentes
563 2910 698 2957 ducis
718 2908 1142 2976 que[aufugerunt.
1172 2912 1274 2958 Hoc
1301 2910 1482 2957 factum
1510 2924 1608 2958 non
1632 2909 1720 2958 fuit
1750 2910 1810 2958 ad
1835 2925 1948 2973 pro-

166 2994 375 3058 positum
400 2995 682 3042 concordie.

231 3078 315 3125 Die
340 3078 591 3137 mercurii,
623 3081 681 3125 23
707 3078 914 3140 augusti,
950 3078 1039 3126 fuit
1062 3078 1232 3141 quinta
1257 3078 1574 3141 congregatio
1596 3078 1645 3126 in
1671 3079 1817 3126 domo
1841 3094 1946 3126 car-

164 3160 336 3207 dinalis
362 3161 663 3224 Neapolitani
694 3178 703 3209 :
726 3162 775 3208 in
796 3161 938 3209 tertia
955 3177 1152 3210 camera
1173 3177 1260 3209 sua
1280 3162 1437 3226 posita
1462 3161 1659 3210 fuerunt
1682 3178 1878 3210 scamna
1898 3162 1944 3209 in

164 3244 399 3305 quadrum
425 3248 472 3292 et
499 3244 676 3308 tapetia
699 3249 944 3308 cooperta.
970 3247 1022 3293 In
1052 3246 1205 3293 tribus
1227 3245 1459 3293 sederunt
1486 3245 1702 3309 espicopi
1737 3251 1784 3293 et
1811 3261 1947 3309 pres-

165 3326 334 3390 byteri,
358 3326 404 3373 in
429 3332 599 3390 quarto
621 3328 811 3377 diaconi
833 3345 1041 3391 quorum
1056 3330 1218 3393 capita
1237 3346 1322 3377 seu
1343 3329 1532 3392 priores
1560 3329 1789 3377 sederunt
1810 3330 1946 3391 juxta

207 3451 240 3486 1.
269 3464 287 3482 «
310 3450 406 3498 quod
425 3450 626 3487 disceretur
640 3456 780 3489 secreto
798 3467 831 3498 »‚
855 3452 975 3500 Chigi,
998 3452 1038 3490 L.
1062 3453 1090 3498 I,
1111 3453 1171 3495 14,
1198 3452 1222 3489 f.
1248 3453 1305 3489 11.

203 3511 238 3546 2.
267 3508 335 3545 Les
356 3509 452 3545 deux
473 3509 604 3546 formes
625 3511 777 3546 barinus
797 3515 833 3547 et.
851 3512 965 3547 barile
983 3515 1067 3547 sont
1086 3510 1295 3558 employees
1313 3510 1405 3546 dans
1425 3515 1508 3547 tous
1531 3510 1583 3546 les
1607 3522 1698 3548 mss.
