2228 3938
325 365 392 402 194·
929 364 1112 402 JOHANN
1117 364 1160 401 IS
1193 362 1488 408 BURCHARDI,
1826 364 1983 403 [Fevrier
2004 367 2097 406 1502]

321 467 485 531 viginti
512 482 686 514 novem
717 466 1010 530 equitarunt,
1040 482 1152 516 cum
1179 466 1352 530 quibus
1375 464 1506 513 venit
1537 464 1863 523 Plumbinum,
1883 466 2007 530 Jovis
2034 471 2096 528 24

321 548 569 607 februarii,
605 548 733 595 circa
764 547 939 596 horam
971 565 1297 613 vesperarum,
1334 552 1381 595 et
1410 562 1584 611 parum
1617 550 1727 594 ante
1761 562 1890 605 eum,
1930 550 2098 598 Rmus.

321 634 377 679 D.
418 631 676 679 cardinalis
705 631 994 680 Cusentinus
1030 648 1141 680 cum
1175 631 1356 680 familia
1386 646 1486 688 sua,
1529 629 1750 693 personis
1780 630 1977 679 circiter
2010 632 2098 680 tri-

321 714 469 778 ginta.
991 762 993 764 ,

384 797 566 846 Eadem
591 797 668 845 die
692 797 949 857 dominica,
981 802 1088 862 post
1114 799 1284 847 horam
1310 812 1642 861 vesperarum,
1672 798 1801 860 Papa
1824 800 1872 845 et
1899 813 2010 846 cum
2037 814 2096 849 eo

319 881 530 944 quinque
565 881 853 939 cardinaleS‚
895 882 1121 930 videlicet
1157 899 1194 930 3.
1232 881 1478 940 Praxedis,
1520 880 1738 938 UrsinUS,
1780 897 1817 928 s.
1856 882 2090 941 Severini,

316 963 546 1023 Estensis,
572 967 620 1012 et
652 965 831 1028 Borgia
856 964 1152 1013 intraverunt
1173 980 1318 1012 unam
1343 964 1550 1027 galeam,
1583 963 1858 1026 perventuri
1887 964 2095 1014 Plumbi-

317 1060 450 1106 num,
477 1063 572 1110 quo
596 1053 827 1096 venerunt
847 1048 960 1096 lune
982 1052 1036 1096 21
1069 1048 1316 1107 februarii,
1339 1048 1469 1096 circa
1490 1046 1777 1095 meridiem:
1806 1062 1918 1096 cum
1944 1050 2088 1113 Papa,

317 1128 366 1178 in
392 1130 550 1193 galea,
575 1130 774 1179 suerunt
797 1135 990 1179 centum
1011 1132 1084 1179 vel
1107 1132 1255 1179 circa.

381 1215 520 1262 Feria
543 1217 693 1273 sexta,
720 1218 778 1262 25
800 1214 1027 1263 februarii
1050 1214 1270 1278 predicti,
1296 1212 1378 1261 SS.
1411 1216 1466 1262 D.
1498 1216 1664 1261 noster
1686 1229 1797 1261 cum
1825 1229 1908 1262 sex
1934 1214 2095 1264 cardi-

315 1296 504 1344 nalibus
539 1297 830 1361 supradictis
862 1301 910 1345 et
943 1299 1082 1356 duce,
1121 1298 1312 1346 intravit
1345 1297 1549 1362 galeam,
1593 1300 1641 1345 et
1676 1296 2002 1346 transfretavit
2033 1297 2094 1347 ad

314 1378 521 1428 insulam
548 1380 663 1428 Elhe
691 1380 771 1428 ubi
797 1381 973 1428 mansit
994 1396 1146 1444 usque
1171 1381 1231 1429 ad
1257 1380 1529 1440 sabbatum,
1559 1383 1618 1428 26
1645 1380 1887 1439 februarii,
1919 1397 2014 1445 quo
2044 1382 2094 1430 in

315 1475 427 1511 sero
448 1462 589 1510 rediit
612 1463 940 1511 Plumbinum.

383 1545 652 1603 Dominica,
693 1548 751 1592 27
791 1546 996 1608 predicti
1031 1547 1491 1610 mensis-paratum
1531 1546 1621 1596 fuit
1659 1547 1811 1596 altare
1849 1548 2004 1611 majus
2041 1547 2091 1595 in

313 1628 520 1678 ecclesia
556 1631 819 1676 conventus
844 1645 882 1675 3.
911 1629 1186 1692 Augustini,
1221 1644 1332 1677 cum
1362 1633 1570 1692 quatuor
1602 1630 1832 1693 apostolis
1864 1633 1912 1677 et
1943 1645 2086 1678 cruce

313 1712 528 1776 pretiosa
553 1711 634 1758 ubi
662 1714 827 1759 Rmus.
856 1714 911 1759 D.
944 1711 1200 1760 cardinalis
1232 1712 1538 1772 Cusentinus,
1568 1717 1762 1776 paratus
1790 1712 2088 1776 paramentis

309 1795 535 1844 violaceis
583 1795 829 1860 pretiosis,
879 1795 1265 1844 ministrantibus
1313 1796 1403 1844 sibi
1449 1795 1652 1844 diacono
1700 1799 1748 1844 et
1791 1795 2088 1844 subdiacono

311 1879 494 1942 capelle
524 1883 707 1936 nostre,
738 1894 874 1926 more
903 1879 1040 1926 solito
1063 1879 1322 1928 celebravit
1351 1879 1568 1938 missam,
1593 1879 1669 1926 cui
1699 1881 1782 1927 SS.
1814 1882 1871 1927 D.
1901 1883 2089 1939 noster„

312 1966 507 2027 paratus
529 1962 825 2026 paramentis
846 1962 1091 2010 consuetis
1112 1967 1160 2011 et
1183 1963 1379 2026 pluviali
1413 1968 1459 2010 et
1490 1963 1635 2011 mitra
1665 1962 1907 2026 pretiosis,
1939 1962 2090 2011 inter-

313 2045 402 2092 fuit
427 2060 538 2092 cum
560 2045 771 2108 quinque
795 2044 898 2092 aliis
921 2045 1244 2093 cardinalibus
1271 2045 1556 2110 supradictis
1581 2060 1790 2109 quorum
1814 2047 1934 2104 tres,
1960 2044 2090 2093 vide-

310 2127 424 2176 licet
453 2144 491 2175 S.
527 2128 741 2176 Severini
770 2144 797 2175 a
830 2128 1011 2175 dextris
1041 2135 1087 2176 01
1117 2129 1330 2176 Ε3101ι313
1367 2145 1395 2177 0
1429 2128 1635 2176 sinistris
1669 2143 1726 2176 ac
1760 2143 1798 2175 s.
1837 2127 2085 2187 Praxedis,

311 2215 537 2274 tanquam
563 2211 835 2276 presbyteri
866 2212 1137 2260 cardinales
1168 2213 1427 2260 astiterunt
1450 2211 1569 2271 sibi;
1607 2210 1686 2258 alii
1719 2211 1832 2270 duo,
1865 2210 2088 2259 videlicet

313 2295 531 2354 Ursinus,
561 2295 737 2358 Borgia
763 2299 810 2343 et
834 2295 929 2343 dux
953 2295 1180 2343 sederunt
1200 2295 1249 2343 in
1271 2295 1428 2343 banco
1451 2295 1691 2343 ordinato.
1726 2286 1904 2343 Omnes
1935 2295 2088 2342 cardi-

312 2377 446 2426 nales
468 2377 793 2426 interfuerunt
813 2378 862 2425 in
884 2378 983 2425 suis
1006 2379 1171 2442 cappis
1193 2394 1202 2425 :
1225 2379 1273 2426 in
1296 2395 1389 2442 qua
1409 2379 1574 2437 missa,
1598 2380 1742 2441 prout
1766 2377 1925 2426 socius
1949 2393 2087 2425 meus

316 2461 435 2509 mihi
453 2461 636 2520 retulit,
663 2461 828 2509 omnia
848 2461 1044 2509 fuerunt
1072 2477 1210 2509 more
1232 2461 1388 2510 solito.

379 2547 530 2593 Rome
552 2549 731 2604 autem,
764 2545 934 2593 eadem
960 2545 1219 2604 dominica,
1250 2547 1306 2593 R.
1341 2548 1393 2593 P.
1425 2548 1482 2593 D.
1514 2542 1864 2604 FerdinanduS,
1900 2544 2089 2609 episco-

313 2641 402 2693 pus
424 2628 843 2692 Balneoregiensis
871 2644 957 2692 pro
986 2631 1042 2676 R.
1079 2631 1134 2676 D.
1169 2628 1377 2677 Henrico
1406 2631 1588 2689 Bruno,
1613 2628 1978 2692 archiepiscopo
1999 2630 2089 2676 Ta-

315 2712 505 2760 rentino
527 2712 800 2772 assistente,
826 2711 1085 2760 celebravit
1105 2711 1302 2760 missam
1323 2713 1585 2776 publicam,
1616 2712 1666 2760 in
1688 2712 1874 2777 capella
1899 2712 2086 2776 majore

313 2795 477 2859 palatii
503 2812 512 2843 ε
533 2811 809 2844 sermonem
831 2795 946 2843 fecit
961 2799 1246 2859 procurator
1266 2795 1448 2844 ordinis
1468 2796 1817 2844 heremitarum
1839 2811 1877 2842 3.
1901 2796 2087 2857 Augus-

314 2878 419 2936 tini,
444 2878 639 2926 brevem
661 2883 710 2926 et
737 2878 937 2925 bonum.
972 2878 1299 2926 Interfuerunt
1328 2877 1604 2940 quindecim
1634 2877 1918 2936 cardinales,
1953 2875 2084 2924 vide-

314 2960 463 3009 licet:
499 2961 862 3024 Neapolitanus,
889 2960 1251 3018 Recanatensis,
1283 2962 1670 3019 Beneventanus,
1710 2958 2078 3017 Alexandrinus,

312 3059 350 3090 s⁴
392 3043 581 3101 Crucis,
631 3042 1000 3106 Agrigentinus,
1045 3042 1329 3102 Grimanus,
1369 3043 1678 3102 Arborensis,
1726 3042 2080 3101 Salernitanas,

311 3125 706 3189 caputaquensis,
731 3127 1002 3189 CapuanuS,
1028 3125 1331 3181 Mutinensis,
1358 3126 1603 3185 Senensis,
1629 3125 1840 3174 Medices
1871 3130 1918 3174 et
1938 3128 2083 3174 Cesa-

310 3209 460 3257 rinus⁶
500 3209 647 3257 Missa
686 3213 733 3258 et
772 3224 931 3257 sermo
965 3209 1243 3274 hujusmodi
1286 3211 1483 3259 fuerunt
1514 3210 1733 3259 intimata
1762 3208 1822 3259 de
1853 3209 2080 3258 mandato

310 3294 455 3356 Pape,
481 3296 624 3356 prout
645 3293 882 3356 superius,

371 3377 513 3426 Feria
545 3377 773 3436 secunda,
805 3377 974 3425 ultima
997 3377 1176 3425 mensis
1206 3376 1455 3436 februarii,
1494 3377 1576 3442 SS.
1610 3378 1666 3425 D.
1705 3380 1871 3425 noster
1894 3375 2080 3446 remisit

307 3461 534 3509 familiam
571 3476 707 3510 suam
747 3463 795 3510 01
824 3460 1120 3524 equitaturas
1154 3476 1357 3511 numero
1385 3466 1579 3511 0011111111
1606 3460 1680 3509 vel
1717 3460 1865 3521 circa,
1904 3459 2078 3524 quibus
