2228 3938
151 405 401 446 [Juillet1502]
592 402 762 440 RERUM
794 399 1096 439 URBANARUM
1128 399 1482 436 COMMENTARII.
1867 398 1939 434 219

154 528 175 552 (ι
202 507 293 555 nisi
315 506 449 554 mille
474 505 674 553 ducatos
701 503 1011 568 persolveris,
1043 518 1249 566 regnum
1274 501 1362 550 Dei
1390 516 1485 549 non
1510 501 1736 549 intrabis.
1767 520 1789 544 »
1818 504 1937 549 Res-

150 590 318 655 pondit
350 589 670 638 Mutinensis:
706 608 728 632 «
765 589 870 636 Non
900 587 1058 634 habeo
1093 586 1222 634 unde
1258 586 1455 634 solvam.
1492 605 1513 629 »
1549 585 1680 633 Dixit
1714 587 1888 633 Petrus
1920 602 1932 633 ι

154 696 176 718 «
205 677 300 722 Des
322 674 638 739 quingentos;
671 693 694 717 »
717 671 972 736 respondit
1000 670 1287 718 Mutinensis
1314 685 1323 717 :
1355 690 1378 713 «
1407 671 1506 717 Nec
1531 668 1664 717 mille
1686 684 1777 716 nec
1798 667 1939 732 quin-

152 764 323 822 gentos
355 755 531 806 habeo.
573 756 782 805 Discessi
811 755 871 803 ab
903 754 984 802 illa
1015 754 1112 802 vita
1138 770 1340 818 pauper,
1375 753 1602 801 omnibus
1636 751 1777 800 bonis
1814 751 1937 800 meis

151 825 381 906 spoliatus
411 857 420 889 :
450 840 704 899 beneficia,
736 839 985 904 pecuniaS,
1018 853 1129 886 vasa
1153 853 1306 885 aurea
1336 841 1384 885 et
1416 839 1651 901 argentea
1677 852 1733 884 ac
1767 851 1937 884 omnes

151 911 345 973 divitias*
363 940 499 974 meas
523 924 705 988 recepit
738 925 883 986 Papa.
915 922 1082 971 Nudus
1115 922 1244 981 veni,
1269 923 1467 985 propter
1498 922 1674 978 Deum,
1706 920 1939 968 miserere

149 1008 287 1057 mihi.
317 1028 338 1052 »
366 1011 534 1057 Petrus
556 1007 796 1072 gradatim
821 1006 1072 1054 descendit
1094 1005 1154 1054 de
1177 1005 1462 1069 quingentis
1490 1003 1676 1052 ducatis
1698 1018 1852 1066 usque
1875 1002 1936 1050 ad

147 1107 297 1139 unum
317 1092 548 1139 ducatum
575 1106 720 1154 quem
745 1104 837 1154 pro
861 1089 1067 1137 introitu
1093 1089 1155 1136 ab
1183 1103 1240 1136 eo
1263 1088 1487 1151 recipere
1514 1087 1722 1135 volebat.
1750 1087 1806 1133 Et
1826 1100 1935 1133 cum

148 1174 432 1222 Mutinensis
462 1174 692 1222 continuo
721 1177 1061 1237 paupertatem
1088 1172 1340 1236 allegaret,
1373 1170 1492 1219 dixit
1523 1170 1568 1219 ei
1597 1172 1770 1218 Petrus
1795 1185 1805 1217 ε
1837 1190 1859 1214 «
1888 1170 1936 1218 Si

149 1273 247 1306 non
273 1258 426 1307 habes
456 1258 643 1307 solvere
666 1272 814 1305 unum
849 1256 1096 1315 ducatum,
1126 1256 1248 1304 vade
1276 1256 1334 1303 ad
1366 1254 1614 1303 diabolum
1642 1256 1691 1302 et
1721 1269 1833 1302 cum
1854 1252 1935 1302 illo

149 1340 213 1388 sis
252 1356 438 1405 pauper
471 1341 520 1388 in
553 1344 796 1389 eternum.
841 1360 863 1383 »
902 1339 1185 1388 Colludebat
1218 1339 1379 1387 Gallus
1414 1338 1462 1386 in
1500 1338 1649 1386 vitam
1684 1342 1732 1385 et
1766 1351 1931 1386 mores

146 1423 432 1472 Mutinensis
465 1424 543 1487 qui
581 1423 810 1487 pecunias
850 1439 879 1471 a
918 1423 1215 1487 pauperibus
1252 1421 1520 1470 crudeliter
1563 1421 1792 1480 extorsit3
1832 1435 1931 1468 non

151 1507 380 1556 misertus
402 1511 472 1556 est
490 1507 696 1573 alicujus
710 1507 795 1555 sed
811 1518 1052 1571 pauperes
1067 1506 1129 1555 ad
1142 1506 1390 1554 diabolum
1406 1505 1631 1554 mittebat
1647 1519 1858 1568 semper,
1879 1507 1931 1552 ut

150 1595 389 1655 perpetua
409 1606 519 1639 cum
543 1606 601 1639 eo
634 1594 924 1654 paupertate
951 1590 1253 1648 fruerentur3
1277 1594 1535 1653 propterea
1555 1604 1667 1636 eum
1699 1588 1748 1636 in
1767 1587 1931 1652 ignem

149 1674 372 1738 gehenne
411 1674 694 1725 eternaliter
735 1673 1125 1722 substituendum
1162 1675 1332 1721 Petrus
1375 1672 1568 1721 dixerit.
1593 1671 1750 1722 ‚Venit
1785 1671 1932 1736 igitur

149 1757 435 1806 Mutinensis
461 1758 522 1806 ad
551 1757 814 1818 infernum,
842 1758 903 1807 ad
925 1757 1105 1806 ostium
1131 1756 1345 1822 pulsans.
1375 1756 1610 1804 Ostiarius
1637 1755 1745 1819 quis
1772 1755 1931 1819 pulsat

148 1840 435 1905 interrogat.
480 1842 748 1905 Respondit
791 1841 872 1889 ille
918 1856 969 1890 se
1010 1857 1116 1890 esse
1160 1840 1504 1889 Mutinensem.
1548 1839 1786 1887 Ostiarius
1826 1838 1932 1903 pari

145 1924 291 1973 modo
326 1928 576 1973 mercatur
605 1925 665 1973 de
700 1925 881 1988 preti03
913 1930 962 1973 et
995 1940 1106 1974 cum
1126 1923 1413 1972 Mutinensis
1445 1939 1544 1971 non
1572 1922 1715 1971 vellet
1747 1921 1932 1985 aliquid

143 2007 434 2071 persolvere,
473 2007 699 2056 ostiarius
728 2023 840 2056 eum
872 2007 1067 2072 repulit,
1101 2010 1150 2056 et
1182 2007 1347 2056 locum
1379 2006 1422 2055 ei
1454 2006 1514 2055 ad
1544 2010 1738 2070 partem
1769 2004 1931 2055 consi-

144 2091 320 2155 gnavit,
345 2091 394 2138 in
418 2075 512 2154 qub
535 2094 773 2155 perpetuo
796 2091 1033 2156 supplicio
1059 2091 1378 2140 cruciaretur.

209 2174 361 2222 Doleo
396 2191 455 2222 ex
488 2174 649 2224 animo
680 2175 810 2223 hunc
845 2190 964 2239 erga
997 2190 1239 2240 pauperes
1275 2175 1423 2222 fuisse
1461 2177 1561 2222 tam
1595 2172 1844 2222 crudelem
1884 2176 1932 2221 et

144 2258 310 2307 salutis
334 2275 418 2307 sue
440 2259 782 2308 immemorem
798 2259 880 2324 qui
896 2259 1027 2309 omni
1048 2259 1359 2318 liberalitate,
1382 2258 1682 2322 benignitate
1704 2261 1751 2306 et
1773 2257 1926 2321 gratia

144 2357 258 2405 erga
285 2357 363 2390 me
401 2358 516 2390 usus
545 2343 714 2407 est(1).
750 2343 1065 2407 Omnipotens
1090 2345 1219 2392 Deus
1249 2343 1478 2406 dignetur
1499 2341 1734 2389 miserere
1762 2339 1924 2388 anime

143 2440 247 2473 sue.
277 2426 513 2474 Dicebant
541 2425 670 2474 hunc
698 2426 938 2475 dimisisse
964 2427 1014 2474 in
1040 2426 1246 2491 pecunia
1271 2431 1525 2474 numerata
1549 2424 1746 2488 triginta
1776 2423 1927 2473 millia

144 2509 432 2557 ducatorum
453 2508 714 2572 duplicium
736 2514 784 2558 et
802 2510 971 2558 decem
992 2510 1144 2558 millia
1157 2510 1206 2558 in
1221 2509 1325 2558 aliis
1346 2509 1556 2558 monetis
1574 2511 1624 2556 et
1640 2523 1755 2556 vasa
1774 2523 1925 2556 aurea

144 2598 188 2640 et
214 2595 450 2657 argentea
473 2593 649 2640 valoris
673 2594 845 2641 decem
869 2594 1020 2642 millia
1041 2594 1332 2642 ducatorum
1359 2596 1529 2657 preter
1552 2607 1739 2656 pannos
1762 2595 1809 2640 et
1829 2591 1925 2639 alia

143 2676 270 2724 bona
299 2692 308 2724 :
334 2676 394 2724 de
417 2679 487 2724 tot
512 2676 699 2724 ducatis
719 2676 909 2725 videtur
936 2676 1053 2724 mihi
1075 2676 1394 2740 impossibile.

206 2759 388 2807 Eadem
422 2758 517 2818 die,
548 2763 610 2808 20
628 2760 752 2824 julii,
791 2760 840 2808 in
881 2761 1034 2810 Civita
1058 2758 1307 2825 Ducali(2)
1343 2758 1462 2808 obiit
1496 2759 1695 2808 Carolus
1718 2757 1923 2807 Ursinus

142 2846 301 2892 morte
327 2843 604 2907 repentina.

192 3001 224 3035 1.
256 2998 308 3034 La
330 2997 498 3035 eonduite
519 2998 550 3034 si
569 3010 640 3047 peu
664 2999 903 3047 evangelique
940 3000 990 3036 du
1013 2999 1173 3036 cardinal
1194 3000 1239 3037 de
1265 3000 1420 3037 Modene
1439 3010 1568 3036 envers
1586 2998 1638 3035 les
1658 3008 1814 3046 pauvres
1834 2997 1923 3035 etait.

141 3057 394 3106 parl'aitement
423 3063 580 3095 correcte
600 3070 647 3095 au
678 3058 782 3108 point
803 3059 848 3096 de
867 3071 938 3096 vue
963 3060 1008 3096 de
1028 3059 1063 3096 la
1079 3060 1199 3097 Curie.
1229 3060 1285 3096 On
1306 3059 1346 3096 lit
1365 3071 1409 3096 en
1438 3059 1522 3096 effet
1542 3059 1633 3096 dans
1649 3058 1703 3095 les
1725 3060 1820 3095 Taaee
1840 3069 1924 3094 can-

138 3119 283 3154 cellarie
302 3119 497 3164 apostolice
518 3122 552 3154 et
571 3123 653 3155 taxe
684 3129 785 3155 sacre
804 3121 1065 3166 penitentiarie
1085 3121 1214 3157 itidem
1234 3121 1440 3166 apostolice,
1461 3119 1520 3156 fol.
1542 3120 1589 3156 23
1610 3118 1714 3166 (edit.
1739 3118 1783 3154 de
1801 3117 1919 3162 Paris,

144 3177 265 3224 1520),
299 3181 392 3214 cette
411 3176 622 3226 incroyable
649 3178 880 3215 observation
900 3190 948 3215 au
975 3180 1071 3228 quet
1089 3180 1154 3216 des
1181 3182 1309 3227 graces
1332 3179 1595 3227 expectatives‚
1626 3180 1692 3215 des
1729 3178 1923 3226 dispenses

142 3235 439 3283 matrimoniales,
460 3240 557 3275 etc.:
588 3251 608 3271 «
626 3237 723 3275 Nota
753 3236 950 3286 diligenter
970 3239 1067 3287 quod
1093 3238 1304 3287 hujusmodi
1332 3239 1449 3288 gratie
1475 3243 1511 3275 et
1538 3237 1832 3287 dispensationes
1851 3248 1924 3273 non

143 3294 391 3332 conceduntur
409 3295 646 3344 pauperibus,
668 3296 755 3345 quia
773 3308 848 3335 non
863 3302 952 3336 sunt
967 3297 1019 3344 ei3
1039 3298 1120 3335 ideo
1142 3309 1215 3335 non
1235 3302 1394 3346 possunt
1412 3297 1603 3336 consolari.
1626 3312 1645 3330 »

189 3355 224 3391 2.
245 3353 342 3391 Telle
361 3359 418 3393 est
431 3355 466 3392 la
483 3355 586 3402 lecon
603 3357 668 3394 des
687 3369 795 3403 mss„
811 3361 849 3395 et
867 3358 962 3395 ainsi
975 3347 1115 3396 doit-on
1131 3357 1210 3404 lire,
1230 3358 1315 3395 bien
1330 3358 1417 3407 qu’il
1432 3357 1558 3406 puisse
1573 3358 1728 3405 paraitre
1746 3355 1925 3404 singulier

144 3425 214 3462 que
235 3413 387 3450 l'auteur
409 3426 448 3451 se
468 3415 540 3452 soit
559 3417 654 3453 servi
674 3417 762 3453 d'un
788 3422 863 3454 mot
881 3417 1004 3454 italien
1024 3421 1060 3455 et
1086 3417 1177 3456 latin
1203 3429 1297 3466 pour
1312 3417 1473 3456 traduire
1492 3418 1526 3453 le
1548 3428 1633 3453 nom
1653 3416 1698 3452 de
1718 3415 1753 3452 la
1770 3414 1853 3452 ville
1879 3415 1923 3452 de

141 3472 424 3510 Civita-Ducale.
444 3474 606 3522 Lorsque
624 3475 725 3512 Jules
746 3477 793 3522 11,
815 3488 861 3513 au
895 3477 986 3514 mois
1009 3477 1055 3514 de
1080 3477 1272 3514 decembre
1299 3478 1407 3522 1508,
1428 3477 1520 3524 p'osa
1539 3475 1573 3512 la
1603 3474 1782 3523 premiere
1802 3475 1921 3524 pierre

141 3531 241 3570 dela
256 3531 422 3570 citadelle
447 3533 493 3570 de
521 3532 826 3581 civita-vecchia,
853 3536 887 3573 la
918 3536 1086 3573 medaille
1113 3537 1175 3585 qui
1198 3536 1254 3574 fut
1285 3537 1408 3584 placee
1440 3536 1534 3572 dans
1554 3534 1607 3572 les
1624 3534 1856 3573 fondements
1876 3535 1921 3573 de
