2222 3932
310 353 380 389 330
916 356 1148 393 ,IOHANNIS
1186 357 1482 403 BURCHARDI,
1809 365 1971 406 [Janvier
1991 367 2084 406 1504]

311 458 440 520 Pape
464 458 545 520 qui
570 459 826 522 respondit
849 460 978 522 quod
1003 460 1240 509 haberem
1271 460 1554 524 patientiam
1585 477 1675 525 pro
1705 463 1797 511 hac
1825 464 1944 514 vice.
1986 467 2085 514 Fis-

310 541 491 588 tulator
521 544 568 589 et
600 542 903 590 tamburinus
927 543 1118 591 iverunt
1141 547 1252 592 ante
1278 544 1464 608 pedites
1498 547 1546 592 et
1581 546 1835 594 trombetti
1861 548 2086 597 similiter

310 623 588 685 equitarunt
626 629 739 673 ante
777 641 863 673 eos
900 625 949 673 in
982 627 1204 674 omnibus
1240 627 1412 690 plateis
1447 632 1706 677 sonantes:
1745 632 1855 693 post
1886 633 2083 695 Papam,

308 705 586 768 equitarunt
613 707 707 755 duo
734 708 910 757 secreti
944 709 1113 772 prelati
1137 710 1419 758 cubicularii
1448 714 1494 758 et
1527 715 1637 773 post
1664 711 1772 759 illos
1798 714 2087 763 secretarius

307 804 335 835 a
369 789 570 850 dextris,
612 791 831 840 medicus
869 808 896 840 a
934 792 1170 852 sinistris3
1211 794 1388 842 deinde
1428 793 1668 857 episcopi,
1719 796 1994 861 presbyteri
2038 801 2087 846 et

306 871 498 920 diaconi
533 874 821 935 cardinales,
867 875 1064 938 prelati,
1100 879 1214 924 tunc
1247 876 1343 935 alii,
1384 891 1522 924 more
1566 876 1705 925 solito
1745 882 1883 927 recta
1916 879 1989 927 via
2025 881 2084 928 ad

307 957 543 1020 Campum
567 957 725 1017 Flore,
752 959 950 1006 domum
979 960 1040 1007 de
1069 959 1304 1018 Maximis,
1337 976 1375 1007 s.
1403 963 1622 1008 Marcum
1643 964 1691 1009 et
1715 960 1859 1008 aliam
1884 977 2084 1010 consue-

307 1041 407 1086 tam
432 1041 493 1087 ad
515 1056 554 1087 s.
582 1042 790 1089 Mariam
815 1043 1084 1106 majorem:
1110 1042 1174 1089 ibi
1196 1042 1448 1091 descendit
1469 1044 1529 1091 ad
1551 1045 1727 1107 gradus
1752 1049 1799 1092 et
1825 1045 2081 1093 cardinalis

305 1123 560 1171 Cesarinus
581 1125 797 1188 porrexit
824 1125 867 1172 ei
890 1141 1087 1172 crucem
1106 1125 1434 1184 osculandam,
1461 1126 1634 1174 deinde
1658 1143 1835 1190 aquam
1861 1132 2081 1176 sanctam

306 1209 353 1252 et
377 1208 507 1270 Papa
531 1208 736 1271 aspersit
759 1224 827 1268 se,
853 1209 1027 1256 deinde
1053 1209 1189 1256 alios.
1215 1208 1558 1257 Faldistorium
1579 1210 1666 1258 fuit
1687 1215 1911 1273 paratum
1933 1227 2082 1275 supra

307 1289 486 1351 gradus
510 1291 798 1356 presbyterii
823 1291 872 1338 in
894 1292 1116 1355 opposito
1142 1292 1305 1340 altaris
1326 1292 1526 1356 majoris
1549 1297 1659 1341 ante
1682 1294 1812 1356 quod
1838 1293 1927 1341 fuit
1947 1310 2085 1358 para-

304 1376 352 1420 ta
378 1388 547 1421 mensa
572 1389 662 1437 pro
697 1374 835 1422 altari
873 1390 1018 1439 super
1053 1375 1184 1438 quod
1214 1377 1270 1423 D.
1313 1375 1594 1423 Dominicus
1631 1376 1920 1439 Capellanus
1961 1376 2086 1425 cele-

306 1454 461 1502 bravit
481 1456 678 1503 missam
700 1457 889 1504 bassam
912 1476 921 1515 3
955 1473 1049 1520 qua
1073 1457 1228 1516 finita,
1257 1460 1386 1521 Papa
1411 1474 1509 1505 non
1534 1458 1667 1506 dedit.
1694 1458 2084 1508 benedictionem

308 1552 398 1600 per
430 1536 833 1587 inadvertentiam
859 1555 1048 1587 meam:
1087 1540 1360 1603 depositum
1390 1540 1480 1587 fuit
1505 1540 1626 1588 illud
1651 1540 1803 1588 altare
1838 1541 1897 1589 de
1923 1541 2088 1590 tabula

310 1624 356 1668 et
384 1622 514 1683 Papa
535 1621 799 1684 genuflexit
829 1623 889 1670 ad
916 1623 1122 1685 gradum
1144 1622 1312 1670 altaris
1341 1627 1405 1682 et,
1436 1622 1564 1671 facta
1588 1623 1825 1682 oratione,
1855 1626 1913 1671 D.
1942 1626 2089 1672 Fran-

307 1703 481 1762 ciscus,
511 1704 614 1767 ejus
641 1705 986 1764 cubicularius,
1013 1706 1189 1753 obtulit
1210 1706 1411 1769 triginta
1435 1706 1646 1769 quinque
1673 1706 1874 1754 ducatos
1896 1707 1946 1754 in
1968 1723 2086 1756 auro

305 1802 482 1835 novos:
524 1788 607 1835 ivit
643 1789 873 1851 pedester
912 1789 972 1837 ad
1010 1794 1198 1852 portam
1237 1789 1442 1838 ecclesie
1486 1806 1524 1836 s.
1569 1789 1767 1837 Antonii
1810 1789 1910 1850 ubi,
1958 1790 2085 1838 facta

306 1870 527 1918 oratione
550 1874 659 1919 ante
684 1873 856 1931 altare,
884 1872 1134 1935 predictus
1156 1872 1479 1921 cubicularius
1498 1872 1670 1921 obtulit
1688 1872 1858 1920 decem
1884 1873 2084 1922 ducatos

304 1954 362 2000 de
385 1954 637 2016 predictis,
669 1958 716 2002 et
738 1971 1002 2003 conversus
1023 1955 1084 2003 ad
1103 1955 1354 2019 populum,
1387 1958 1518 2019 Papa
1543 1955 1731 2003 habens
1753 1959 1865 2004 ante
1889 1971 2083 2004 crucem

304 2052 455 2094 suam,
498 2037 689 2085 detecto
736 2038 911 2102 capite,
961 2038 1092 2086 dedit
1137 2038 1527 2087 benedictionem
1572 2039 1674 2086 sine
1712 2042 1873 2098 cantu,
1915 2039 2083 2088 dicens

304 2119 543 2175 submissa
562 2136 708 2169 voce:
739 2122 814 2169 Sit
843 2137 1010 2170 nomen
1042 2121 1241 2169 Domini
1273 2121 1590 2180 benedictzcm3
1620 2125 1667 2169 et
1697 2137 1795 2169 non
1825 2121 2083 2185 indulgen-

300 2202 437 2261 tiam,
476 2204 590 2266 quia
626 2205 855 2252 credebat
888 2205 1018 2268 prius
1050 2220 1157 2252 esse
1190 2205 1372 2253 datam.
1403 2204 1599 2252 Intravit
1628 2204 1806 2252 deinde
1844 2205 2079 2268 palatium

307 2302 346 2333 s.
375 2286 586 2346 Antonii,
614 2287 694 2335 ubi
716 2288 831 2336 fecit
854 2288 1140 2351 prandium;
1167 2290 1215 2335 et
1242 2288 1372 2335 circa
1401 2287 1573 2335 horam
1598 2287 1882 2351 vigesimam
1913 2303 2084 2335 secun-

304 2369 434 2428 dam,
474 2370 622 2419 rediit
655 2371 717 2419 ad
749 2371 983 2434 palatium
1017 2372 1192 2419 eodem
1235 2371 1406 2419 ordine
1445 2375 1493 2419 et
1525 2370 1694 2419 habitu
1731 2386 1819 2434 per
1853 2371 2076 2420 eamdem

304 2451 445 2499 viam.

371 2538 471 2583 Hoc
490 2551 650 2594 mane,
670 2538 817 2600 Papa,
843 2541 1104 2600 antequam
1126 2537 1278 2585 exiret
1300 2552 1543 2585 cameram
1570 2552 1723 2595 suam,
1751 2537 1936 2586 vocavit
1959 2538 2081 2585 duos

304 2619 660 2682 parafrenarios
704 2635 834 2678 suos,
883 2620 1144 2669 Antonium
1188 2621 1323 2669 Baldi
1362 2625 1408 2669 et
1441 2620 1716 2669 Johannem
1750 2621 1811 2669 de
1845 2621 2077 2678 Rocolen,

305 2702 478 2765 quibus
509 2702 639 2750 dedit
673 2707 768 2751 tres
796 2704 1012 2751 sacculos
1042 2707 1238 2752 monete
1269 2719 1380 2752 cum
1405 2704 1503 2751 suis
1538 2703 1686 2751 armis
1712 2703 1846 2751 novis
1871 2704 1931 2751 ad
1953 2719 2082 2751 sum-

303 2800 450 2844 mam,
487 2789 538 2833 ut
579 2786 753 2845 credo,
782 2791 978 2834 centum
1013 2787 1323 2846 ducatorum,
1356 2786 1648 2850 pauperibus
1671 2785 2072 2844 distribuendam,

301 2868 525 2916 videlicet
550 2868 863 2916 carlenorum
896 2885 1106 2933 quorum
1131 2871 1301 2918 decem
1329 2869 1569 2918 faciebant
1604 2884 1754 2916 unum
1779 2869 2004 2916 ducatum
2027 2867 2076 2915 in

301 2967 446 3009 auro;
485 2954 533 2998 et
556 2951 828 2999 mediorum
863 2952 1176 3000 carlenorum
1211 2957 1258 3001 et
1288 2953 1346 3000 de
1382 2953 1550 2999 decem
1583 2950 1817 3014 quatrinis
1856 2949 2076 2998 carlenos

301 3033 433 3081 dedit
467 3034 679 3081 Antonio
710 3038 762 3081 ut
793 3034 930 3082 daret
966 3036 1123 3083 solum
1153 3035 1246 3082 illis
1273 3034 1571 3099 pauperibus
1607 3032 1800 3080 Gallicis
1836 3031 1895 3080 de
1925 3048 2077 3096 regno

302 3117 535 3180 expulsis3
581 3117 705 3164 alter
738 3118 875 3165 daret
909 3118 1109 3181 singulis
1141 3118 1275 3165 aliis:
1314 3117 1461 3165 credo
1498 3116 1627 3179 quod
1658 3115 1725 3162 illi
1758 3115 2076 3178 parasrenarii

303 3199 427 3247 male
453 3199 867 3262 dispensaverunt.
897 3202 1051 3248 Strate
1076 3201 1271 3248 suerunt
1289 3200 1393 3247 heri
1413 3214 1581 3247 omnes
1599 3199 1827 3246 mundate
1850 3214 1937 3261 per
1957 3214 2077 3261 quas

301 3282 468 3330 habuit
501 3282 574 3330 ire
606 3285 762 3346 Papa:
792 3282 1122 3331 interfuerunt
1152 3282 1316 3346 viginti
1351 3298 1474 3329 unus
1504 3281 1791 3339 cardinales,
1820 3281 2070 3330 videlicet:

302 3382 340 3412 s.
376 3365 622 3424 Praxedis,
666 3366 939 3429 Regiensis,
986 3365 1320 3424 Bononiensis,
1368 3364 1717 3428 Legioniensis,
1761 3380 1799 3414 s.
1838 3363 2070 3422 Severini,

301 3448 612 3500 camerarius,
643 3449 946 3507 Cusentinus,
976 3448 1149 3496 Montis
1175 3448 1385 3511 Regalis,
1411 3447 1669 3505 Adrianus,
1694 3447 1944 3505 Ascanius,
1973 3446 2074 3493 Gri-
