2228 3938
157 326 490 369 [Novembre1502]
605 326 774 365 RERUM
807 325 1107 364 URBANARUM
1139 326 1493 364 COMMENTARII.
1867 330 1937 366 223

155 429 284 477 diam
296 429 607 478 commodum
624 432 671 478 et
685 430 939 479 utilitatem
955 428 1290 493 reportaverit.
1304 430 1462 478 Audio
1478 432 1674 494 Papam,
1688 433 1742 478 ut
1752 429 1939 495 predic-

156 516 259 561 tum
294 513 591 562 cardinalem
622 513 848 562 Ursinum
874 512 1062 561 facilius
1083 513 1372 572 attraheret,
1398 513 1676 562 confessum
1700 530 1805 562 esse
1836 511 1934 562 non

157 611 299 661 posse
337 596 440 645 sine
474 596 637 646 favore
682 596 967 645 Ursinorum
992 599 1144 645 Rome
1168 597 1244 645 vel
1262 597 1309 645 in
1335 597 1473 646 terris
1496 597 1712 646 Ecclesie
1737 613 1935 661 perma-

156 695 272 728 nere
295 682 398 728 tute
422 696 512 729 nec
535 681 711 729 ducem
734 679 1133 730 valentinensem
1160 680 1378 729 dominia
1396 697 1482 729 sua
1498 679 1711 729 retinere
1738 685 1819 730 aut
1842 680 1935 729 illis

158 761 279 822 frui;
314 766 578 828 propterea
604 763 918 828 proposuisse
944 763 1194 828 resignare
1222 769 1454 829 papatum
1478 763 1528 812 in
1548 764 1762 812 favorem
1787 764 1937 828 ipsius

158 845 415 894 cardinalis
449 845 625 904 Ursini,
665 845 928 894 dummodo
976 849 1263 910 perpetuam
1300 846 1657 910 protectionem
1692 850 1740 894 et
1771 846 1938 894 defen-

158 928 344 977 sionem
374 929 525 979 ducis*
545 929 747 994 predicti
786 930 1076 994 polliceatur
1103 929 1167 995 (1)
1189 934 1235 979 et
1271 930 1546 995 promittat;
1573 934 1619 977 et
1655 930 1744 977 sub
1767 929 1937 994 hujus-

158 1012 290 1061 modi
315 1029 417 1077 spe,
447 1013 759 1064 ,cardinalem
782 1013 1008 1062 Ursinum
1033 1015 1095 1063 ad
1120 1013 1283 1063 omnia
1307 1013 1595 1063 conduxisse
1621 1018 1667 1061 et
1688 1029 1775 1077 per
1804 1013 1936 1061 illam

160 1098 350 1144 ceteros
381 1111 552 1145 omnes
583 1097 911 1161 supradictos;
937 1098 1067 1162 quod
1093 1097 1238 1146 cessit
1265 1097 1315 1144 in
1338 1112 1508 1145 eorum
1533 1095 1933 1145 destructionem.

160 1178 431 1228 Concordia
469 1179 750 1243 supradicta
788 1180 1019 1228 conclusa
1052 1183 1101 1229 et
1135 1180 1349 1239 firmata,
1393 1178 1650 1228 cardinalis
1688 1178 1836 1227 rediit
1876 1177 1938 1227 ad

163 1262 341 1311 Urbem
365 1262 424 1311 de
449 1279 616 1312 mense
641 1264 915 1334 novembris
939 1264 1219 1329 supradicto
1243 1264 1325 1330 (2).

228 1347 456 1406 Sabbato,
486 1351 543 1395 12
566 1348 858 1409 novembris,
893 1365 983 1413 ego
1008 1348 1130 1396 redii
1163 1349 1223 1397 ad
1249 1347 1430 1397 Urbem
1455 1363 1567 1396 cum
1591 1363 1687 1396 uno
1724 1346 1857 1395 mul'o
1894 1352 1942 1394 et

162 1433 350 1495 septem
383 1431 518 1495 equis
543 1434 593 1480 et
621 1432 845 1481 omnibus
871 1433 1193 1482 familiaribus
1223 1432 1346 1482 meis
1370 1433 1498 1481 intra
1528 1432 1813 1497 vigesimam
1842 1435 1942 1481 ter-

162 1513 279 1563 tiam
312 1519 361 1564 et
394 1514 678 1579 vigesimam
714 1519 936 1580 quartam
969 1517 1160 1576 horam,
1199 1517 1315 1566 salvi
1350 1519 1399 1564 et
1437 1516 1705 1566 incolumes
1738 1532 1825 1580 per
1856 1514 1942 1563 Dei

163 1598 388 1661 gratiam,
418 1599 500 1662 qui
525 1599 586 1648 sit
603 1601 890 1650 benedictus
915 1600 965 1649 in
988 1602 1311 1666 perpetuum!

229 1683 264 1729 F
268 1681 372 1730 eria
389 1681 451 1746 (3)
475 1683 652 1746 prima,
686 1687 741 1733 13
758 1685 938 1732 mensis
961 1685 1234 1733 novembris
1259 1683 1478 1748 predicti,
1511 1687 1759 1748 portatum
1790 1687 1863 1732 est
1883 1682 1943 1731 ad

166 1762 422 1811 ecclesiam
445 1764 586 1813 beate
609 1765 760 1814 Marie
782 1767 842 1814 de
865 1766 1048 1831 Populo
1066 1766 1211 1815 funus
1228 1766 1325 1814 sive
1347 1766 1550 1814 cadaver
1562 1766 1688 1815 bone
1709 1764 1943 1814 memorie

166 1847 222 1893 D.
261 1846 612 1911 Christophori,
650 1849 863 1914 episcopi
892 1850 1219 1909 Cortonensis,
1255 1851 1338 1899 SS.
1375 1852 1431 1898 D.
1460 1849 1611 1898 nostri
1635 1865 1759 1914 pape
1788 1864 1946 1897 secre-

164 1929 276 1977 tarii
302 1935 349 1978 et
373 1930 660 1991 assistentis,
692 1933 773 1996 qui
797 1933 903 1982 heri
930 1949 1041 1981 sero
1074 1934 1204 1981 diem
1227 1932 1399 1981 clausit
1422 1937 1694 1982 extremum
1716 1933 1765 1981 in
1797 1932 1941 1981 domo

164 2027 268 2073 sua,
314 2013 440 2062 inter
479 2015 749 2078 predictam
792 2016 1049 2065 ecclesiam
1091 2022 1139 2066 et
1186 2017 1427 2082 hospitale
1475 2017 1774 2076 Sclavorum,
1807 2016 1947 2080 juxta

162 2095 343 2144 flumen
369 2097 478 2157 sita,
506 2098 799 2149 associatum
825 2116 853 2148 a
878 2100 1073 2149 familiis
1099 2101 1417 2150 cardinalium
1445 2104 1495 2150 et
1528 2100 1692 2149 multis
1724 2099 1942 2165 prelatis».

162 2178 272 2228 Fuit
306 2181 523 2245 sepultus
561 2182 611 2231 in
645 2184 897 2249 sepultura
925 2200 1071 2249 quam
1109 2185 1214 2249 ipse
1237 2185 1400 2234 vivens
1432 2184 1522 2233 sibi
1548 2184 1654 2233 fieri
1680 2184 1811 2243 fecit,
1847 2199 1946 2232 non

163 2265 327 2312 tamen
348 2264 571 2328 perfecit,
599 2265 649 2314 in
669 2267 847 2332 angulo
872 2271 1011 2317 extra
1030 2268 1209 2317 dictam
1231 2268 1487 2318 ecclesiam
1503 2268 1642 2333 juxta
1663 2283 1862 2316 murum
1886 2266 1947 2314 ad

163 2344 413 2396 sinistram
453 2350 676 2399 eamdem
718 2351 979 2400 ecclesiam
1020 2352 1268 2401 intrantis,
1324 2351 1549 2403 Condidit
1598 2354 1943 2401 testamentum

164 2430 305 2494 cujus
342 2436 627 2482 executores
660 2435 913 2484 constituit
952 2439 1158 2484 RRmos.
1203 2439 1304 2485 DD.
1351 2435 1625 2485 cardinales
1671 2434 1946 2499 Neapolita-

164 2527 297 2580 num,
326 2513 719 2565 Beneventanum
745 2523 794 2566 et
818 2535 857 2566 s,
890 2519 1146 2579 Praxedis3
1175 2521 1260 2568 sed
1284 2523 1412 2584 Papa
1443 2535 1494 2568 se
1523 2519 1685 2583 ipsum
1707 2518 1947 2567 heredem

166 2597 425 2647 instituens
459 2600 706 2649 commisit
730 2601 991 2650 voluntatis
1020 2618 1106 2650 sue
1132 2603 1472 2651 executionem
1507 2601 1828 2666 gubernatori
1864 2588 1946 2664 qui

166 2682 330 2730 omnia
353 2677 483 2732 bona
501 2700 588 2748 per
611 2684 770 2750 ipsum
796 2685 1081 2750 episcopum
1106 2685 1360 2744 derelicta,
1388 2684 1508 2732 nihil
1533 2685 1751 2748 dempt0‚
1774 2699 1946 2746 expor-

166 2764 280 2813 tavit
297 2768 347 2815 et
370 2767 556 2832 accepit
577 2772 626 2816 et
645 2769 786 2816 vendi
812 2768 926 2817 fecit
952 2768 1197 2817 frumenta
1218 2769 1438 2833 ejusdem
1465 2766 1679 2832 episcopi
1702 2782 1795 2830 que
1821 2768 1942 2814 Cor-

167 2851 280 2897 tone
318 2849 510 2899 fuerunt
547 2854 594 2901 et
618 2851 875 2902 ecclesiam
915 2855 1270 2917 Cortonensem
1303 2851 1495 2900 cuidam
1528 2850 1811 2899 Florentino
1851 2864 1942 2913 pro

215 3037 367 3075 1.Te11e
392 3041 449 3076 est
466 3037 501 3075 la
515 3037 619 3084 lecon
639 3038 704 3076 des
723 3050 815 3077 mss.
836 3039 880 3076 de
909 3038 1015 3076 Paris
1036 3042 1071 3077 et
1103 3038 1152 3076 du
1173 3038 1294 3088 Chigi,
1316 3039 1341 3077 s.
1379 3039 1461 3084 425,
1491 3050 1525 3074 v.
1548 3035 1744 3086 Raynaldi,
1765 3039 1797 3074 t.
1825 3033 1942 3077 XXX,

165 3110 202 3146 p.
222 3099 306 3143 382,
339 3097 492 3135 donne:
508 3099 761 3145 polliceretur.

212 3158 248 3193 2.
268 3157 362 3207 Voy.
396 3155 432 3194 la
460 3157 622 3206 legation
645 3159 691 3195 de
717 3158 919 3197 Machiavel
939 3163 1071 3208 aupres
1090 3157 1139 3196 du
1171 3157 1242 3196 duc
1257 3158 1301 3196 de
1322 3158 1573 3203 Valentinois;
1601 3161 1639 3195 et
1666 3154 1795 3201 Alvisi,
1817 3156 1943 3192 Cesure

164 3218 344 3261 Bor-qia...
367 3217 425 3254 ch.
446 3229 484 3262 v,
505 3229 546 3266 p.
572 3219 642 3255 323
661 3222 698 3256 et
717 3218 812 3256 suiv.

210 3274 248 3311 3.
269 3275 318 3312 Le
337 3277 444 3323 5522,
465 3277 499 3315 4
516 3277 577 3314 fol.
600 3279 683 3323 422,
708 3290 744 3316 v.
758 3279 792 3315 le
813 3278 934 3328 Chigi,
955 3279 998 3316 L.
1014 3280 1044 3324 Ι,
1067 3280 1122 3324 1-.4
1142 3280 1166 3318 f
1186 3281 1270 3325 425,
1291 3291 1326 3316 v
1350 3279 1432 3317 etle
1456 3278 1585 3322 13737,
1604 3277 1629 3313 f.
1655 3278 1737 3321 412,
1758 3275 1942 3312 donnent:

165 3332 294 3369 «seria.
311 3339 451 3382 quarta,
484 3336 566 3372 13»
557 3351 580 3383 ›,
608 3349 650 3374 ce
669 3337 731 3386 qui
758 3342 815 3376 est
845 3338 1018 3377 inexact.
1040 3340 1086 3377 de
1112 3342 1227 3376 meme
1247 3338 1280 3376 le
1306 3340 1370 3376 151
1393 3338 1457 3387 qui
1484 3338 1651 3375 donne<
1633 3351 1651 3370 «
1673 3335 1763 3372 feria
1799 3335 1942 3381 quarta,

166 3394 265 3430 15.»
255 3392 544 3444 ›Christophoro
574 3396 724 3434 Bordini
750 3403 894 3436 mourut
925 3411 970 3435 en
998 3400 1083 3437 effet
1113 3399 1147 3436 le
1176 3400 1220 3436 13
1251 3398 1446 3435 novembre
1469 3396 1531 3446 qui
1559 3395 1656 3433 etait
1667 3407 1716 3432 un
1735 3392 1940 3431 dimanche.

164 3453 258 3502 Voy.
275 3455 369 3493 l’Art
396 3457 439 3493 de
457 3460 536 3495 υέν.
559 3459 610 3496 les
626 3460 742 3505 dates,
764 3464 801 3496 et
819 3458 978 3507 ughelli,
1000 3463 1027 3496 t.
1049 3459 1078 3503 1,
1100 3462 1170 3496 etc.
