2228 3938
155 376 427 420 [Janvier1502]
600 374 770 411 RERUM
804 372 1105 411 URBANARUM
1139 371 1491 410 COMMENTARII.
1873 373 1940 407 189

221 482 405 543 Nuper,
431 480 691 541 antequam
722 474 982 524 cardinalis
1010 474 1224 523 Estensis
1247 490 1357 522 cum
1382 473 1610 523 comitiva
1636 489 1724 521 sua
1748 471 1936 520 veniret

156 563 215 611 ad
242 563 440 621 Urbem,
472 563 554 610 SS.
584 563 640 608 D.
668 563 834 608 noster
855 559 1021 606 volens
1044 558 1170 618 illos',
1196 558 1277 622 qui
1299 574 1412 606 cum
1436 573 1494 606 eo
1517 561 1683 622 preter
1702 556 1938 604 familiam

156 662 293 695 suam
319 647 380 694 ad
405 646 583 695 Urbem
607 643 864 693 veniebant
889 645 1067 690 etcum
1089 642 1289 690 domina
1314 641 1539 690 Lucretia
1566 644 1726 700 erant,
1755 642 1935 688 Ferra-

154 730 279 778 riam
298 729 431 789 ituri,
450 727 722 776 liberaliter
736 726 1004 783 honorare,
1025 725 1272 773 distribuit
1287 741 1524 790 personas
1539 723 1835 773 venientium
1855 723 1943 771 hu·

150 813 365 878 jusmodi
390 828 500 861 cum
526 826 698 877 eorum
725 810 1013 873 equitaturis
1039 824 1128 873 per
1154 810 1325 858 domos
1350 809 1608 857 curialium
1624 812 1671 856 et
1693 807 1943 872 deputavit

157 897 357 945 cuilibet
377 896 558 945 clerico
588 909 784 943 camere
817 893 1076 942 duodecim
1101 909 1336 957 personas
1364 908 1474 941 cum
1499 891 1757 941 duodecim
1785 891 1939 954 equis,

156 981 363 1029 totidem
388 979 579 1029 clericis
603 978 797 1042 collegii
822 980 869 1026 et
900 977 1006 1026 aliis
1031 977 1322 1026 officialibus
1346 979 1510 1025 certos
1536 976 1720 1040 plureS,
1751 978 1941 1023 tantum

157 1063 239 1112 uni
260 1080 405 1128 quam
421 1062 586 1121 alteri3
609 1064 656 1110 et
679 1061 879 1125 quilibet
903 1060 1075 1108 habuit
1090 1060 1189 1108 suis
1209 1060 1424 1124 propriis
1440 1059 1666 1123 expensis
1681 1059 1942 1122 deputatos

157 1147 247 1196 sibi
273 1147 427 1206 alere,
449 1147 631 1210 absque
658 1161 716 1193 eo
737 1145 866 1209 quod
891 1147 1022 1208 Papa
1044 1145 1115 1192 vel
1143 1160 1343 1192 camera
1367 1142 1637 1207 apostolica
1658 1158 1748 1206 pro
1776 1157 1942 1205 perso-

155 1231 234 1278 nis.
250 1231 324 1280 vel
350 1230 640 1279 animalibus
664 1229 712 1276 in
738 1229 900 1292 aliquo
925 1228 1015 1276 sibi
1038 1227 1353 1276 subvenirent
1380 1226 1459 1292 (1).
1490 1229 1726 1275 Preterea
1749 1225 1935 1274 dictum

157 1314 245 1362 fuit
273 1316 356 1363 SS.
386 1317 443 1362 D.
470 1316 695 1362 nostrum
722 1327 1017 1377 prorogasse
1047 1315 1081 1360 F
1085 1311 1274 1360 errarie
1303 1309 1673 1374 carnisprivium
1699 1325 1851 1373 usque
1882 1309 1943 1357 ad

158 1398 452 1446 dominicam
490 1397 680 1455 Letm'e,
733 1399 961 1460 quartam
1002 1395 1381 1461 quadragesime
1426 1411 1517 1459 pro
1558 1394 1653 1442 hoc
1693 1410 1838 1452 anno,
1877 1393 1946 1441 ita

158 1482 289 1546 quod
320 1481 507 1546 possint
535 1480 734 1529 interim
769 1480 900 1529 licite
937 1496 1111 1529 carnes
1144 1471 1424 1538 comedere,
1457 1483 1505 1528 et.
1532 1482 1736 1543 propter
1773 1479 1949 1527 adven·

161 1566 265 1612 tum
287 1563 481 1612 domine
507 1563 730 1612 Lucretie
756 1563 881 1611 festa
899 1563 1064 1611 facere
1091 1566 1139 1610 et
1161 1564 1394 1627 gaudere.

226 1647 370 1695 Feria
394 1647 627 1706 secunda,
657 1649 717 1693 24
743 1646 856 1694 dicti
890 1646 1069 1694 mensis
1092 1646 1327 1710 januarii,
1370 1645 1458 1693 suit
1497 1645 1843 1693 consistorium
1874 1660 1948 1692 se-

163 1733 355 1779 cretum
383 1730 431 1778 in
457 1746 552 1793 quo
585 1733 752 1778 Rmus.
786 1732 842 1778 D.
873 1729 1136 1778 cardinalis
1171 1729 1544 1794 Ulissiponensis
1575 1732 1623 1777 et
1652 1731 1948 1793 procurator

164 1813 287 1861 Rmi.
319 1816 376 1862 D.
402 1813 666 1861 cardinalis
697 1829 735 1860 s.
769 1813 899 1861 Petri
933 1813 994 1861 ad
1023 1812 1250 1872 Vincula,
1291 1812 1516 1877 perpetui
1544 1812 1947 1861 commendatarii

164 1912 248 1944 seu
273 1895 683 1945 administratoris
715 1896 921 1944 ecclesie
945 1896 1282 1955 BononiensiS,
1313 1896 1509 1944 nomine
1535 1897 1755 1960 ejusdem
1786 1895 1949 1944 cardi-

161 1980 283 2028 nalis
319 1996 356 2028 s.
398 1980 530 2027 Petri
569 1979 631 2027 ad
667 1979 891 2038 Vincula,
936 1979 1081 2027 cessit
1118 1980 1408 2028 commende
1449 1983 1497 2028 et
1531 1979 1943 2028 administrationi

161 2062 379 2127 predicte
404 2062 634 2121 ecclesie;
662 2078 809 2126 quam
840 2063 1114 2112 cessionem
1147 2064 1230 2111 SS.
1268 2066 1325 2111 D.
1355 2067 1526 2112 noster
1551 2063 1747 2111 admisit
1771 2066 1820 2111 et
1846 2063 1946 2111 dis-

161 2146 450 2195 membravit
481 2147 577 2194 duo
615 2144 793 2205 castra,
839 2146 1067 2195 videlicet
1097 2149 1307 2195 Centum
1341 2147 1401 2212 (2)
1435 2150 1483 2196 et
1514 2149 1739 2196 Castrum
1768 2146 1945 2205 Plebis,

161 2230 220 2277 de
244 2245 415 2278 mensa
433 2229 695 2294 episcopali
722 2229 1043 2278 Bononiensis
1060 2230 1332 2289 existentia,
1365 2230 1458 2278 sita
1483 2229 1532 2278 in
1557 2229 1828 2278 confinibus
1853 2233 1950 2278 ter-

161 2313 321 2362 ritorii
358 2314 494 2362 ducis
530 2314 758 2362 Ferrarie
795 2317 843 2363 et
881 2330 939 2362 ea
976 2314 1170 2362 donavit
1202 2314 1314 2363 duci
1355 2313 1661 2362 Ferrariensi
1698 2330 1788 2378 pro
1828 2314 1943 2362 dote

161 2397 306 2445 etiam
331 2398 609 2462 supradicte
640 2397 835 2446 domine
868 2398 1110 2456 Lucretie,
1147 2398 1322 2446 deinde
1348 2397 1554 2462 prefecit
1585 2400 1641 2446 D.
1665 2398 1938 2446 Johannem

162 2480 483 2544 Stephanum,
514 2481 666 2529 filium
691 2482 986 2530 thesaurarii
1010 2482 1141 2546 regis
1172 2485 1205 2530 F
1209 2482 1393 2540 rancie,
1422 2482 1702 2541 Mediolani,
1731 2481 1937 2530 ecclesie

164 2564 472 2625 Bononiensi,
501 2581 638 2613 more
665 2565 826 2614 solito.
1487 2624 1491 2627 ,

226 2650 279 2695 In
301 2647 474 2695 eodem
505 2647 651 2696 etiam
679 2647 987 2706 consistorio,
1017 2650 1183 2695 Rmus.
1221 2650 1276 2695 D.
1312 2648 1523 2708 Felinus,
1559 2648 1818 2712 episcopus
1852 2649 1944 2695 Lu-

164 2746 328 2790 canus,
356 2731 501 2779 cessit
524 2729 932 2779 administrationi
965 2731 1284 2779 ecclesiarum
1316 2732 1581 2780 Pennensis
1613 2735 1660 2779 et
1687 2731 1942 2779 Adriensis

163 2815 337 2879 quibus
363 2816 608 2880 prefectus
633 2818 705 2864 est
728 2815 776 2862 in
807 2815 1092 2879 episcopum
1123 2817 1179 2863 D.
1215 2815 1457 2874 NicolauS,
1493 2815 1776 2879 capellanus
1807 2814 1935 2862 Rmi.

165 2900 221 2946 D.
248 2899 512 2947 cardinalis
535 2884 766 2948 Estensis,

172 3005 178 3011 ⁴
226 2982 408 3031 Eadem
433 2982 530 3042 die,
557 2998 687 3042 sero,
722 2982 867 3031 rediit
890 2983 952 3031 ad
984 2982 1165 3032 Urbem
1194 2984 1360 3031 Rmus.
1391 2985 1446 3031 D.
1474 2982 1735 3031 cardinalis
1758 2984 1939 3030 Cusen-

215 3145 246 3179 ¹.
276 3159 294 3177 «
382 3143 472 3180 Cum
492 3143 571 3192 ejus
599 3143 651 3180 rei
670 3154 781 3181 causa
801 3144 849 3192 (le
870 3143 1030 3193 mariage
1049 3142 1274 3192 d’Alphonse
1293 3155 1380 3180 avec
1401 3143 1572 3189 Lucrece)
1593 3144 1747 3181 Romam
1776 3141 1940 3181 venisset

165 3199 372 3251 Hippolitus
392 3203 586 3240 cardinalis
600 3203 746 3241 Sanctae
767 3203 891 3241 Mariae
910 3203 945 3239 in
966 3203 1071 3242 Silice
1098 3215 1180 3240 cum
1203 3203 1348 3239 duobus
1368 3203 1449 3240 aliis
1471 3203 1548 3240 suis
1566 3202 1748 3252 germanis
1768 3201 1938 3246 fratibus,

166 3265 202 3298 et
219 3273 352 3310 magno
369 3267 542 3312 praeterea
561 3262 739 3300 nobilium
758 3263 944 3309 comitatu,
961 3275 1054 3312 quos
1068 3262 1285 3309 Alexander,
1301 3274 1347 3299 ne
1362 3267 1549 3311 sumptum
1568 3263 1716 3308 faceret,
1731 3273 1795 3310 per
1814 3261 1943 3296 domos

163 3319 424 3369 Episcoporum
450 3323 720 3372 Curialiumque
747 3322 950 3369 distribuit,
974 3328 1076 3360 tanto
1113 3321 1308 3360 Curialium
1336 3321 1498 3370 ipsorum
1524 3322 1764 3366 incommodo,
1786 3320 1938 3357 utetiam

166 3377 266 3426 ipsos
285 3379 520 3419 ferrarienses
540 3383 638 3420 viros
658 3382 800 3420 nobiles
822 3383 901 3432 ejus
927 3382 979 3420 rei
999 3382 1170 3432 puderet;
1193 3381 1370 3429 multique
1397 3382 1443 3418 ad
1469 3382 1654 3418 meritoria
1674 3386 1804 3429 sponte
1825 3379 1945 3415 diver-

166 3439 294 3475 terent.
316 3454 335 3473 »
357 3440 591 3489 Sigismondo
606 3443 650 3479 de
664 3442 782 3488 Conti,
795 3444 1040 3480 Historiarum
1055 3444 1114 3479 sui
1128 3442 1344 3489 temporis...
1364 3441 1423 3478 liv.
1448 3441 1531 3477 XIV
1546 3442 1678 3488 (1883),
1702 3445 1727 3478 t.
1748 3440 1795 3486 ΙΙ,
1811 3452 1846 3488 p.
1862 3438 1946 3475 249.

212 3498 246 3533 2.
274 3498 324 3534 Le
346 3499 452 3548 Cbigi
465 3501 586 3539 donne
600 3503 708 3539 Cento
726 3502 753 3541 f.
772 3503 863 3548 367,
883 3515 920 3540 v.
944 3503 997 3539 De
1010 3505 1126 3538 meme
1148 3500 1299 3546 Eccard,
1316 3513 1346 3537 c.
1371 3502 1478 3539 2136.
