2228 3938
331 371 404 408 206
942 369 1128 406 JOHANN
1132 370 1176 406 IS
1209 369 1508 417 BURCHARDI,
1913 373 1996 413 [Mai
2017 375 2113 415 1502]

334 472 436 520 sine
475 471 777 526 baldachin0‚
819 487 952 519 more
992 472 1163 530 solito;
1209 472 1323 520 dum
1366 471 1629 532 diceretur,
1676 473 1824 522 voluit
1859 474 2019 540 [Papa]
2048 475 2110 540 (1)

332 555 459 618 quod
483 554 667 602 veniret
691 557 739 601 et
760 553 1116 614 baldachinum,
1143 555 1230 604 sub
1255 570 1350 619 quo
1375 555 1519 614 venit,
1544 554 1693 603 missa
1715 555 1866 615 finita,
1891 557 1952 604 ab
1973 557 2110 606 altari

336 637 523 700 majore
547 653 697 701 usque
720 637 780 685 ad
801 636 961 685 locum
982 638 1175 701 publice
1197 637 1568 698 benedictioniS,
1591 638 1652 686 ad
1673 654 1818 701 quem
1840 638 2111 689 cardinales

336 724 384 768 et
407 720 579 783 prelati
606 724 842 768 venerunt
869 719 918 767 in
941 722 1122 785 cappis,
1154 725 1199 769 et
1224 721 1389 770 omnia
1406 721 1502 769 alia
1524 725 1633 770 acta
1657 707 1770 770 sunt
1787 738 1924 771 more
1949 722 2106 772 solito.

339 806 467 868 Papa
486 804 630 852 hodie
653 819 750 851 non
772 807 846 852 est
868 820 979 851 usus
997 819 1164 868 regno,
1189 805 1273 853 sed
1291 805 1432 852 mitra
1449 807 1637 852 tantum
1653 805 1741 853 sub
1756 821 1851 869 qua
1866 806 2112 854 benedixit

335 885 621 933 solemniter
650 887 844 950 populo.
881 889 987 934 Dux
1019 887 1378 937 Valentinensis
1408 887 1628 936 interfuit
1658 887 1804 937 misse
1840 891 1889 937 et
1918 888 2109 952 publice

337 968 680 1017 benedictioni.

403 1051 631 1112 Sabbato,
659 1052 820 1117 vigilia
845 1055 1172 1113 pentecostes,
1207 1058 1262 1102 14
1287 1054 1416 1113 maii,
1445 1054 1647 1103 mutatio
1675 1069 1956 1118 capparum,
1985 1055 2112 1104 dicte

336 1140 446 1185 sunt
480 1152 678 1200 vespere
722 1137 963 1184 solemnes
1002 1136 1050 1184 in
1092 1137 1277 1201 capella
1311 1138 1525 1202 majore,
1567 1140 1696 1202 Papa
1731 1141 1983 1202 presente,
2030 1139 2110 1202 qui

335 1219 490 1268 noluit
514 1219 730 1283 incipere
756 1220 1024 1284 hymmum.

402 1302 654 1351 Dominica
679 1303 918 1367 sequenti,
946 1304 1068 1352 festo
1094 1306 1424 1364 Pentecostes‚
1456 1308 1623 1353 Rmus,
1651 1308 1711 1354 D.
1745 1304 2002 1353 cardinalis
2028 1307 2115 1354 Be-

335 1390 631 1434 neventanus
658 1386 919 1435 celebravit
943 1387 1141 1435 missam
1167 1388 1435 1436 solemnem
1456 1388 1503 1435 in
1523 1388 1724 1436 basilica
1745 1405 1783 1436 s.
1813 1388 1960 1448 Petri,
1986 1391 2115 1453 Papa

333 1473 581 1532 presente,
617 1472 665 1517 et
698 1470 795 1518 dux
824 1469 1183 1519 Valentinensis
1215 1470 1360 1519 etiam
1398 1471 1630 1519 interfuit.
1673 1473 1959 1520 Sermonem
1995 1471 2114 1521 fecit

335 1550 529 1614 quidam
552 1552 810 1615 Hispanus,
839 1551 954 1600 olim
975 1552 1234 1600 cardinalis
1262 1553 1474 1617 Capuani
1495 1554 1799 1617 capellanus:
1826 1554 1921 1603 alia
1949 1555 2113 1604 omnia

333 1648 469 1682 more
494 1633 652 1683 solito.

400 1718 627 1777 Sabbato,
653 1719 706 1766 21
734 1717 867 1777 maii,
893 1717 1056 1782 vigilia
1080 1718 1340 1778 Trinitatis,
1360 1719 1558 1768 fuerunt
1576 1719 1702 1768 dicte
1722 1735 1920 1784 vespere
1939 1719 2114 1770 solem-

333 1815 420 1849 nes
444 1801 493 1849 in
519 1801 706 1865 capella
726 1801 933 1866 majore,
965 1804 1094 1865 Papa
1117 1807 1360 1866 presente.

402 1885 657 1934 Dominica
689 1885 925 1948 sequenti,
954 1885 1076 1934 festo
1106 1885 1366 1947 Trinitatis,
1394 1888 1558 1934 Rmus.
1595 1889 1650 1935 D.
1677 1886 1933 1935 cardinalis
1955 1850 2111 1935 Arbo-

334 1969 490 2017 rensis
512 1968 770 2016 celebravit
789 1968 987 2015 missam
1019 1968 1323 2018 solemnem'
1311 1986 1359 2017 111
1388 1970 1559 2018 eadem
1587 1970 1788 2034 capella,
1813 1972 1943 2033 Papa
1964 1969 2110 2018 etiam

332 2054 559 2117 presente
580 2068 588 2099 :
626 2066 901 2100 sermonem
928 2051 1044 2100 fecit
1070 2051 1266 2115 quidam
1292 2053 1442 2101 frater
1468 2052 1648 2101 ordinis
1674 2053 1933 2112 minorum,
1963 2052 2105 2101 hene.

333 2138 438 2185 Non
465 2136 556 2184 fuit
586 2135 714 2183 sacta
740 2136 1140 2184 commemoratio
1166 2152 1323 2200 neque
1353 2137 1403 2184 in
1434 2136 1646 2200 vesperis
1676 2152 1836 2200 neque
1863 2136 1913 2184 in
1942 2136 2105 2185 missa.

333 2218 628 2282 Interrogavi
662 2221 843 2282 Papam
873 2218 932 2267 de
962 2219 1085 2267 hora
1123 2222 1171 2268 et
1207 2223 1355 2268 strata
1390 2220 1714 2284 processionis
1750 2219 1861 2268 festi
1893 2219 2110 2284 corporis

332 2302 530 2362 Christi,
555 2301 636 2365 qui
658 2301 778 2349 mihi
799 2302 1048 2366 respondit
1077 2304 1208 2366 quod
1235 2303 1448 2351 intimari
1468 2304 1678 2351 facerem
1699 2303 1977 2368 hujusmodi
1998 2319 2110 2366 pro-

333 2386 606 2434 cessionem
628 2385 913 2434 officialibus
935 2388 984 2434 et
1009 2385 1245 2449 religiosis
1267 2391 1315 2435 et
1342 2386 1471 2435 clero
1498 2403 1585 2450 pro
1611 2386 1751 2447 hora,
1776 2386 1903 2434 inter
1931 2401 2109 2434 nonam

336 2473 385 2520 et
408 2470 664 2531 decimam,
694 2486 781 2535 per
807 2470 934 2519 viam
963 2470 1152 2519 solitam
1179 2486 1331 2535 usque
1364 2471 1425 2519 ad
1459 2471 1657 2520 domum
1694 2487 1732 2518 s.
1768 2469 2030 2519 Clementis
2061 2472 2111 2519 et

331 2554 443 2603 inde
474 2555 535 2603 ad
561 2572 599 2602 s.
636 2557 833 2603 Petrum
864 2554 1154 2614 faciendam,
1192 2557 1240 2603 et
1273 2555 1403 2618 quod
1434 2554 1700 2603 cardinales
1728 2555 1958 2602 ornarent
1985 2553 2109 2602 viam

332 2653 466 2686 more
488 2641 749 2707 consueto..
765 2637 875 2685 Feci
900 2654 1045 2702 super
1064 2638 1160 2686 hoc
1178 2638 1272 2686 tria
1291 2638 1520 2686 mandata
1547 2637 1597 2685 in
1622 2638 1777 2686 forma
1802 2641 1947 2701 prout
1972 2634 2108 2684 annis

333 2722 661 2786 superioribus
694 2721 873 2770 factum
908 2724 998 2781 est,
1033 2724 1081 2770 et
1112 2721 1220 2770 dedi
1250 2737 1307 2770 eo
1338 2721 1612 2770 cursoribus
1634 2720 1946 2783 exequenda3
1980 2717 2108 2782 quod

332 2805 569 2854 fecerunt.

396 2889 536 2937 Feria
555 2890 742 2952 quarta,
770 2891 828 2937 25
851 2887 964 2936 dicti
992 2886 1171 2935 mensis
1199 2886 1330 2946 maii,
1357 2886 1517 2949 vigilia
1545 2885 1759 2949 corporis
1781 2884 1972 2945 Christi,
2001 2884 2107 2933 fue-

330 2974 439 3019 runt
460 2972 587 3020 dicte
611 2987 809 3035 vespere
832 2971 1074 3019 solemnes
1093 2970 1141 3017 in
1161 2970 1348 3033 capella
1368 2969 1569 3033 majore,
1592 2972 1722 3033 Papa
1742 2970 1986 3034 presente,
2006 2967 2105 3031 qui,

330 3053 475 3102 finitis
506 3054 738 3120 vesperis,
770 3053 886 3102 dixit
913 3053 1238 3102 cardinalibus
1266 3053 1395 3116 quod
1421 3052 1641 3101 venirent
1671 3067 1759 3116 pro
1795 3050 2106 3114 processione

330 3150 453 3197 cras,
479 3153 638 3194 mane,
664 3137 792 3185 inter
812 3151 991 3184 nonam
1014 3139 1062 3184 et
1083 3136 1322 3185 decimam
1343 3135 1514 3184 horam
1533 3135 1594 3183 ad
1619 3134 1865 3198 palatium.
1888 3135 1940 3181 ln
1963 3148 2107 3182 mane

331 3219 445 3268 dicti
467 3219 576 3268 festi
594 3219 810 3283 corporis
832 3218 1026 3278 Christi,
1051 3220 1132 3267 SS.
1159 3222 1216 3266 D.
1239 3221 1406 3266 noster
1418 3217 1508 3265 fuit
1527 3219 1738 3280 paratuS,
1760 3216 1881 3264 hora
1897 3215 2103 3275 decima,

332 3303 464 3352 exire
482 3303 543 3351 acl
559 3302 919 3367 processionem
936 3317 946 3360 ;
971 3301 1056 3349 sed
1077 3301 1344 3349 cardinales
1366 3300 1582 3349 nondum
1599 3302 1848 3359 venerant,
1867 3300 1947 3363 qui
1966 3313 2110 3349 vene-

331 3389 446 3435 runt
466 3386 596 3435 circa
615 3385 922 3434 undecimam
943 3384 1114 3432 horam
1134 3400 1144 3443 3
1172 3399 1344 3448 parum
1370 3386 1480 3447 post
1499 3382 1806 3432 undecimam
1832 3385 1962 3447 Papa
1982 3380 2110 3431 venit

383 3487 418 3527 1.
444 3489 560 3534 Papa,
579 3490 635 3524 est
649 3488 759 3535 passe
778 3485 871 3523 dans
898 3487 984 3522 tous
1004 3484 1056 3522 les
1078 3495 1166 3522 mss.
