2228 3938
315 327 384 364 210
920 325 939 364 J
945 324 1154 365 OHANNIS
1188 325 1485 372 BURCHARDI,
1845 329 1981 372 [Juillet
2001 332 2098 375 1502]

318 446 470 500 prope
511 431 773 487 Savonam,
812 429 892 477 ubi
930 432 1096 478 Rmus
1140 433 1198 479 D.
1238 428 1501 478 cardinalis
1540 445 1579 476 s.
1625 430 1755 477 Petri
1788 432 1850 479 ad
1890 433 2100 484 Vincula

316 512 579 570 residebat,
616 512 814 575 quidam
840 513 998 560 eidem
1026 516 1166 562 Rmo.
1197 515 1252 561 D.
1290 512 1532 561 cardinali
1565 528 1604 559 s.
1639 513 1771 561 Petri
1802 514 1863 562 ad
1891 515 2098 566 Vincula

316 595 500 658 optime
525 598 687 655 notuS,
710 595 791 659 qui
816 596 885 643 eis
912 596 973 644 ad
996 596 1091 645 hoc
1116 600 1268 645 Rome
1295 596 1552 659 adjunctus
1575 595 1752 656 fuerat,
1778 596 2098 648 descenderet

316 679 374 726 de
408 679 548 743 galea
578 694 666 743 per
698 679 908 727 schifum
946 683 994 728 et
1023 680 1244 744 predicto
1277 683 1418 728 Rmo.
1452 681 1510 726 D.
1549 679 1843 728 cardinalis.
1878 681 2009 729 Petri
2036 683 2096 730 ad

313 761 520 812 Vincula
543 762 802 825 adventum
829 763 1089 811 cardinalis
1112 764 1170 812 de
1194 763 1436 812 Alibretto
1464 765 1511 810 et
1533 762 1736 811 Trochie
1760 764 2096 827 predictorum

313 845 569 894 nunciaret
594 861 650 893 ac
674 845 833 910 ipsum
855 845 1109 895 induceret
1133 847 1194 895 ad
1217 845 1506 895 veniendum
1532 845 1582 892 in
1606 845 1756 895 barca
1781 846 1968 895 obviam
1992 863 2098 896 car-

313 927 460 976 dinali
493 928 733 977 Alibretto
771 932 820 977 et
854 930 1062 978 Trochie
1099 930 1311 988 eisdem;
1357 928 1485 992 quod
1521 928 1559 975 si
1596 927 1726 976 idem
1760 929 2017 978 cardinalis
2052 947 2091 979 s.

314 1010 444 1059 Petri
469 1011 529 1059 ad
558 1012 764 1061 Vincula
792 1013 994 1072 faceret,
1030 1029 1141 1061 cum
1173 1016 1301 1061 esset
1330 1012 1378 1059 in
1412 1011 1569 1075 galea,
1607 1011 1876 1060 retinerent
1906 1028 2017 1061 eum
2048 1016 2097 1061 et

310 1094 522 1142 velocius
547 1111 641 1158 quo
674 1100 874 1159 possent
903 1096 1142 1144 ducerent
1179 1099 1382 1144 Romam
1417 1097 1465 1142 et
1496 1097 1842 1158 presentarent
1871 1098 2000 1160 Pape
2031 1111 2093 1145 ne

311 1181 477 1240 posset
500 1178 603 1242 ipse
633 1179 899 1227 cardinalis
921 1195 959 1227 S.
992 1179 1118 1227 Petri
1145 1180 1206 1226 ad
1230 1178 1436 1229 Vincula
1466 1177 1577 1225 duci
1611 1177 1794 1237 Urbini,
1824 1178 1959 1226 affini
1985 1195 2091 1240 suo,

311 1260 585 1320 consulere,
612 1265 659 1310 et
683 1262 725 1309 ei
748 1277 837 1326 pro
861 1262 1230 1326 recuperatione
1259 1261 1331 1309 sui
1354 1264 1507 1309 status
1534 1261 1662 1325 apud
1687 1277 1858 1325 regem
1891 1262 2091 1311 Francie

310 1342 500 1391 favores
545 1344 814 1408 impetrare
855 1360 911 1392 ac
962 1345 1080 1392 alias
1126 1344 1451 1409 designationi
1499 1344 1745 1407 pontificis
1782 1347 1832 1392 et
1881 1344 1969 1394 filii
2018 1344 2093 1393 sui

311 1427 500 1475 obesse.

373 1510 515 1557 Feria
539 1510 700 1570 tertia,
742 1514 801 1558 28
835 1510 1055 1574 ejusdem
1088 1511 1289 1570 mensis,
1324 1510 1487 1574 vigilia
1517 1510 1852 1574 apostolorum
1887 1510 2016 1559 Petri
2043 1513 2092 1560 et

308 1592 460 1652 Pauli,
489 1595 634 1657 Papa,
661 1595 922 1656 antequam
948 1593 1105 1641 exiret
1128 1593 1178 1640 in
1199 1592 1467 1656 publicum,
1495 1593 1681 1641 vocavit
1702 1594 1763 1641 ad
1789 1609 1839 1642 se
1867 1594 2091 1643 cardina-

306 1675 376 1724 les
402 1679 450 1724 et
482 1676 747 1740 publicavit
773 1679 826 1725 R.
857 1680 914 1725 D.
940 1676 1214 1725 ‚Iohannem
1246 1675 1548 1740 Stephanum
1579 1676 1869 1735 Ferrerium,
1898 1676 2089 1741 episco-

305 1776 420 1824 pum
446 1760 826 1820 Bononiensem,
845 1776 990 1825 quem
1017 1761 1095 1809 die
1120 1764 1180 1809 28
1205 1759 1385 1808 mensis
1407 1759 1694 1823 septembris
1709 1776 1821 1808 cum
1840 1759 1947 1808 aliis
1971 1760 2089 1808 duo-

305 1844 464 1892 decim
502 1844 685 1893 creavit
721 1844 1020 1893 cardinalem
1051 1846 1100 1892 et
1129 1843 1262 1892 dedit
1298 1843 1341 1891 ei
1366 1843 1561 1891 titulum
1598 1860 1635 1891 s.
1674 1843 1878 1903 Vitalis3
1912 1843 2086 1893 deinde

304 1927 433 1975 venit
460 1928 520 1975 ad
543 1943 774 1992 vesperas
794 1944 887 1991 que
913 1928 1040 1975 dicte
1067 1931 1176 1975 sunt
1200 1927 1249 1974 in
1271 1927 1458 1990 capella
1482 1927 1685 1991 majore.

367 2014 421 2059 In
446 2026 589 2059 mane
614 2011 853 2075 sequenti,
885 2014 1051 2059 Rmus.
1079 2013 1136 2058 D.
1165 2009 1424 2058 cardinalis
1448 2010 1793 2074 Neapolitanus
1818 2010 2084 2059 celebravit

304 2094 502 2142 missam
540 2094 807 2143 solemnem
844 2094 893 2142 in
931 2093 1136 2142 basilica
1166 2109 1203 2140 s.
1243 2093 1392 2152 Petri,
1423 2095 1552 2156 Papa
1585 2095 1841 2156 presente:
1868 2108 1967 2141 non
1995 2094 2085 2142 fuit

304 2181 500 2226 ostensa
533 2177 760 2226 veronica
794 2194 884 2226 nec
920 2177 1104 2225 ferrum
1140 2177 1336 2235 lancee;
1376 2176 1471 2224 alia
1510 2177 1764 2224 observata
1798 2178 1910 2225 sunt
1943 2192 2083 2225 more

304 2264 556 2310 consueto.

369 2344 638 2404 Dominica,
668 2347 693 2393 3
723 2343 903 2392 mensis
927 2344 1051 2408 julii,
1079 2348 1276 2392 extensa
1298 2343 1387 2392 fuit
1416 2343 1623 2407 quedam
1656 2342 1808 2391 corda
1831 2358 2003 2407 grossa
2032 2343 2081 2391 in

303 2427 436 2475 curia
459 2426 626 2491 palatii
661 2427 916 2491 apostolici
948 2427 1078 2491 apud
1112 2444 1151 2474 s.
1189 2429 1389 2475 Petrum
1423 2426 1504 2475 ubi
1529 2424 1805 2475 cardinales
1835 2425 1993 2475 solent
2020 2442 2080 2475 ex

304 2510 438 2574 equis
474 2527 558 2559 seu
591 2510 736 2558 mulis
773 2511 1090 2571 descendere,
1130 2500 1181 2558 ¹in
1217 2510 1473 2559 altitudine
1508 2512 1715 2574 quatuor
1749 2512 1831 2557 aut
1867 2509 2079 2573 quinque

303 2608 570 2642 cannarum
602 2610 631 2642 a
660 2598 792 2642 terra
829 2595 890 2642 ad
918 2593 1270 2658 longitudinem
1304 2594 1474 2642 decem
1510 2596 1594 2641 aut
1623 2591 1880 2641 duodecim
1905 2608 2085 2642 canna·-

302 2691 412 2725 rum
432 2692 578 2742 super
598 2693 693 2741 qua
711 2677 974 2726 ambulavit
995 2677 1190 2741 quidam
1210 2677 1414 2725 servitor
1434 2675 1748 2725 illustrissimi
1767 2678 1824 2723 D.
1845 2671 2080 2740 Alphonsi

301 2759 532 2825 Estensis,
557 2760 870 2824 primogeniti
895 2760 1030 2808 ducis
1055 2759 1402 2819 Ferrariensis,
1431 2758 1591 2807 mariti
1618 2758 1811 2806 domine
1833 2757 2073 2817 Lucretie‚

303 2843 400 2891 filie
438 2846 584 2907 Pape,
625 2848 860 2902 armatus,
904 2843 1163 2907 quemdam
1200 2858 1408 2907 puerum
1444 2845 1645 2906 portans
1679 2856 1826 2905 super
1858 2840 2076 2889 humeris

302 2927 401 2973 suis
425 2930 473 2974 et
496 2927 660 2990 plures
689 2927 807 2975 alios
833 2929 969 2975 actus
994 2926 1108 2974 fecit
1132 2926 1254 2973 tales
1277 2925 1383 2973 fieri
1408 2926 1592 2983 solitos,
1620 2923 1921 2973 adstantibus
1946 2926 2075 2989 Papa

301 3025 410 3057 cum
433 3009 598 3057 multis
620 3009 964 3067 cardinalibus,
993 3008 1190 3072 prelatis
1214 3012 1261 3056 et
1283 3008 1387 3056 aliis
1411 3008 1699 3057 videntibus.

366 3091 544 3139 Eadem
576 3091 836 3150 dominica,
871 3091 1003 3139 circa
1030 3091 1205 3139 horam
1241 3090 1526 3155 vigesimam
1556 3091 1835 3150 secundam,
1875 3091 1923 3138 in
1956 3107 2072 3139 con-

297 3177 438 3222 ventu
465 3173 694 3238 Miner-ve,
728 3174 844 3222 obiit
871 3175 1069 3237 quidam
1093 3175 1245 3223 frater
1273 3174 1508 3240 Georgius
1534 3175 1796 3223 Alemanus
1821 3173 1879 3222 de
1907 3174 2070 3239 Styria

293 3257 366 3306 vel
392 3256 714 3322 Carinthia(1)
740 3260 823 3306 aut
846 3258 978 3306 circa
1001 3262 1159 3318 natus,
1184 3258 1318 3306 tertii
1344 3255 1525 3306 ordinis
1547 3274 1631 3306 seu
1656 3260 1919 3307 conventus
1943 3257 2069 3306 ordi-

292 3341 364 3388 nis
406 3340 797 3404 predicatorum,
838 3341 979 3390 etatis
1019 3357 1256 3390 annorum
1293 3345 1487 3389 centum
1521 3341 1593 3388 vel
1630 3340 1880 3411 circa,·de
1927 3339 2064 3405 cujus

339 3457 371 3494 1.
402 3456 491 3493 «De
511 3455 675 3505 partibus
697 3454 818 3503 styrie
838 3453 895 3491 vel
917 3454 1116 3492 Carinthie.
1139 3471 1157 3489 »
1180 3455 1271 3493 Mss.
1297 3456 1380 3495 151.
