2202 3918
154 345 263 385 [ΛΟΜ
285 346 380 386 1505]
584 346 752 383 RERUM
779 345 1080 384 URBANARUM
1114 344 1466 382 COMMENTARII.
1869 344 1938 379 397

155 446 471 495 homicidium
493 447 742 496 confessus
763 452 835 494 est
868 446 917 494 in
948 446 1202 506 examine;
1228 450 1425 510 propter
1455 462 1547 509 que
1581 445 1936 494 condemnatus

156 529 639 578 fuerattenaliandus
660 529 836 593 primo,
867 528 1042 577 deinde
1073 528 1243 578 ultimo
1274 528 1510 593 supplicio
1544 528 1822 587 tradendus,
1850 527 1939 576 sed

158 612 271 674 quia
293 617 397 661 erat
421 612 807 678 consanguineus
834 614 890 660 D.
920 611 1104 661 Camilli
1129 612 1458 660 Beneimbene
1492 611 1699 660 obtinuit
1731 611 1938 676 gratiam

160 695 525 758 decapitationis
547 695 800 760 simplicis.

225 779 454 838 Sabbato,
484 782 543 828 25
561 778 688 843 julii,
713 778 936 842 suspensi
959 778 1155 826 fuerunt
1177 781 1383 841 quatuor
1402 777 1450 825 in
1478 792 1649 841 campo
1665 778 1824 836 Flore,
1850 792 1938 841 pro

160 878 218 911 eo
243 864 372 926 quod
396 879 518 911 unus
539 877 728 922 eorum,
759 862 985 912 staferius
1007 862 1200 927 Georgii
1227 861 1457 920 Cesarini,
1498 861 1658 909 fratris
1683 861 1941 909 cardinalis

161 946 392 1006 Cesar-ini,
418 945 645 994 conduxit
669 946 930 1009 quemdam
955 961 1095 993 suum
1110 945 1344 1010 juvenem
1381 944 1630 993 sodomitis
1668 960 1759 1008 pro
1794 955 1943 1008 pecu-

160 1028 260 1087 nia;
289 1028 366 1076 alii
390 1031 488 1077 tres
526 1032 781 1078 tonserunt
820 1029 1061 1088 carlenos,
1100 1043 1306 1092 quorum
1342 1043 1466 1076 unus
1501 1027 1590 1075 fuit
1623 1031 1779 1087 sutor,
1817 1027 1942 1075 alter

161 1112 479 1170 tabernarius,
507 1112 683 1161 tertius
714 1112 974 1161 tabernarii
1007 1111 1134 1160 filius
1168 1112 1243 1160 vel
1276 1111 1502 1171 famulus,
1537 1115 1583 1158 et
1619 1110 1708 1159 fuit
1746 1110 1805 1158 de
1838 1113 1944 1159 ton-

162 1211 277 1243 sura
297 1195 605 1244 carlenorum
628 1195 823 1244 circiter
843 1196 1049 1243 duarum
1073 1195 1307 1243 librarum
1330 1209 1476 1259 super
1499 1193 1710 1257 quodam
1739 1192 1945 1240 tabulet-

161 1283 226 1336 to,
252 1279 392 1342 juxta
414 1278 590 1339 furcas,
617 1294 736 1343 quas
751 1279 909 1327 lector
930 1279 1254 1327 custodiebat.
1890 1280 1892 1282 ’

229 1361 498 1420 Dominica‚
527 1364 586 1409 27
607 1362 734 1425 julii,
757 1362 879 1410 hora
899 1361 1130 1426 vigesima
1164 1361 1394 1420 secunda,
1421 1361 1496 1409 vel
1528 1361 1678 1420 circa,
1710 1359 1837 1408 sacta
1870 1363 1944 1407 est

160 1459 248 1508 per
270 1460 495 1509 campum
519 1444 661 1493 Flore
686 1445 747 1493 ad
769 1461 808 1493 s.
834 1447 1031 1493 Petrum
1054 1449 1272 1494 monstra
1285 1444 1502 1508 gentium
1520 1459 1768 1492 armorum
1789 1443 1943 1491 hono-

162 1528 401 1576 ratissime
426 1533 743 1577 armatorum.
766 1529 914 1577 Primi
940 1567 1201 1577 .......
1229 1529 1303 1577 vel
1326 1529 1456 1579 circa
1476 1532 1615 1576 erant
1643 1567 1652 1575 .
1684 1566 1693 1575 .
1724 1565 1734 1575 .
1762 1529 1944 1575 Secun-

164 1611 225 1659 do
246 1626 451 1660 numero
481 1648 490 1658 .
525 1650 534 1659 .
567 1612 664 1660 ‚vel
687 1612 822 1660 circa
838 1650 1008 1659 .....
1038 1612 1250 1660 Prefecti
1266 1611 1431 1660 Urbis.
1463 1649 1472 1658 .
1505 1611 1607 1659 ‚vel
1622 1611 1751 1659 circa
1757 1646 1935 1657 .....

179 1693 478 1742 marchionis
520 1695 765 1742 Mantuani
801 1694 882 1759 (1),
915 1733 924 1742 .
957 1733 1002 1742 ..
1039 1695 1119 1758 qui
1156 1710 1326 1743 omnes
1378 1710 1488 1743 cum
1527 1694 1597 1741 eis
1637 1693 1938 1757 equitabant.

224 1776 447 1834 VeneriS,
476 1778 633 1840 prima
656 1777 864 1841 augusti,
895 1794 933 1824 5.
962 1777 1087 1826 Petri
1110 1778 1171 1825 ad
1192 1777 1417 1836 Vincula,
1436 1792 1527 1841 ego
1550 1768 1795 1825 ‚Iohannes
1819 1774 1945 1838 epis-

166 1875 316 1923 copus
353 1862 576 1920 Ortanus,
626 1861 687 1908 ad
719 1865 947 1923 rogatum
983 1876 1021 1908 S.
1064 1860 1193 1908 Petri
1231 1860 1290 1908 ad
1327 1859 1553 1918 Vincula,
1601 1863 1734 1908 stans
1776 1873 1946 1905 versus

167 1943 401 2006 populum
423 1948 565 2006 prout
588 1943 637 1990 in
662 1959 701 1991 S.
730 1945 896 2002 Petro,
924 1943 1165 1991 celebravi
1195 1943 1396 1990 missam
1423 1942 1693 1990 solemnem
1728 1941 1778 1989 in
1807 1940 1947 1989 altari

166 2025 342 2090 maj0ri
364 2026 584 2073 ecclesie.
610 2026 936 2074 Inter-fuerunt
959 2041 1132 2074 novem
1154 2025 1448 2084 cardinaleS‚
1482 2025 1707 2073 videlicet
1734 2041 1771 2073 s.
1797 2027 1947 2073 Geor-

167 2108 251 2172 gii,
274 2108 644 2170 Alexandrinus,
670 2110 975 2169 Cusentinus,
1001 2109 1253 2158 Cumeusis
1277 2112 1326 2158 et
1358 2109 1731 2167 Volaterranus,
1772 2123 1801 2156 a
1837 2108 1952 2156 dex-

170 2192 287 2240 teris
306 2192 453 2253 sedis,
495 2192 728 2242 facientes
763 2196 908 2257 caput
943 2192 1072 2256 apud
1102 2193 1287 2253 sedem,
1317 2195 1365 2240 et
1397 2192 1650 2250 Columna,
1687 2190 1948 2255 Aragonia,

170 2275 390 2323 Elnensis
413 2281 589 2340 etpost
619 2292 678 2326 ea
701 2293 740 2324 s,
762 2277 895 2325 Petri
917 2276 978 2324 ad
990 2275 1220 2333 Vincula3
1249 2281 1297 2323 et
1318 2275 1506 2339 capelle
1540 2277 1765 2323 cantores
1793 2278 1955 2322 canta-

170 2362 362 2407 verunt.
391 2359 638 2408 Celebravi
661 2360 710 2407 in
726 2359 1021 2424 paramentis
1037 2359 1222 2407 rubeis:
1241 2358 1532 2407 videbantur
1548 2358 1659 2406 alba
1673 2357 1953 2406 convenire.

175 2441 382 2497 Quidam
406 2443 735 2506 cappucciuus
757 2443 914 2491 dictus
939 2443 1350 2501 Pedemontanus,
1388 2441 1647 2490 familiaris
1672 2457 1711 2489 s.
1740 2441 1875 2489 Petri
1895 2440 1958 2488 ad

174 2524 397 2585 Vincula,
424 2525 513 2573 fuit
536 2526 768 2573 assistens
793 2541 953 2585 meus;
978 2525 1059 2589 qui
1084 2529 1134 2574 et
1158 2525 1234 2573 die
1251 2514 1439 2573 sabbati
1456 2524 1674 2588 sequenti
1699 2523 1961 2572 celebravit

178 2607 378 2656 missam
404 2608 639 2672 privatam
665 2608 714 2655 in
739 2608 927 2672 capella
948 2608 1171 2672 ejusdem
1203 2607 1464 2656 cardinalis
1489 2611 1750 2670 antequam
1779 2607 1961 2655 faceret

180 2691 495 2755 signaturam,
539 2694 588 2740 et
619 2691 850 2740 mercurii
895 2690 1143 2755 sequentis
1182 2690 1258 2739 vel
1293 2690 1428 2739 circa
1465 2689 1681 2754 sepultus
1718 2705 1775 2737 ex
1800 2686 1957 2753 peste.

178 2774 470 2837 Requiescat
489 2774 537 2822 in
563 2790 700 2839 pace.

244 2857 379 2906 Idem
421 2858 681 2906 cardinalis
720 2875 756 2907 5.
786 2858 915 2907 Petri
957 2858 1018 2906 ad
1062 2857 1285 2918 Vincula,
1325 2857 1402 2906 die
1439 2855 1644 2915 sabbati,
1687 2858 1715 2902 2
1752 2853 1959 2918 augusti,

181 2940 386 2989 recessit
409 2957 468 2989 ex
492 2942 622 2991 Urbe
647 2947 695 2991 et
720 2941 948 3006 equitavit
972 2941 1034 2990 ad
1055 2941 1300 2990 abbatiam
1325 2956 1462 2989 suam
1491 2939 1793 2997 Farfensem,
1820 2953 1968 2986 causa

183 3024 516 3084 recreationis,
553 3029 601 3074 et
625 3027 756 3089 Papa
781 3025 912 3074 circa
933 3025 1082 3073 finem
1107 3025 1360 3090 signature
1385 3023 1632 3072 commisit
1668 3022 1966 3086 signaturam

187 3121 382 3154 omnem
402 3107 452 3155 in
471 3108 692 3157 absentia
713 3125 751 3157 S.
773 3108 905 3158 Petri
924 3108 985 3156 ad
998 3108 1204 3159 Vincula
1226 3107 1456 3172 episcopo
1471 3105 1765 3170 Agennensi‚
1784 3103 1964 3152 ibidem

186 3190 419 3251 presenti,
445 3191 628 3240 faciens
651 3193 712 3241 de
736 3192 942 3241 consilio
964 3195 1021 3240 D.
1046 3192 1175 3240 della
1199 3194 1360 3250 Porta,
1387 3189 1654 3254 Regiensis.

252 3274 405 3330 Lune,
443 3276 495 3320 11
529 3276 737 3339 augusti,
767 3275 973 3325 recessit
1012 3291 1071 3324 ex
1104 3276 1231 3324 Urbe
1266 3274 1362 3322 dux
1401 3273 1571 3321 Urbini
1615 3286 1726 3320 cum
1763 3270 1964 3335 reliquis

189 3354 430 3417 equitibus
449 3357 566 3416 suis,
593 3359 706 3421 quia
727 3359 848 3408 alios
872 3358 1159 3422 premiserat
1183 3358 1244 3406 ad
1266 3355 1605 3406 Romandiolas
1630 3354 1808 3403 iturus.

239 3455 271 3492 1.
302 3455 419 3491 Mcme
440 3454 568 3493 lacune
585 3457 677 3495 dans
699 3462 782 3495 tous
801 3457 855 3494 les
875 3469 964 3494 mss.
