2228 3938
213 364 423 403 [Decembre
444 363 536 404 1502]
659 360 828 398 RERUM
860 356 1161 396 URBANARUM
1193 356 1543 395 COMMENTARII.
1924 360 1988 395 181

211 471 342 527 tano,
373 470 620 531 Capuam),
645 461 935 519 s.Severini,
966 460 1172 518 Estensi,
1201 461 1450 518 Cesarino‚
1480 462 1713 509 Farnesio
1740 464 1789 510 et
1813 462 1991 524 Borgia

210 569 266 600 ac
292 553 415 600 duce
439 547 789 601 valentinensi.
809 545 1079 595 Cardinalis
1106 545 1284 609 Borgia
1309 545 1646 603 citorecessit,
1672 545 1994 609 aliiperman-

207 639 395 684 serunt.
437 634 701 698 Episcopus
727 630 980 679 Adriensis
1019 629 1132 678 fecit
1170 645 1448 678 sermonem
1480 629 1577 677 sive
1610 629 1905 687 orationem,
1942 633 1990 678 et

208 723 340 783 Papa
369 717 588 783 pluribus
617 715 798 763 viribus
821 713 940 761 dixit
966 713 1010 761 ei
1036 713 1164 775 quod
1187 713 1329 760 citius
1355 713 1628 776 expediret.
1664 714 1768 768 Quo
1795 712 1990 761 tandem

207 803 362 861 finito,
393 805 496 849 erat
524 803 634 850 ante
664 801 844 862 Papam
870 798 1031 861 posita
1058 797 1265 860 quedam
1294 812 1464 845 mensa
1491 797 1584 844 sive
1613 796 1779 844 tabula
1813 812 1990 844 conve-

206 887 362 934 niens.
389 884 716 933 Accesserunt
733 884 844 929 ante
869 884 1048 944 Papam
1070 881 1210 944 juxta
1231 896 1448 928 mensam
1472 880 1764 944 predictam,
1796 882 1851 928 D.
1881 883 1991 928 Fer-

208 970 464 1027 dinandUS‚
490 968 642 1016 frater
667 970 714 1013 et
736 968 1031 1029 procurator
1058 965 1242 1028 sponsi,
1272 967 1321 1012 et
1348 967 1404 1012 D.
1439 964 1664 1012 Lucretia
1695 964 1772 1011 cui
1801 964 1902 1027 ipse
1928 967 1985 1012 D.

209 1052 543 1102 Ferdinandus
557 1049 759 1115 proprio
775 1049 971 1097 nomine
986 1048 1150 1097 fratris
1166 1049 1238 1096 sui
1262 1048 1493 1112 imposuit
1509 1051 1564 1096 D.
1583 1048 1811 1096 Lucretie
1824 1063 1991 1111 quem-

206 1137 317 1184 dam
341 1135 574 1184 annulum
599 1149 799 1182 aureum
826 1149 910 1180 seu
933 1147 1195 1196 gemmam,
1222 1135 1368 1195 prout
1389 1131 1550 1180 socius
1573 1147 1710 1179 meus
1728 1130 1844 1179 mihi
1861 1134 1991 1179 retu-

205 1221 275 1277 lit,
311 1220 393 1284 qui
430 1219 630 1283 propius
658 1217 791 1265 vidit.
827 1216 1083 1280 Apportati
1121 1215 1297 1264 deinde
1333 1215 1533 1264 fuerunt
1568 1232 1657 1280 per
1694 1219 1886 1264 Rmum.
1930 1218 1985 1263 D.

204 1303 504 1352 cardinalem
532 1304 784 1350 Estensem
809 1303 857 1348 et
880 1299 1083 1347 fratrem
1109 1300 1272 1363 sponsi
1298 1308 1508 1363 quatuor
1535 1299 1614 1347 alii
1641 1299 1803 1347 annuli
1827 1300 1990 1362 magni

205 1387 399 1446 valoris,
433 1386 636 1443 diamas‚
675 1384 895 1441 rubinus,
930 1384 1219 1447 smaragdus
1253 1387 1301 1431 et
1335 1383 1612 1441 turchinus3
1648 1386 1696 1431 et
1729 1386 1991 1446 apportata

205 1486 302 1518 una
325 1485 472 1534 capsa
497 1485 645 1533 supra
674 1468 852 1516 dictam
893 1483 1113 1515 mensam
1145 1468 1317 1530 posita,
1352 1470 1399 1515 et
1431 1467 1489 1514 de
1527 1467 1758 1514 mandato
1783 1466 1990 1530 predicti

208 1553 472 1602 cardinalis
495 1555 666 1616 aperta
690 1551 771 1614 qui
803 1551 1007 1598 extraxit
1038 1567 1097 1597 ex
1127 1566 1186 1599 ea
1221 1566 1368 1598 unam
1401 1550 1620 1598 scuffiam
1656 1550 1751 1597 sive
1780 1550 1989 1597 biretum

206 1640 287 1685 aut
309 1638 647 1684 ornamentum
672 1634 840 1697 capitis
871 1649 982 1681 cum
1014 1634 1260 1682 sexdecim
1290 1634 1641 1692 adamantibus,
1677 1633 1877 1682 totidem
1903 1634 1990 1681 ba-

208 1720 349 1768 lassis
385 1722 434 1768 et
469 1719 668 1766 circiter
702 1719 898 1765 centum
933 1720 981 1765 et
1011 1716 1363 1781 quinquaginta
1393 1716 1542 1780 perlis
1579 1717 1675 1764 sive
1711 1717 1990 1781 margaritis

207 1804 416 1869 grossis3
437 1803 552 1851 item
576 1806 786 1866 quatuor
808 1802 1010 1851 collaria
1034 1802 1128 1849 sive
1154 1804 1356 1864 torques
1377 1817 1488 1849 cum
1505 1801 1850 1864 pulcherrimis
1873 1801 1992 1865 lapi-

207 1888 347 1935 dibus
370 1887 597 1950 pretiosis
618 1890 666 1934 et
687 1885 984 1950 margaritis,
1010 1885 1126 1933 item
1150 1889 1260 1933 octo
1287 1884 1486 1932 monilia
1510 1884 1834 1932 diversissime
1859 1884 1992 1933 labo-

146 2018 149 2020 ,
206 1975 315 2019 rata
360 1970 421 2018 ad
459 1970 833 2033 appendendum
870 1969 1060 2032 pectori
1097 1968 1172 2016 vel
1210 1968 1372 2031 capiti,
1414 1984 1525 2015 cum
1562 1968 1764 2016 diversis
1802 1969 1991 2031 magnis

206 2054 445 2118 lapidibus
476 2053 701 2116 pretiosis
735 2056 782 2101 et
809 2051 1105 2117 margaritis3
1131 2052 1248 2100 item
1280 2056 1327 2099 et
1358 2052 1454 2100 alia
1483 2051 1683 2100 monilia
1707 2068 1733 2100 a
1758 2052 1991 2116 predictis

205 2138 408 2196 diversa,
443 2137 712 2186 successive
740 2141 948 2200 quatuor
982 2136 1075 2184 alia
1107 2136 1284 2184 iterum
1306 2136 1496 2184 diversa
1524 2141 1569 2184 et
1605 2136 1986 2200 pretiosissima;

207 2223 323 2286 item
345 2226 552 2285 quatuor
577 2237 778 2286 magnas
800 2220 952 2269 filcias
975 2221 1349 2284 margaritarum
1378 2220 1846 2284 pulcherrimarum;
1872 2220 1989 2269 item

204 2309 411 2370 quatuor
452 2305 806 2369 pulcherrimas
845 2319 1016 2353 cruces
1050 2320 1251 2368 quarum
1287 2320 1382 2352 una
1422 2307 1527 2352 erat
1560 2304 1609 2351 in
1639 2304 1795 2352 forma
1827 2304 1988 2352 crucis

206 2406 244 2436 s.
269 2389 479 2448 Andree,
507 2388 598 2436 alie
620 2393 720 2437 tres
744 2388 792 2436 in
811 2388 967 2436 forma
988 2388 1146 2436 crucis
1168 2387 1346 2436 Christi
1366 2388 1425 2436 de
1458 2387 1794 2436 adamantibus
1818 2392 1865 2436 et
1886 2387 1989 2435 aliis

204 2471 447 2535 lapidibus
477 2472 731 2534 pretiosis3
768 2475 956 2519 tantem
989 2471 1136 2518 aliam
1169 2470 1410 2530 scuffiam,
1437 2471 1590 2535 prime
1621 2471 1756 2534 quasi
1788 2486 1985 2534 parem3

205 2570 312 2618 quae
347 2554 511 2602 omnia
546 2555 768 2602 estimata
803 2555 863 2602 ad
898 2554 1115 2602 valorem
1151 2557 1178 2602 8
1211 2554 1364 2602 millia
1401 2555 1691 2602 ducatorum
1725 2553 1788 2619 (1)
1827 2554 1990 2602 oblata

208 2653 382 2702 sponse
412 2653 501 2702 per
527 2637 826 2685 cardinalem
856 2640 1108 2685 Estensem
1130 2636 1286 2684 verbis
1307 2636 1628 2685 ornatissimis
1652 2652 1709 2684 eo
1738 2637 1867 2700 quod
1891 2652 1986 2684 non

206 2721 319 2770 velit
342 2737 401 2770 ea
434 2737 686 2785 spernere3
724 2736 834 2769 cum
869 2720 1014 2769 fuerit
1038 2721 1284 2779 Ferrarie,
1319 2721 1415 2768 dux
1445 2720 1580 2768 dabit
1607 2719 1717 2767 alia.
1755 2722 1885 2783 Papa
1910 2736 1987 2767 re-

207 2805 353 2853 traxit
378 2821 428 2853 se
451 2805 511 2853 ad
539 2809 822 2868 sequentem
848 2804 1008 2852 aulam
1031 2804 1127 2852 sive
1150 2819 1395 2852 cameram
1419 2803 1685 2862 Paulinam,
1712 2806 1759 2851 et
1781 2808 1983 2866 sequute

206 2893 316 2937 sunt
337 2904 447 2938 eum
474 2889 698 2937 Lucretia
723 2904 832 2937 cum
854 2889 1140 2936 mulieribus
1161 2893 1206 2937 et
1230 2888 1394 2936 multis
1417 2887 1540 2948 aliis,
1564 2890 1611 2935 et
1631 2890 1917 2935 manserunt
1936 2887 1985 2934 in

204 2972 386 3036 palatio
407 2988 560 3036 usque
579 2973 640 3020 ad
664 2972 1008 3020 duodecimam
1035 2972 1211 3020 horam
1241 2972 1399 3019 noctis
1428 2971 1499 3019 vel
1523 2971 1678 3028 circa,
1709 2970 1984 3018 cardinales

205 3058 253 3102 et
279 3055 360 3103 alii
387 3055 468 3118 qui
496 3055 771 3113 voluerunt,
795 3061 1124 3103 recesserunt.
1159 3055 1355 3104 Interim
1381 3071 1493 3103 cum
1528 3054 1764 3118 premissa
1791 3053 1979 3110 fierent,

204 3137 344 3186 datus
374 3142 449 3187 est
473 3139 730 3187 conflictus
764 3139 956 3187 cuidam
981 3144 1141 3188 castro
1172 3139 1335 3203 ligneo
1364 3139 1461 3187 sive
1496 3138 1711 3187 tabulato
1740 3138 1786 3184 in
1822 3137 1983 3200 platea

208 3235 246 3267 s.
271 3222 402 3269 Petri
425 3238 514 3285 per
535 3227 705 3286 gentes
730 3222 867 3269 ducis
888 3222 1263 3271 Valentinensis.

255 3366 289 3402 1.
312 3367 364 3402 La
384 3372 519 3405 sonime
540 3373 597 3406 est
625 3370 755 3407 laissee
776 3383 820 3407 en
839 3371 946 3408 blanc
965 3371 1058 3408 dans
1079 3370 1110 3407 le
1129 3372 1236 3415 5522,
1252 3371 1288 3415 4,
1317 3370 1378 3407 fol.
1400 3371 1484 3414 362,
1504 3382 1558 3414 ν.;
1577 3369 1706 3408 17737,
1725 3368 1748 3404 f.
1772 3368 1856 3408 341,
1878 3379 1913 3404 v.
1932 3367 1981 3404 Le

207 3426 272 3461 151
292 3425 445 3472 donne:
469 3441 487 3462 α
508 3428 554 3464 ad
583 3430 650 3465 100
672 3441 710 3475 »3
732 3432 794 3478 qui
820 3442 866 3467 ne
887 3430 1022 3467 saurait
1040 3433 1115 3466 etre
1147 3434 1266 3466 exact.
1299 3429 1367 3466 J'ai
1395 3429 1490 3466 snivi
1511 3429 1544 3464 la
1563 3428 1665 3472 lecon
1681 3427 1731 3463 du
1753 3426 1878 3475 Chigi.
1899 3427 1921 3464 l.
1950 3429 1981 3469 ¹.

207 3486 265 3529 14,
289 3484 348 3522 sol.
371 3485 454 3529 345,
474 3486 536 3534 qui
557 3488 678 3525 donne
697 3500 706 3525 :
729 3503 777 3526 α..
794 3490 964 3527 estimata
983 3490 1028 3525 ad
1050 3490 1208 3526 valorem
1221 3491 1244 3525 8
1263 3489 1415 3526 oblata..
1436 3504 1454 3521 n
