2210 3944
228 343 311 384 [Mai
334 342 428 382 1500]
656 339 827 378 RERUM
859 340 1164 378 URBANARUM
1198 340 1548 378 COMMENTARII.
1966 346 2013 381 53

230 459 357 492 anno
394 442 744 490 incarnationis
780 441 1026 492 dominice
1063 445 1172 502 MD,
1201 443 1310 493 Kal.
1341 443 1484 508 junii,
1508 443 1822 508 pontificatus
1854 446 2010 493 nostri

214 542 354 582 ranno
380 529 567 575 octavo.
602 507 678 591 »s
1003 534 1006 537 ’
1628 540 1630 542 ·

293 630 315 654 «
342 609 620 658 Alexander
651 608 924 673 episcopUS,
961 627 1126 659 servus
1163 628 1419 661 servorum
1452 612 1555 671 Dei,
1595 613 1657 660 ad
1689 612 1905 660 futuram
1935 612 2008 660 rei

214 692 615 750 memoriam.·Si
642 692 997 751 ecclesiasticos
1021 710 1191 743 omnes
1214 696 1264 743 in
1287 696 1513 744 universo
1538 696 1658 743 orbe
1686 695 2008 743 consistentes

34 799 105 882 ηιμ
161 808 179 866 ἃ,
223 780 269 825 et
312 776 600 841 incipientes
629 792 658 824 a
684 776 824 824 nobis
854 777 988 841 ipsis,
1038 779 1185 827 etiam
1229 780 1535 828 venerabiles
1585 779 1766 827 fratres
1811 783 2007 828 nostros

0 857 48 945 >ff
75 857 163 945 5(ss
221 877 259 909 s.
280 863 496 908 Romane
518 859 723 908 ecclesie
753 861 1029 909 cardinales
1053 866 1101 911 et
1125 863 1367 926 quoslibet
1390 866 1606 911 Romane
1620 863 1754 910 curie
1771 862 2006 911 officiales

35 934 156 1062 ἦ),
221 959 277 992 ac
303 943 521 992 subditos
545 946 593 990 et
619 943 777 992 eidem
804 945 1008 993 ecclesie
1035 947 1281 1011 subjectos
1304 963 1426 1010 quos
1451 947 1512 994 ab
1529 946 1762 994 oneribus
1784 946 2005 994 relevare

0 999 34 1056 fd
60 1030 93 1106 tx
136 1017 152 1065 l
163 1041 200 1119 ᾧ
220 1031 464 1087 tenemur,
491 1030 700 1091 urgente
726 1044 920 1077 summa
940 1030 1232 1079 necessitate
1248 1030 1364 1078 fidei
1383 1030 1623 1078 catholice
1640 1031 1688 1077 et
1712 1029 2005 1093 gravissimis

15 1110 44 1143 W
93 1106 109 1121 ”
149 1118 160 1132 ²
219 1110 451 1176 pefficuhs
503 1111 886 1161 chrssfianoruni
933 1113 1300 1163 hnnnnenfibus
1338 1130 1540 1178 grawne
1584 1113 2003 1177 cogunur,Judei

205 1211 412 1259 ,quoque
439 1196 500 1244 ab
525 1211 584 1243 ea
609 1195 920 1260 impositione
956 1198 1198 1246 immunes
1229 1214 1333 1246 esse
1360 1212 1460 1246 non
1492 1198 1689 1256 debent,
1726 1212 1838 1245 cum
1875 1196 2003 1245 inter

217 1279 604 1328 christianorum
643 1279 862 1329 dominia
898 1282 1149 1330 constituti
1175 1283 1383 1331 liberam
1411 1283 1472 1330 ab
1510 1281 1590 1329 eis·
1615 1282 1798 1330 ducere
1831 1281 1996 1341 vitam,

215 1363 266 1410 in
291 1362 466 1411 ritibus
482 1363 581 1411 suis
608 1365 892 1427 persistere,
914 1365 1104 1414 divitias
1127 1366 1408 1430 adquirere,
1443 1365 1704 1430 multisque
1729 1365 1835 1413 aliis
1855 1364 2003 1428 privi-

212 1446 354 1511 legiis
386 1447 602 1510 gaudere
627 1447 994 1511 permittantur,
1024 1452 1072 1497 et
1097 1465 1202 1498 sese
1227 1449 1437 1513 denique
1462 1465 1521 1497 ex
1550 1449 1822 1518 commodis
1848 1448 2000 1496 chris-

200 1531 461 1593 tianorum
506 1533 802 1590 sustentare,
831 1548 887 1580 ac
912 1532 1095 1581 liberos
1120 1536 1167 1580 et
1193 1549 1365 1581 eornm
1389 1532 1600 1581 familias
1635 1533 1769 1580 alere
1800 1532 1998 1596 dignos-

199 1610 404 1673 cantur,
437 1614 627 1678 ipsique
650 1615 807 1674 Judei,
830 1615 867 1662 si
885 1616 1163 1664 christianis
1179 1632 1412 1680 pressura
1426 1616 1695 1675 obvenerit,
1715 1617 1846 1679 quod
1867 1618 1997 1663 Deus

213 1714 304 1762 pro
334 1713 422 1745 sua
451 1697 714 1745 clementia
748 1701 952 1757 avertat,
1001 1700 1411 1748 detrimentorum
1451 1702 1612 1748 essent
1642 1699 1909 1764 participes
1949 1703 1997 1748 et

213 1797 386 1830 eorum
420 1780 639 1845 periculo
677 1781 746 1829 uti
781 1785 951 1831 nostro
976 1799 1057 1830 res
1085 1787 1333 1848 ageretur.
1365 1786 1636 1847 Propterea
1670 1784 1732 1832 ad
1771 1783 1996 1834 evitanda

199 1869 349 1927 vtanta
372 1865 596 1929 pericula
619 1880 669 1912 se
695 1881 807 1912 cum
835 1866 933 1913 suis
958 1866 1269 1914 facultatibus
1299 1867 1580 1930 propositos
1604 1867 1831 1915 convenit
1858 1867 1994 1915 exhi-

209 1949 328 1997 bere
358 1965 368 1996 ε
406 1964 517 2013 cum
553 1948 716 2012 itaque
759 1949 1070 2012 perfidissimi
1104 1953 1261 1998 Turce
1294 1950 1550 1998 christiani
1580 1950 1793 1998 nominis
1822 1950 1991 2000 hostes

195 2032 534 2082 ‚christianum
562 2032 853 2096 sanguinem
880 2033 1110 2081 continue
1133 2034 1350 2082 sitientes
1376 2050 1432 2083 ac
1465 2034 1596 2082 omni
1620 2037 1798 2082 conatu
1832 2035 1991 2082 chris-

206 2117 457 2166 tianorum
484 2119 645 2165 terras
671 2120 815 2181 atque
840 2117 1058 2165 dominia
1082 2134 1166 2166 sue
1183 2118 1430 2183 tyrannidi
1448 2134 1504 2166 ac
1524 2118 1842 2182 spurcissime
1859 2122 1989 2168 secte

205 2201 451 2264 subjicere
477 2203 757 2263 querenteS,
785 2201 1029 2265 superiori
1046 2204 1094 2250 et
1118 2202 1335 2266 presenti
1354 2218 1481 2250 anno
1493 2202 1842 2251 validissimam
1865 2203 1988 2251 clas—

194 2299 309 2334 sem
333 2283 653 2344 maritimam,
689 2284 1057 2348 maximumque
1088 2288 1375 2334 terrestrem
1406 2286 1678 2334 exercitum
1711 2286 1772 2333 ad
1802 2303 1987 2351 expug-

203 2368 420 2416 nandum
445 2370 642 2427 statum,
678 2371 841 2417 terras
884 2372 1028 2432 atque
1062 2368 1280 2417 dominia
1302 2369 1597 2417 dilectorum
1629 2369 1863 2428 filiorum,
1897 2385 1986 2418 no-

199 2451 375 2518 bilium
398 2451 618 2499 virorum
635 2452 894 2515 Augustini
915 2453 1184 2501 Barbadico
1204 2453 1341 2501 ducis
1369 2456 1417 2501 et
1441 2453 1645 2501 dominii
1660 2453 1982 2502 Venetiarum

201 2533 543 2592 instruxerint,
574 2534 886 2598 diversasque
925 2535 1232 2603 incursiones
1269 2537 1539 2596 effecerint,
1570 2540 1617 2584 et
1652 2537 1807 2585 multa
1828 2537 1982 2586 millia

202 2617 481 2665 animarum
512 2617 805 2666 abduxerint
829 2633 884 2666 ac
918 2618 967 2664 in
998 2619 1332 2666 miserabilem
1359 2622 1540 2667 statum
1574 2620 1860 2683 redegerint
1895 2621 1981 2668 vil-

152 2719 156 2722 ·
190 2701 365 2764 ,13εᾳιιθ
390 2703 438 2748 et
460 2700 570 2748 loca
594 2700 807 2764 plurima
827 2701 938 2764 igne
964 2701 1193 2765 ferroque
1218 2702 1514 2750 vastaverint
1540 2718 1596 2750 ac
1621 2703 1820 2750 tandem
1849 2705 1980 2751 Nau-

193 2788 391 2849 pactum
431 2783 679 2831 civitatem
711 2784 903 2847 aliaque
932 2785 1114 2848 oppida
1143 2788 1191 2832 et
1214 2785 1322 2833 loca
1347 2785 1598 2833 maritima
1630 2785 1978 2834 circumvicina

192 2867 522 2915 munitissima
564 2867 607 2914 vi
656 2870 703 2915 et
750 2868 901 2915 armis
950 2868 1188 2937 ceperint,
1230 2868 1510 2916 christianis
1541 2869 1786 2927 omnibUS,
1830 2869 1979 2917 etiam

191 2950 537 2998 ecclesiasticis
562 2954 612 2998 et
637 2950 881 3015 religiosis
907 2951 1161 3014 utriusque
1186 2968 1329 2999 sexus
1349 2952 1498 3001 etiam
1524 2952 1796 3016 pontificali
1818 2953 1978 3016 digni-

189 3037 289 3101 tate
305 3033 529 3096 preditis,
561 3049 616 3081 ac
642 3018 997 3098 pregnantibus
1021 3051 1133 3082 cum
1170 3035 1410 3083 semivivis
1451 3036 1757 3099 corpusculis
1797 3037 1976 3090 crude—

187 3115 373 3163 lissime
417 3117 541 3164 cesis
570 3121 617 3165 et
661 3117 945 3176 interfectis,
995 3122 1043 3166 et
1077 3118 1184 3166 aliis
1232 3118 1280 3166 in
1325 3118 1641 3167 durissimam
1689 3120 1973 3167 servitutem

187 3199 419 3258 redactiS,
440 3200 635 3264 templis
660 3200 924 3249 Salvatoris
949 3202 1105 3249 nostri
1129 3201 1328 3265 pollutis
1355 3204 1402 3248 et
1427 3202 1601 3249 dirutis
1626 3218 1682 3250 ac
1704 3218 1846 3249 suum
1871 3218 1974 3250 ma-

188 3282 291 3330 hun
324 3286 373 3331 et
418 3283 641 3347 huquuni
683 3284 991 3348 propoffltuni
1039 3285 1267 3333 confinue
1298 3285 1562 3336 stsswenfius
1596 3288 1965 3349 prosequente&

189 3368 236 3412 et
261 3365 382 3413 nihil
404 3367 535 3414 aliud
561 3367 644 3414 diu
669 3371 914 3431 noctuque
941 3371 1204 3431 querentes
1228 3384 1374 3432 quam
1397 3368 1562 3416 omnia
1587 3368 1968 3416 christianorum

189 3448 408 3496 dominia
433 3466 517 3497 sue
553 3451 799 3514 tyrannidi
843 3454 891 3498 et
924 3452 1240 3515 spurcissime
1266 3455 1397 3500 secte
1430 3451 1674 3513 subjicere
1711 3465 1766 3497 ac
1805 3449 1965 3512 legem

0 1124 18 1179 i
55 1155 74 1214 ‘i
96 1123 164 1186 ‘tw
