2228 3938
182 373 458 414 [Fevrier1501]
618 371 785 408 RERUM
818 370 1122 408 URBANARUM
1154 368 1504 409 COMMENTARII.
1893 375 1961 411 115

184 474 450 539 triennium
474 475 706 522 duntaxat
729 471 1094 537 persolvendaS‚
1126 471 1354 520 levandas
1387 475 1434 520 et
1461 473 1725 537 exigendas
1752 475 1801 522 in
1833 475 1962 539 ejus-

185 558 297 606 dem
320 557 435 607 fidei
472 572 594 621 opus
617 561 663 604 et
687 555 1023 604 defensionem
1054 556 1102 602 et
1129 570 1227 601 non
1252 554 1301 602 in
1332 555 1451 603 alios
1476 572 1593 604 usus
1618 557 1818 613 omnino
1844 574 1961 606 con-

186 642 442 690 vertendos
471 656 558 704 per
579 639 696 687 alias
720 640 914 686 nostras
937 637 1124 685 litteras
1145 637 1206 685 de
1228 638 1431 686 fratrum
1457 642 1740 689 nostrorum
1760 641 1962 689 consilio

184 725 469 773 duxerimus
487 722 824 787 imponendos,
844 724 992 785 prout
1016 721 1066 768 in
1082 721 1283 785 singulis
1302 721 1480 770 litteris
1505 719 1752 786 preteritis
1775 725 1962 789 plenius

185 809 481 857 continetur.
518 809 613 855 Nos
648 805 899 869 cupientes
934 805 1064 868 quod
1102 805 1292 867 decima
1327 808 1376 854 et
1412 807 1650 870 vigesima
1683 808 1963 873 hujusmodi

176 892 318 956 juxta
343 890 645 955 singularum
667 888 942 959 litterarum
974 889 1257 936 earumdem
1288 890 1638 938 continentiam
1668 894 1716 939 et
1740 894 1964 940 tenorem

185 975 453 1039 exigantur,
490 977 555 1032 te,
597 973 678 1037 qui
718 973 864 1021 etiam
900 972 1230 1021 cubicularius
1264 976 1430 1021 noster
1462 973 1627 1022 existis
1656 977 1704 1022 et
1733 975 1793 1022 de
1826 975 1964 1039 cujus

183 1058 450 1122 probitate,
485 1057 718 1106 fidelitate
753 1073 809 1104 ac
840 1056 1091 1120 diligentia
1126 1056 1389 1120 specialem
1423 1057 1472 1105 in
1499 1057 1706 1105 Domino
1737 1058 1965 1106 fiduciam

184 1141 480 1200 obtinemus,
510 1141 560 1188 in
585 1140 809 1188 omnibus
832 1155 889 1188 ac
915 1139 1113 1203 singulis
1140 1140 1401 1204 provinciis
1427 1143 1475 1189 et
1498 1141 1791 1201 civitatibus,
1820 1141 1966 1191 terris

185 1229 233 1273 et
255 1225 396 1285 locis,
424 1224 563 1273 nobis
588 1227 635 1272 et
659 1225 819 1273 eidem
849 1226 1066 1272 Romane
1100 1223 1304 1272 ecclesie
1336 1225 1547 1273 mediate
1579 1224 1655 1274 vel
1684 1225 1966 1274 immediate

184 1308 235 1356 in
270 1308 408 1358 Italia
445 1308 838 1367 consistentibus,
879 1323 1030 1372 regno
1066 1307 1228 1356 Sicilie
1266 1308 1395 1356 ultra
1437 1308 1651 1357 Pharum
1695 1325 1751 1358 ac
1787 1295 1967 1358 nostris

186 1392 578 1442 Ferrariensium
619 1395 668 1441 et
710 1391 1091 1441 Bononiensium
1134 1391 1409 1440 civitatibus
1449 1393 1683 1441 duntaxat
1727 1393 1963 1457 exceptis,

185 1476 468 1540 generalem
510 1475 918 1536 commissarium,
960 1475 1299 1535 collectorem,
1348 1481 1659 1541 receptorem
1691 1480 1739 1525 et
1775 1482 1969 1526 exacto-

183 1575 286 1608 rem
331 1559 520 1609 decime
560 1563 604 1607 et
648 1559 880 1623 vigesime
907 1559 1190 1624 h'ujusmodi
1227 1575 1318 1622 pro
1345 1560 1473 1607 dicto
1500 1560 1712 1608 triennio
1738 1561 1970 1609 duntaxat

183 1642 362 1690 harum
408 1642 534 1690 serie
587 1641 820 1700 facimus,
867 1642 1208 1690 constituimus
1237 1645 1307 1689 'et
1355 1643 1502 1690 etiam
1554 1642 1843 1706 deputamus
1881 1643 1968 1691 tibi

185 1741 272 1789 per
309 1725 576 1790 apostolica
607 1724 801 1788 scripta,
840 1724 1126 1772 mandamus
1168 1727 1215 1772 et
1255 1725 1601 1773 committimus
1634 1731 1873 1789 quatenus
1908 1727 1969 1775 ad

186 1808 477 1872 provinciaS,
510 1807 743 1866 civitateS,
780 1811 934 1856 terras
960 1811 1009 1856 et
1040 1808 1149 1856 loca
1182 1808 1404 1872 subjecta
1431 1808 1711 1873 hujusmodi
1734 1825 1968 1874 persona-

184 1891 295 1940 liter
317 1892 540 1950 accedas,
575 1891 651 1940 vel
686 1894 830 1955 prout
855 1890 940 1940 tibi
971 1891 1144 1939 melius
1175 1891 1436 1951 videbitur,
1463 1893 1690 1956 expedire
1716 1893 1834 1941 alios
1856 1894 1969 1941 sub-

189 1973 474 2023 collectores
516 1977 626 2022 tuos
665 1974 878 2022 destines
921 1989 978 2021 ac
1023 1974 1263 2038 integram
1305 1975 1546 2023 decimam
1596 1979 1644 2023 et
1684 1977 1967 2040 vigesimam

184 2057 466 2122 hujusmodi
491 2058 552 2105 ab
578 2056 804 2106 omnibus
835 2062 882 2106 et
908 2057 1108 2121 singulis
1133 2059 1193 2106 ad
1215 2058 1340 2106 illius
1366 2058 1675 2118 solutionem,
1706 2062 1755 2106 ut
1780 2061 1968 2123 prefer-

189 2146 282 2201 tur,
324 2141 562 2206 obligatos
595 2141 645 2189 in
673 2156 770 2190 uno
800 2140 872 2188 vel
903 2141 1090 2189 duobus
1121 2142 1359 2201 terminis,
1396 2146 1543 2207 prout
1583 2143 1673 2190 sibi
1708 2143 1964 2202 videbitur,

186 2225 486 2291 prefigendis
522 2228 690 2289 petere
730 2228 777 2273 et
819 2224 1031 2289 exigere,
1071 2225 1230 2273 levare
1267 2228 1316 2275 et
1354 2226 1591 2290 colligere⁴
1630 2226 1825 2275 curetis.
1869 2229 1968 2276 Nos

185 2309 316 2357 enim
346 2308 430 2357 tibi
468 2308 708 2358 decimam
732 2311 781 2357 et
809 2308 1091 2372 vigesimam
1128 2309 1412 2374 hujusmodi
1449 2325 1536 2374 per
1571 2314 1614 2359 te
1650 2310 1724 2359 vel
1752 2310 1889 2371 alios,
1918 2314 1967 2358 ut

184 2393 448 2456 prefertur,
495 2393 800 2456 deputandos
833 2394 1121 2441 auctoritate
1157 2398 1323 2442 nostra
1366 2395 1581 2457 petendi,
1617 2394 1858 2459 exigendi,
1894 2394 1966 2443 le-

183 2477 331 2524 vandi
366 2480 412 2525 et
453 2476 719 2540 recipiendi
758 2492 815 2525 ac
838 2476 898 2525 de
927 2477 1139 2541 receptis
1166 2478 1400 2526 duntaxat
1426 2478 1664 2527 solventes
1695 2479 1961 2543 quietandi,

185 2558 425 2608 liberandi
449 2562 498 2608 et
522 2559 819 2618 absolvendi,
846 2575 1038 2609 necnon
1062 2561 1471 2620 contradictores,
1497 2562 1703 2611 rebelles
1727 2562 1789 2610 ad
1815 2562 1969 2610 dictas

186 2642 427 2702 decimam
454 2646 502 2691 et
522 2642 806 2706 vigesimam
830 2641 1013 2692 solvere
1039 2642 1338 2704 differentes,
1366 2630 1650 2703 renuentes,
1677 2645 1969 2694 christianos

188 2725 413 2776 videlicet
452 2725 734 2791 privationis
762 2742 937 2791 penam
970 2726 1019 2774 in
1055 2726 1299 2791 prioribus
1330 2727 1506 2775 litteris
1537 2711 1768 2792 predictis
1803 2731 1969 2777 contra

183 2810 409 2870 rebelles,
444 2809 654 2858 inflictas
686 2814 732 2858 et
762 2810 1095 2874 promulgatas
1124 2810 1392 2859 incurrisse
1425 2811 1706 2861 declarandi
1740 2827 1795 2860 ac
1821 2812 1967 2860 etiam

185 2908 272 2958 per
296 2893 416 2942 alias
440 2909 671 2943 censuras
703 2894 1056 2943 ecclesiasticas
1077 2894 1266 2958 aliaque
1286 2895 1410 2960 juris
1433 2900 1708 2960 opportuna
1727 2896 1963 2953 remedia,

184 2992 240 3025 ac
264 2977 702 3041 sequestrationem
725 2978 991 3038 fructuum,
1008 2978 1256 3027 redituum
1279 2982 1326 3028 et
1344 2985 1669 3044 proventuum
1684 2979 1967 3044 hujusmodi

185 3060 545 3125 compescendi,
581 3064 628 3109 et
651 3061 689 3109 si
722 3061 1012 3126 protervitas
1037 3066 1120 3111 aut
1152 3063 1464 3112 contumacia
1502 3063 1736 3122 extiterit,
1773 3077 1969 3111 monas-

185 3143 340 3202 teriis,
371 3143 704 3208 dignitatibus,
741 3144 1120 3208 magistratibus,
1155 3146 1496 3210 preceptoriis,
1536 3145 1821 3210 bajuliariis,
1865 3161 1969 3193 cas-

189 3225 413 3286 tellaniis,
455 3226 794 3291 hospitalibuS,
835 3226 1086 3276 beneficiis
1122 3232 1169 3277 et
1207 3229 1382 3287 officii-s
1417 3229 1650 3292 predictis
1688 3229 1963 3286 amovendi;

187 3309 366 3357 Judeos
389 3326 503 3359 vero
527 3310 777 3379 predictos
791 3311 852 3359 ad
875 3311 1329 3362 christianissimam
1352 3313 1610 3377 integram,
1631 3316 1684 3361 ut
1708 3312 1962 3376 prefertur,

192 3394 241 3439 et
280 3392 424 3440 etiam
467 3409 554 3457 pro
591 3394 808 3458 quolibet
841 3396 1124 3444 centenario
1162 3397 1460 3445 florenorum
1508 3400 1715 3460 quatuor
1756 3395 1967 3441 florenos

195 3473 376 3523 similes
401 3475 641 3525 inventori
667 3477 904 3527 bonorum
935 3495 1133 3527 suorum
1163 3479 1445 3544 hujusmodi
1478 3482 1525 3527 et
1552 3477 1768 3526 fraudem
1799 3491 1967 3525 eorum
