2222 3918
272 359 342 395 402
878 353 1110 391 JOHANNIS
1143 352 1440 399 BURCHARDI,
1759 354 1924 393 [Octobre
1945 357 2054 396 1505]

273 459 388 508 dare
410 474 499 523 pro
530 457 718 504 duobus
747 455 878 503 mille
903 455 1107 504 ducatis.
1134 455 1459 504 Interfuerunt
1482 471 1567 502 sex
1595 454 1882 515 cardinaleS‚
1906 456 2038 505 vide-

270 542 385 590 licet
411 558 449 589 s.
482 540 696 604 Georgii,
727 538 1066 597 Bononiensis,
1091 538 1457 597 Volaterranus,
1487 554 1527 585 s.
1559 536 1690 585 Petri
1721 537 1783 586 ad
1811 537 2035 597 Vincula,

274 625 354 688 qui
377 624 505 673 venit
528 623 682 687 pridie
704 624 764 671 de
790 621 993 680 Faleria,
1020 621 1252 670 Columna
1274 627 1323 669 et
1346 620 1608 685 Aragonia.

338 711 488 766 Lune,
520 710 576 755 15
601 705 908 770 SeptembriS,
935 704 985 751 in
1021 719 1181 764 mane,
1219 706 1350 768 Papa
1383 704 1587 753 recessit
1616 704 1676 752 de
1707 703 1903 753 Civitate
1929 707 2044 754 Cas-

272 791 468 850 tellana,
497 794 544 838 et
567 805 678 838 cum
704 805 761 838 eo
792 804 962 837 omnes
991 787 1258 836 cardinales
1289 787 1512 851 predicti,
1545 791 1748 851 excepto
1780 804 1819 836 S.
1855 788 2044 853 Georgii

272 874 353 938 qui
375 878 570 923 secutus
595 878 670 922 est
691 889 818 920 eum.
847 875 978 935 Papa
1001 870 1226 934 equitavit
1256 871 1495 919 Faleriam
1524 870 1606 919 ubi
1639 870 1755 920 fecit
1785 872 2043 935 prandium

273 957 496 1022 expensis
531 956 789 1005 cardinalis
824 954 1186 1004 RecanatenSiS.
1228 954 1320 1002 Alii
1356 954 1627 1002 cardinales
1675 959 1984 1004 recesserunt
2018 971 2046 1005 a

272 1043 401 1104 Papa
422 1057 510 1105 per
533 1040 657 1088 viam
692 1039 753 1088 ad
783 1038 971 1087 diversa
1006 1042 1180 1087 castra.
1217 1039 1361 1087 Facto
1388 1037 1614 1102 prandio,
1657 1040 1788 1102 Papa
1817 1038 2047 1102 equitavit

271 1123 550 1183 Surianum,
576 1123 658 1171 ubi
684 1122 771 1170 fuit
791 1121 1065 1185 hospitatus
1087 1120 1137 1168 in
1160 1124 1321 1169 castro
1347 1137 1386 1168 S.
1413 1120 1542 1168 Petri
1567 1120 1628 1168 ad
1650 1121 1881 1182 Vincula;
1907 1121 2044 1186 equi-

260 1206 384 1255 tavit
406 1206 717 1270 Caprarolam
741 1205 822 1253 ubi
841 1203 1018 1253 invenit
1039 1221 1078 1251 s.
1103 1203 1294 1267 Georgii
1311 1208 1359 1251 et
1376 1203 1749 1253 Bononiensem.

333 1290 461 1339 Jovis
489 1293 563 1349 18,
589 1289 638 1337 in
663 1304 823 1348 mane,
853 1291 984 1352 Papa
1016 1287 1242 1351 equitavit
1268 1287 1328 1335 ad
1360 1286 1621 1337 ecclesiam
1645 1288 1785 1337 beate
1810 1288 1960 1336 Marie
1985 1288 2044 1337 de

270 1376 478 1432 Quercu,
517 1375 653 1421 extra
688 1371 964 1423 Viterbium
998 1386 1093 1435 quo
1138 1374 1378 1419 venerunt
1418 1385 1588 1418 omnes
1625 1371 1897 1420 cardinales
1936 1388 2045 1436 pre-

268 1456 400 1515 dicti,
429 1455 603 1519 quibuS
630 1454 856 1503 omnibus
882 1453 1144 1502 cardinalis
1176 1469 1214 1500 S.
1249 1445 1444 1516 Georgii
1476 1452 1594 1501 fecit
1623 1453 1899 1517 prandium.
1933 1457 2047 1504 Post

266 1539 542 1603 prandium,
570 1541 715 1602 Papa,
742 1552 854 1585 cum
887 1536 1112 1584 omnibus
1144 1535 1472 1583 cardinalibus
1497 1537 1824 1599 presentibuS,
1847 1540 2044 1602 paratus

266 1626 409 1685 prout
433 1621 484 1669 in
506 1621 707 1669 introitu
731 1619 943 1668 Civitatis
968 1618 1254 1677 Castellane,
1283 1617 1481 1666 intravit
1503 1618 1802 1680 Viterbium3
1828 1620 2044 1685 hospita-

266 1708 342 1752 tus
364 1709 438 1752 est
461 1704 510 1752 in
535 1709 712 1752 castro.

332 1787 557 1847 Sabbato,
587 1791 645 1835 27
671 1784 976 1850 septembris,
1005 1784 1171 1833 habite
1199 1784 1394 1832 fuerunt
1424 1783 1624 1847 exequie
1652 1785 1780 1834 bone
1806 1786 2043 1835 memorie

266 1871 528 1919 cardinalis
553 1869 813 1918 Gurcensis
832 1870 883 1917 in
903 1868 1112 1918 ecclesia
1131 1867 1377 1916 Trinitatis
1399 1869 1664 1916 conventus
1690 1869 2043 1919 heremitarum

264 1969 303 2000 S.
333 1953 607 2015 Augustini.
643 1952 914 2001 Celebravit
944 1952 1127 2000 electus
1153 1950 1554 2014 archiepiscopus
1585 1952 1861 2016 Dyrrachii,
1890 1969 2041 2002 novus

263 2035 469 2083 sacrista
492 2038 638 2099 Pape,
669 2034 886 2083 nondum
917 2035 1252 2092 consecratuS,
1284 2033 1343 2080 de
1375 2033 1573 2096 speciali
1601 2035 1831 2084 mandato
1862 2038 1911 2084 et
1943 2036 2042 2085 dis—

264 2117 551 2181 pensatione
582 2120 728 2182 Pape.

326 2200 576 2260 Mercurii,
606 2204 624 2247 1
653 2199 883 2259 octobriS,
911 2199 961 2247 in
976 2214 1119 2247 mane
1139 2196 1495 2262 Papa-recessit
1515 2198 1574 2248 de
1597 2199 1816 2249 Viterbio
1844 2205 1892 2250 et
1911 2202 2042 2250 venit

263 2282 323 2330 ad
348 2283 684 2347 Tuscanellam
706 2282 788 2330 ubi
812 2282 992 2330 mansit
1013 2282 1097 2329 illa
1118 2285 1162 2329 et
1184 2283 1417 2344 Sequente
1443 2282 1540 2331 die.

327 2366 551 2426 Veneris,
590 2369 615 2414 3
648 2365 879 2424 octobris,
925 2365 975 2413 in
1019 2380 1181 2424 mane,
1227 2364 1430 2413 recessit
1475 2366 1535 2413 de
1568 2367 1867 2427 Tuscanella,
1906 2368 2037 2416 venit

264 2451 545 2508 Cornetum,
572 2444 654 2496 ubi
677 2449 877 2497 sabbato
904 2451 1155 2511 Sequente,
1179 2447 1356 2496 festum
1377 2464 1416 2496 S.
1437 2449 1701 2510 Francisci,
1723 2453 1779 2498 D.
1800 2450 2037 2498 Antonius

263 2531 522 2595 episcopus
563 2531 873 2594 Eugubinus,
910 2530 1145 2595 magister
1179 2530 1353 2579 domus
1393 2547 1501 2591 sue,
1540 2532 1804 2582 celebravit
1840 2532 2038 2581 missam

263 2614 530 2663 solemnem
564 2615 913 2679 pontificaliter
948 2614 998 2662 in
1019 2613 1228 2662 ecclesia
1255 2618 1521 2663 conventus
1549 2632 1588 2664 s.
1615 2615 1882 2676 Francisci,
1909 2618 2038 2679 Papa

260 2701 485 2761 presente
513 2702 560 2746 et
585 2713 758 2746 novem
783 2697 1126 2757 cardinalibus,
1156 2695 1381 2745 videlicet
1406 2711 1446 2742 S.
1477 2696 1688 2760 Georgii,
1717 2697 2029 2756 Bononiensi,

261 2781 599 2842 Volaterrano,
634 2781 866 2841 Adriano,
903 2797 943 2829 s.
984 2779 1119 2828 Petri
1157 2779 1220 2827 ad
1251 2779 1473 2839 Vincula,
1510 2780 1757 2839 Columna,
1796 2781 2029 2839 Medices,

212 2893 215 2895 >
261 2864 490 2912 Farnesio
513 2868 559 2912 et
580 2865 844 2928 Aragonia.
870 2864 1040 2912 Nescio
1062 2862 1427 2927 particulariter
1451 2863 1692 2926 quomodo
1713 2878 1795 2911 res
1821 2866 1931 2912 acta
1953 2863 2029 2923 sit,

260 2946 374 3009 quia
406 2946 662 2994 Balthasar
687 2947 800 2994 fecit
822 2946 1038 2994 officium
1059 2946 1118 2994 de
1143 2961 1238 3010 quo
1261 2946 1379 2994 nihil
1400 2945 1533 2994 scivi.

325 3033 460 3078 Luna
475 3033 502 3077 6
520 3029 751 3088 octobriS,
776 3031 905 3093 Papa
923 3029 1039 3078 fecit
1056 3029 1397 3077 consistorium
1417 3029 1467 3076 in
1488 3043 1583 3092 quo
1601 3028 1805 3092 prefecit
1822 3028 2030 3077 electum

260 3111 487 3160 Pisanum
516 3111 873 3176 patriarchatui
906 3111 1233 3161 Alexandrino
1269 3128 1279 3160 :
1311 3111 1637 3159 interfuerunt
1669 3126 1838 3161 omnes
1868 3111 2029 3161 cardi-

257 3195 394 3243 nales
417 3195 642 3259 predicti.

320 3279 504 3338 MartiS,
534 3282 558 3326 7
586 3277 818 3337 octobris,
849 3279 979 3341 Papa
1009 3277 1210 3325 recessit
1243 3276 1302 3324 de
1335 3278 1545 3325 Corneto
1573 3277 1622 3325 in
1646 3294 1787 3326 mane
1823 3282 1871 3327 et
1899 3278 2029 3327 venit

256 3359 317 3405 ad
345 3361 551 3421 Tolfam,
581 3361 660 3409 ubi
694 3360 810 3408 fecit
845 3361 1104 3423 prandium
1138 3376 1250 3408 cum
1285 3358 1425 3407 dictis
1459 3361 1811 3421 cardinalibus,
1852 3361 2026 3410 deinde

254 3456 363 3488 cum
386 3443 461 3491 his
483 3444 714 3507 equitavit
737 3443 988 3492 Civitatem
1009 3447 1258 3494 Veterem.
