2228 3938
292 423 362 461 232
739 453 747 464 ,
900 423 918 460 J
925 423 1134 461 OHANNIS
1167 423 1462 469 BURCHARDI,
1794 423 1952 464 [Janviet
1970 423 2064 465 1503]

362 529 461 572 Hec
487 525 590 573 dies
616 528 719 574 tota
743 526 834 574 fuit
859 526 1007 574 clara.

358 608 500 656 Feria
533 609 720 672 quinta,
753 614 779 658 5
813 609 926 658 dicti
957 610 1137 658 mensis
1167 611 1401 675 januarii,
1440 611 1489 657 in
1521 624 1681 668 mane,
1718 607 1846 655 visus
1883 610 1956 655 est
1995 607 2066 655 sol

295 707 382 754 per
419 693 595 752 nubeS,
635 693 810 744 deinde
851 698 1112 757 coopertus
1149 694 1356 742 nubibus
1395 694 1576 756 absque
1613 691 1772 755 pluvia
1812 705 1963 754 usque
2003 690 2064 737 ad

292 775 466 823 horam
488 792 804 840 vesperorum
824 794 832 824 :
852 777 911 826 ab
929 778 1051 826 hora
1072 794 1393 842 vesperorum
1409 792 1561 840 usque
1583 791 1672 839 per
1695 779 1846 824 totam
1867 776 2062 824 noctem

295 864 341 906 et
359 861 496 922 quasi
524 865 677 909 totum
702 861 831 908 diem
856 865 1160 925 sequentem,
1190 863 1386 910 fuerunt
1410 861 1584 925 pluvie.
1616 853 1619 855 ’

360 945 545 993 Eodem
613 961 784 1004 mane,
839 946 1046 994 Jacobus
1101 946 1168 995 de
1220 948 1394 994 Sancta
1449 949 1603 994 Cruce
1673 958 1783 992 cum
1843 941 2064 1007 principe

291 1028 510 1076 ‚Iohanne
546 1028 626 1094 (1),
668 1028 768 1076 filio
805 1031 948 1092 Pape,
984 1032 1031 1077 et
1062 1029 1359 1093 competenti
1395 1032 1554 1093 gente,
1591 1026 1820 1091 equitavit
1850 1028 2065 1074 Mentem

293 1112 570 1159 Rotundum
597 1115 644 1160 et
664 1111 852 1174 accepit
870 1112 1066 1160 nomine
1087 1115 1215 1176 Papo
1238 1112 1597 1176 possessionem
1620 1111 1748 1159 illius
1773 1113 1822 1158 et
1845 1109 2065 1158 omnium

293 1199 540 1244 terrarum
578 1195 884 1254 Ursinorum,
925 1195 1072 1243 etiam
1110 1196 1302 1243 abbatie
1339 1195 1603 1243 Farfensis.
1646 1197 1777 1243 Hora
1810 1194 2062 1251 consueta,

291 1279 489 1327 suerunt
511 1295 714 1342 vespere
750 1279 947 1342 papales
973 1279 1021 1326 in
1047 1279 1237 1343 capella
1270 1279 1470 1343 majore.
1510 1278 1734 1326 Officium
1760 1277 1874 1326 fecit
1896 1279 2061 1332 RmUS.

294 1365 351 1411 D.
381 1362 641 1410 cardinalis
662 1363 1038 1421 Alexandrinus,
1079 1366 1209 1426 Papa
1234 1362 1449 1410 absente.
1492 1362 1672 1419 Quibus
1696 1361 1865 1419 finitis,
1895 1374 2065 1408 omnes

295 1446 565 1495 cardinales
598 1446 790 1493 iverunt
821 1446 881 1493 ad
910 1446 1210 1509 pontificem,
1247 1446 1648 1494 commendantes
1688 1445 1731 1493 ei
1768 1443 2065 1493 cardinalem

296 1528 544 1578 Ursinum.
588 1532 719 1591 Papa
744 1528 863 1576 dixit
886 1528 956 1575 eis
992 1528 1050 1576 de
1075 1529 1437 1592 conspiratione
1460 1529 1719 1587 Vitellotii‚
1758 1528 2064 1584 Ursinorum‚

295 1612 503 1660 Ballioni
525 1615 573 1659 et
594 1611 866 1674 Pandulphi
890 1614 938 1659 et
959 1627 1129 1659 eorum
1155 1612 1467 1675 complicium
1493 1615 1545 1659 ut
1566 1612 1739 1659 ducem
1762 1610 2063 1668 occiderent,

294 1695 375 1758 qui
402 1711 452 1743 se
473 1695 624 1743 voluit
648 1698 819 1743 contra
843 1710 926 1742 eos
956 1695 1224 1753 vindicare3
1254 1699 1300 1743 et
1324 1710 1421 1742 non
1447 1694 1763 1746 obtinuerunt
1787 1709 1813 1741 a
1838 1691 2068 1757 pontifice

299 1779 505 1842 gratiam
533 1779 613 1845 (2).

362 1863 546 1911 Eodem
580 1863 676 1922 die,
705 1863 872 1911 habita
908 1867 981 1912 est
1014 1863 1213 1912 Perusia
1245 1864 1306 1911 ad
1344 1861 1670 1910 obedientiam
1707 1864 1851 1924 Pape,
1888 1861 1947 1907 de
1979 1875 2073 1923 qua

297 1946 541 1993 Johannes
574 1947 770 2006 Paulus,
806 1947 935 1997 illius
977 1951 1225 2011 tyrannus,
1264 1946 1397 2010 prius
1428 1947 1701 1993 recesserat
1736 1947 1783 1992 et
1818 1944 1972 1992 iverat
2011 1942 2073 1990 ad

298 2029 542 2077 civitatem
569 2031 807 2078 Senarum
832 2031 893 2078 ad
921 2030 1276 2094 Pandulphum

363 2113 506 2160 Feria
543 2117 694 2172 sexta,
739 2116 766 2160 6
799 2113 1018 2178 ejusdem
1050 2114 1231 2162 mensis
1257 2113 1484 2177 januarii,
1524 2112 1648 2160 festo
1683 2111 1942 2176 epiphanie
1977 2113 2073 2158 Do—

298 2194 432 2254 mini,
475 2199 641 2243 Rmus.
676 2198 733 2244 D.
774 2196 1038 2244 cardinalis
1073 2196 1427 2244 Alexandrinus
1464 2195 1728 2243 celebravit
1758 2194 1956 2242 missam
1996 2209 2074 2241 so-

300 2279 531 2338 lemnem,
554 2282 687 2344 Papa
712 2280 931 2339 absente,
957 2280 1006 2327 in
1030 2280 1232 2328 basilica
1255 2296 1293 2327 s,
1326 2280 1474 2327 Petri.

365 2362 544 2410 Eadem
589 2363 685 2423 die,
731 2367 838 2427 post
884 2363 1160 2427 prandium,
1211 2364 1508 2428 gubernator
1555 2363 1698 2412 Urbis
1742 2362 1969 2426 equitavit
2014 2362 2074 2409 ad

302 2446 502 2492 domum
528 2449 583 2493 R.
613 2449 664 2494 P.
697 2449 753 2495 D.
783 2447 933 2506 Petri,
972 2447 1189 2510 episcopi
1215 2447 1568 2506 Cesenatensis‚
1604 2445 1835 2494 auditoris
1860 2458 2072 2503 camere,

303 2532 351 2576 et
376 2544 485 2577 eum
517 2531 577 2576 ad
609 2545 659 2577 se
684 2534 926 2590 vocatum,
965 2530 1080 2578 licet
1104 2530 1372 2590 infirmum,
1410 2530 1544 2578 duxit
1567 2530 1628 2578 ad
1653 2534 1868 2578 castrum
1903 2545 1941 2577 s.
1978 2530 2077 2576 An-

304 2612 399 2675 geli
428 2613 509 2660 ubi
536 2613 649 2661 fecit
673 2630 784 2661 eum
808 2614 858 2661 in
884 2615 1092 2677 quadam
1122 2630 1318 2662 camera
1341 2614 1545 2662 detineri
1579 2618 1625 2662 et
1649 2613 1902 2662 custodiri.
1931 2612 2077 2675 Equi-

302 2695 416 2742 tavit
440 2695 551 2743 inde
577 2697 638 2744 ad
665 2697 901 2760 palatium
939 2697 1068 2744 idem
1094 2698 1390 2760 gubernator
1427 2701 1474 2745 et
1496 2698 1556 2745 de
1587 2697 1765 2760 palatio
1792 2697 1852 2744 ad
1880 2696 2077 2743 domum

304 2780 359 2825 R.
385 2781 442 2826 D.
467 2779 742 2827 Andreesde
769 2780 1029 2844 Spiritibus
1054 2781 1111 2828 de
1141 2781 1378 2839 Viterbio,
1415 2780 1544 2827 sedis
1573 2779 1837 2842 apostolice
1871 2778 2077 2842 protho-

305 2863 481 2910 notarii
526 2863 583 2910 de
620 2864 1023 2928 participantibus
1062 2868 1109 2912 et
1156 2864 1321 2912 clerici
1359 2879 1553 2911 camere
1598 2862 1882 2925 apostolice,
1931 2876 2076 2923 quem

307 2945 531 2994 similiter
548 2946 606 2995 de
633 2948 778 2996 domo
804 2964 891 2996 sua
916 2948 1050 2995 duxit
1075 2948 1135 2996 ad
1155 2951 1370 2996 castrum
1392 2946 1664 3011 predictum
1691 2949 1738 2993 et
1758 2943 1874 2992 fecit
1900 2959 2013 2990 eum
2029 2943 2077 2990 in

307 3029 402 3076 alia
427 3045 619 3077 camera
644 3032 863 3094 ejusdem
886 3031 1116 3079 custodiri
1142 3037 1189 3079 et
1213 3030 1438 3078 detineri.
1469 3032 1523 3078 D.
1549 3026 1949 3093 prothonotarius
1971 3042 2082 3090 pre-

307 3111 432 3160 fatus
457 3113 620 3161 videns
647 3131 697 3161 se
722 3119 936 3178 captum,
974 3119 1235 3178 antequam
1268 3114 1424 3162 exiret
1456 3114 1654 3161 domum
1688 3126 1843 3168 suam,
1873 3108 2081 3174 projecit

307 3198 464 3245 claves
489 3197 633 3245 studii
659 3198 729 3244 sui
757 3202 802 3246 et
827 3214 971 3261 capse
996 3198 1043 3244 in
1069 3199 1304 3256 cloacam,
1334 3197 1499 3245 nescio
1528 3197 1589 3243 ad
1615 3195 1746 3259 quid.

371 3281 579 3329 Sabbato
603 3280 840 3342 sequenti,
870 3280 1000 3327 idem
1024 3279 1320 3343 gubernator
1346 3278 1460 3326 fecit
1481 3277 1727 3342 exportari
1750 3276 1914 3325 omnia
1934 3276 2080 3335 bona,

310 3368 408 3412 tam
431 3363 645 3427 episcopi
671 3363 902 3410 auditoris
924 3378 1069 3425 quam
1091 3361 1449 3426 prothonotarii
1477 3361 1821 3424 predictorum
1848 3360 1906 3408 de
1933 3359 2086 3407 domi-

358 3488 392 3525 1.
420 3488 493 3532 Sic,
514 3488 605 3523 dans
626 3487 679 3524 les
702 3499 790 3523 mss.
819 3486 925 3536 Chigi
952 3491 988 3524 et
1009 3488 1088 3524 151.
1119 3487 1146 3523 ll
1171 3486 1247 3524 saut
1266 3486 1329 3523 lire
1352 3499 1360 3524 :
1379 3487 1553 3523 Joffredo.

356 3547 391 3581 2.
420 3546 517 3582 Tous
539 3558 599 3583 ces
619 3546 747 3584 details
768 3551 850 3583 sont
871 3547 1062 3584 confirmes
1081 3558 1146 3596 par
1167 3545 1398 3590 Giustiniani,
1422 3550 1450 3583 t.
1473 3546 1518 3591 11,
1542 3556 1578 3595 p.
1603 3545 1672 3582 297
1694 3548 1729 3581 et
1750 3543 1843 3580 suiv.
