2202 3918
345 387 415 423 366
958 385 1187 422 ιΙΟΗΑΝΝΙΞ
1222 384 1517 432 BURCHARDI,
1834 389 1999 432 [Octobre
2022 394 2117 435 1504]

410 488 657 536 Celebrate
679 486 873 534 fuerunt
897 486 1082 551 [eadem
1105 487 1198 551 die]
1222 488 1423 550 exequie
1446 488 1573 536 bone
1596 488 1828 538 memorie
1859 492 2114 542 cardinalis

344 569 667 620 Beneventani
688 585 773 617 seu
792 571 1169 634 Caputaquensis
1190 571 1239 618 in
1261 570 1467 620 ecclesia
1487 571 1628 620 beate
1648 571 1799 620 Marie
1826 573 1888 622 de
1912 576 2112 639 Populo.

342 654 537 702 Missam
558 652 818 702 celebravit
838 653 1093 701 cardinalis
1128 654 1490 718 AgrigentinuS,
1525 654 1601 702 cui
1639 654 1964 705 interfuerunt
1997 658 2117 708 duo-

342 739 499 787 decim
517 737 784 787 cardinales
805 737 1024 786 videlicet
1049 754 1087 785 s.
1117 738 1362 797 Praxedis,
1398 754 1436 786 S.
1490 739 1702 803 Georgii,
1738 740 2114 802 Alexandrinus,

341 839 379 871 s.
409 821 599 882 Crucis,
621 820 887 885 RegiensiS,
913 821 1218 879 Cusentinus,
1244 821 1589 882 Salernitanus,
1614 823 1952 884 Bononiensis,
1974 825 2118 875 Vola-

340 911 577 964 terranUS,
620 905 680 953 de
718 904 892 964 Flisco,
927 921 966 952 S.
1010 904 1138 952 Petri
1171 905 1231 952 ad
1269 905 1493 965 Vincula,
1529 906 1740 955 Medices
1786 910 1833 955 et
1875 907 2114 957 Elnensis.

342 990 620 1038 Orationem
642 988 754 1037 fecit
771 987 1016 1051 predictus
1038 987 1325 1036 Cusentinus
1348 1004 1357 1035 z
1381 988 1698 1037 Bononiensis
1722 991 1771 1037 et
1790 989 2118 1038 Salernitanus

341 1073 644 1123 absolverunt
660 1088 756 1120 una
773 1086 882 1120 cum
906 1071 1242 1121 Volaterrano.
1270 1074 1372 1128 Quo
1394 1071 1540 1131 facto,
1565 1076 1670 1120 orta
1695 1076 1768 1121 est
1792 1072 1919 1122 inter
1941 1073 2116 1122 fratres
2183 1127 2186 1130 ‚

340 1162 387 1206 et
406 1155 762 1222 parafrenarios
784 1170 928 1219 super
946 1154 1121 1203 lectica
1146 1170 1325 1218 magna
1348 1160 1396 1204 et
1427 1155 1686 1204 inhonesta
1699 1156 1906 1219 questio,
1943 1156 1994 1204 in
2023 1173 2117 1221 qua

337 1240 653 1306 parafrenarii
691 1255 802 1289 cum
838 1238 1067 1288 fratribus
1101 1238 1324 1287 cussinos
1358 1243 1405 1288 et
1442 1240 1634 1289 flabella
1671 1239 1908 1289 violenter
1938 1241 2114 1306 depor-

337 1328 502 1373 tarunt
533 1323 613 1389 (1).

402 1408 585 1466 MartiS,
612 1411 639 1454 8
666 1406 897 1464 octobris,
928 1404 1051 1453 redii
1085 1405 1146 1453 ad
1176 1405 1357 1454 Urbem
1396 1420 1454 1452 ex
1498 1405 1699 1454 Civitate
1736 1405 2028 1465 Castellana3
2069 1410 2115 1455 et

335 1491 480 1557 jovis,
506 1495 562 1540 10
579 1490 809 1551 octobriS,
826 1489 1007 1539 visitavi
1023 1490 1106 1537 SS.
1127 1491 1184 1537 D.
1203 1493 1422 1537 nostrum
1447 1488 1527 1552 qui
1551 1505 1629 1538 me
1650 1489 1858 1554 benigne
1883 1490 2110 1554 suscepit.

402 1575 610 1626 Veneris
634 1574 711 1622 die
739 1578 791 1621 11
822 1573 1059 1637 ejusdem,
1088 1571 1219 1619 misit
1239 1588 1326 1635 pro
1352 1588 1430 1619 me
1465 1577 1512 1620 et
1549 1573 1665 1621 dixit
1700 1573 1819 1621 mihi
1855 1589 2114 1637 procurare

342 1660 502 1708 dicere
523 1658 719 1706 missam
742 1658 801 1705 ad
821 1656 1016 1704 laudem
1040 1655 1127 1703 Dei
1160 1657 1209 1702 et
1241 1655 1421 1703 referre
1451 1650 1634 1719 gratias
1671 1671 1759 1719 pro
1796 1659 1928 1705 tanta
1959 1658 2117 1721 gratia

341 1743 540 1792 obtenta
561 1743 620 1791 de
645 1745 745 1790 tam
763 1740 895 1788 brevi
918 1738 1323 1798 convalescentia3
1348 1739 1535 1787 nescire
1557 1755 1651 1802 que
1668 1739 1816 1787 missa
1837 1723 2108 1800 conveniat,

340 1827 399 1876 de
423 1827 604 1891 Spiritu
637 1827 806 1874 sancto
839 1824 913 1872 vel
951 1823 1059 1871 alia.
1100 1822 1340 1886 Respondi
1367 1822 1566 1870 missam
1603 1822 1806 1886 Spiritus
1840 1823 1991 1872 sancti
2017 1839 2114 1872 non

338 1925 443 1959 esse
459 1911 520 1958 ad
535 1910 630 1958 hoc
646 1908 966 1973 propositum,
991 1906 1075 1953 sed
1092 1921 1169 1954 me
1184 1898 1307 1954 velle
1322 1906 1538 1970 reperire
1561 1921 1708 1954 unam
1724 1907 2108 1968 convenientem,

337 1999 385 2044 et
405 1994 481 2042 die
512 1993 722 2043 crastina
748 1990 1004 2040 ostendere
1028 2005 1111 2036 sue
1132 1990 1408 2049 Sanctitati;
1435 1990 1562 2052 quod
1586 1990 1698 2050 feci,
1736 1993 1784 2038 et
1816 1990 1996 2054 placuit
2023 1993 2107 2040 SS.

335 2079 391 2126 D.
419 2079 606 2124 nostro.
654 2073 844 2131 Quesivi
876 2071 1155 2136 hujusmodi
1194 2059 1392 2119 missam
1427 2087 1515 2135 per
1546 2075 1702 2120 totum
1738 2073 1932 2121 missale
1967 2077 2014 2123 et
2052 2089 2111 2123 ex

334 2159 549 2218 diversis,
574 2161 622 2206 et
637 2157 729 2206 feci
751 2156 895 2205 scribi
917 2155 965 2203 in
981 2156 1110 2203 bona
1124 2154 1303 2214 littera,
1325 2170 1469 2219 quam
1485 2155 1747 2204 celebravit
1767 2156 2007 2205 Sanctitas
2026 2173 2112 2206 sua

332 2244 381 2291 in
400 2243 586 2307 capella
606 2239 841 2304 superiori
863 2237 1141 2287 Salvatoris.

398 2326 485 2375 Die
507 2324 767 2382 dominica,
801 2326 855 2370 13
887 2322 1113 2379 octobris,
1147 2324 1347 2384 paratus
1373 2321 1569 2381 amictu,
1606 2321 1825 2386 cingulo,
1861 2322 2108 2388 manipulo

334 2416 382 2460 et
405 2408 597 2474 pluviali
623 2408 732 2456 albo
750 2407 952 2470 insuper
973 2405 1191 2469 pellicea,
1217 2405 1286 2453 fui
1311 2406 1541 2454 assistens
1564 2408 1612 2453 et
1639 2410 1846 2469 quatuor
1873 2406 2110 2470 capellani

335 2494 405 2542 sui
432 2496 479 2541 et
499 2492 697 2556 insuper
717 2490 919 2554 pellicea
940 2488 1226 2549 servierunt,
1252 2493 1299 2537 et
1322 2505 1498 2553 aquam
1513 2489 1735 2538 manibus
1754 2489 1850 2537 suis
1872 2490 2109 2538 dederunt

336 2576 547 2626 scutiferi
587 2575 659 2622 sui
681 2572 953 2622 domestici.
985 2572 1314 2620 Interfuerunt
1339 2572 1484 2620 misse
1512 2573 1781 2622 cardinales
1806 2588 1844 2621 s.
1881 2573 2013 2622 Petri
2049 2572 2109 2621 ad

332 2660 540 2712 Vincula
561 2663 607 2708 et
625 2661 734 2723 post
755 2661 922 2706 Rmus.
947 2656 1200 2705 Grimanus
1225 2656 1305 2721 qui
1323 2659 1437 2705 tunc-
1465 2657 1597 2706 venit
1628 2660 1677 2706 et
1707 2656 1880 2721 prelati
1915 2657 2109 2705 domes-

334 2745 414 2793 tici
435 2748 580 2809 Pape.

399 2828 487 2876 Die
506 2828 637 2886 lune,
667 2830 723 2874 14
747 2825 975 2886 octobris,
997 2824 1086 2873 fuit
1107 2823 1449 2873 consistorium
1482 2827 1723 2872 secretum
1756 2822 1806 2871 in
1843 2822 1954 2871 aula
1986 2821 2107 2871 infe-

333 2912 444 2961 riori
466 2910 767 2976 pontificum,
798 2912 927 2973 Papa
947 2908 998 2956 in
1021 2908 1246 2957 rochetto
1269 2912 1317 2957 et
1338 2907 1586 2972 capellano
1617 2908 1864 2970 presente,
1894 2904 2029 2969 cujus
2054 2905 2104 2952 in

334 2998 429 3044 fine
451 2995 563 3043 fecit
585 2994 768 3041 intrare
791 2992 1019 3055 prelatOS,
1045 2996 1262 3040 oratores
1284 2994 1332 3039 et
1365 2989 1658 3039 domesticos
1687 2991 1816 3051 Pape
1841 2986 1923 3051 qui
1957 2992 2105 3036 stete—

334 3082 445 3128 runt
466 3078 527 3126 ad
548 3076 791 3125 sinistram
813 3077 960 3138 Pape,
989 3078 1036 3122 et
1060 3074 1194 3122 Paris
1227 3078 1274 3123 et
1305 3073 1512 3121 Michael
1546 3075 1851 3120 vacaverunt.
1889 3073 2105 3127 Quatuor

335 3167 554 3213 oratores
574 3159 738 3224 magni
769 3157 987 3222 magistri
1021 3157 1175 3206 Rhodi
1212 3156 1274 3223 (2)
1311 3157 1392 3220 qui
1430 3157 1798 3220 expectaverant
1829 3154 1877 3202 in
1907 3169 2105 3204 camera

381 3338 414 3375 1.
444 3351 463 3372 «
488 3365 534 3378 ...
567 3333 633 3372 fui't
662 3330 846 3370 altercatio
884 3327 991 3365 etiam
1022 3326 1218 3365 verberatis
1254 3327 1348 3364 inter
1379 3326 1509 3363 fratres
1541 3329 1577 3363 et
1614 3325 1878 3375 parafrenarios
1910 3323 2103 3365 cardinalis

331 3395 489 3433 defuncti
495 3421 597 3442 ......
619 3393 680 3442 qui
700 3392 782 3441 plus
802 3388 936 3439 potuit,
957 3386 1039 3436 plus
1059 3387 1187 3426 valuit.
1210 3402 1229 3421 »
1252 3388 1297 3424 P.
1320 3386 1364 3424 de
1389 3385 1550 3428 Grassis,
1567 3385 1629 3423 fol.
1654 3387 1713 3432 49,
1732 3399 1766 3425 v.

379 3457 415 3492 2.
443 3454 508 3493 Isti
523 3458 684 3492 oratores
704 3451 819 3488 Rome
838 3448 883 3486 ab
909 3448 931 3484 3
960 3447 1018 3484 die
1050 3447 1159 3496 hujus
1186 3445 1324 3484 mensis
1355 3457 1430 3483 non
1461 3444 1605 3483 fuerant
1632 3445 1784 3484 admissi
1810 3446 1857 3484 ad
1883 3443 2101 3483 audientiam

331 3518 475 3562 propter
492 3511 808 3562 indispositionem
827 3509 941 3556 Pape,
962 3521 981 3541 »
1000 3507 1043 3544 P.
1066 3507 1111 3544 de
1133 3506 1289 3554 (hassis,
1308 3506 1338 3545 f.
1363 3507 1423 3546 50.
