2222 3932
371 314 440 350 336
979 315 1210 353 εΙΟΗΑΝΝΙΞ
1244 317 1538 365 BURCHARDI,
1920 323 2029 364 [Mars
2051 325 2146 364 1504]

372 431 524 478 usque
557 415 723 463 nescio
762 431 886 478 quo;
923 423 1159 467 venerunt
1189 420 1250 467 ad
1280 422 1460 483 Papam
1496 419 1557 467 ad
1589 420 1824 483 palatium
1857 426 1904 472 et
1939 423 2004 472 ibi
2038 424 2146 473 dor-

373 498 604 546 mierunt.

438 585 540 630 Hoc
566 597 725 640 mane,
761 585 815 630 R.
851 585 903 630 P.
941 586 996 632 D.
1028 585 1258 643 Didacus,
1285 586 1538 649 episcopus
1558 588 1880 647 Zamorensis,
1916 589 2146 639 assistens

373 669 517 729 Pape,
552 665 813 713 celebravit
844 666 1044 714 missam
1078 668 1320 730 publicam
1349 669 1398 716 in
1429 670 1614 732 capella
1641 671 1833 734 majori,
1874 674 2004 736 Papa
2035 689 2147 736 pre-

372 751 537 807 sente;
568 753 615 796 et
648 749 737 795 fuit
770 749 926 812 prima
952 750 1102 797 missa
1127 766 1210 799 sua
1236 751 1284 799 in
1312 757 1474 812 cantu⁷
1508 756 1556 800 et
1581 754 1764 816 optime
1789 755 2009 803 cantavit.
2037 757 2148 804 Ser-

371 849 567 882 monem
589 833 703 881 fecit
727 834 1018 881 Franciscus
1040 834 1097 882 de
1125 836 1349 899 Ragusia,
1376 837 1558 885 ordinis
1580 837 1837 896 minorum,
1862 853 1952 901 pro
1973 854 2147 902 procu-

371 920 536 965 ratore
564 917 786 980 ejusdem
812 917 1012 964 ordinis.

436 1000 522 1047 Die
566 1000 811 1047 dominica
854 1000 1067 1047 secunda
1106 1001 1494 1066 quadragesime,
1531 1003 1695 1051 nescio
1731 1020 1827 1067 qua
1858 1004 1999 1064 hora,
2037 1020 2146 1068 pre-

369 1083 523 1131 fectus
552 1082 785 1145 equitavit
816 1083 877 1130 ad
912 1083 1150 1146 Populum
1179 1099 1292 1146 quo,
1328 1085 1455 1132 circa
1480 1085 1654 1133 horam
1686 1087 1968 1150 vigesimam
1999 1103 2144 1134 unam

369 1168 603 1214 venerunt
640 1165 820 1214 familie
858 1169 983 1229 Pape
1024 1170 1069 1213 ct
1101 1167 1419 1215 cardinalium
1456 1173 1502 1216 et
1539 1170 1635 1216 dux
1675 1170 1854 1228 Urbini,
1898 1170 2144 1230 Fabricius

369 1250 625 1308 Columna,
671 1249 823 1296 Julius
873 1250 1076 1297 Ursinus
1116 1267 1226 1298 cum
1266 1251 1428 1299 multis
1475 1251 1598 1299 aliis.
1647 1252 1897 1300 Prefectus
1925 1252 2143 1301 ascendit

367 1349 546 1396 equum
565 1332 613 1379 in
638 1337 771 1380 corte
790 1332 1014 1390 fratrum,
1044 1334 1156 1381 inde
1182 1334 1323 1381 exivit
1348 1338 1393 1381 et
1414 1340 1638 1398 receptus
1666 1335 1752 1382 fuit
1779 1351 1806 1383 a
1831 1336 1953 1383 duce
1979 1335 2144 1384 Urbini

367 1419 414 1463 et
457 1416 679 1464 comitiva
724 1432 811 1462 sua
854 1417 914 1462 ab
961 1417 1188 1480 episcopo
1231 1417 1608 1475 Britonoriensi,
1654 1419 1848 1466 notario
1896 1421 2049 1482 Pape,
2097 1421 2145 1466 et

364 1498 733 1561 archiepiscopo
759 1498 951 1557 Pisano,
978 1499 1173 1547 nomine
1199 1516 1235 1547 5.
1262 1500 1473 1563 Georgii.
1502 1503 1652 1548 Nemo
1678 1501 1798 1548 alius
1824 1501 2009 1564 recepit
2031 1517 2140 1548 eum

365 1589 531 1644 preter
553 1586 773 1629 oratores
800 1584 1096 1638 Genuenses,
1113 1582 1225 1644 quia
1248 1583 1565 1647 itajussimus
1590 1599 1677 1630 nos
1700 1583 1826 1642 fieri,
1852 1600 1911 1630 ne
1938 1583 2136 1630 nimium

364 1668 553 1728 tempus
586 1665 982 1728 perdidissemus.
1016 1665 1266 1712 Prefectus
1300 1666 1526 1728 equitavit
1556 1666 1681 1713 inter
1712 1667 1884 1714 ducem
1920 1665 2088 1713 Urbini
2114 1682 2140 1713 a

360 1748 541 1796 dextris
577 1753 623 1796 et
655 1748 939 1811 episcopum
973 1748 1407 1807 Britonoriensem,
1445 1749 1688 1812 prelatum
1725 1748 1938 1812 primum
1971 1748 2141 1811 palati—

360 1848 492 1890 num,
537 1848 564 1878 a
596 1831 829 1880 sinistris:
872 1835 981 1894 post
1012 1847 1095 1879 eos
1130 1831 1301 1895 prelati
1339 1831 1538 1895 palatini
1571 1831 1745 1895 singuli
1776 1831 2016 1879 habentes
2047 1830 2140 1878 sin-

360 1915 497 1978 gulos
534 1919 753 1962 oratores
786 1916 845 1962 ad
881 1914 1141 1962 sinistram.
1180 1916 1357 1962 Orator
1393 1914 1711 1963 Ferrariensis
1744 1914 2139 1978 prothonotariu's

361 1997 505 2045 etiam
555 1998 772 2045 interfuit
817 2013 968 2060 prope
1015 1998 1274 2060 Populum,
1325 2013 1471 2060 quem
1517 1998 1796 2061 rogavimus
1845 2002 1895 2045 ut
1939 1998 2137 2046 cederet

359 2080 690 2128 Genuensibus
713 2080 793 2142 qui
816 2095 984 2127 01111165
1010 2079 1266 2126 duodecim
1292 2079 1523 2136 adera11t;
1554 2085 1598 2127 et
1619 2080 1657 2126 si
1685 2080 1729 2127 ei
1755 2096 1852 2126 non
1874 2079 2136 2126 cessissent

357 2178 447 2210 nec
467 2162 567 2225 ipse
588 2162 674 2220 eis,
702 2162 868 2210 fuisset
891 2162 1130 2210 contentio
1149 2178 1157 2208 :
1180 2165 1439 2225 propterea
1459 2162 1735 2225 rogavimus
1760 2165 1810 2209 ut
1832 2178 1928 2209 non
1951 2161 2133 2209 veniret

358 2245 629 2304 nobiscum,
655 2245 784 2308 quod
805 2246 935 2294 fecit.
962 2245 1208 2293 Fabricius
1232 2245 1467 2293 Columna
1485 2249 1532 2293 et
1548 2245 1700 2292 Julius
1723 2245 1926 2293 Ursinus
1947 2259 2136 2292 reman-

359 2333 523 2376 serunt
543 2333 651 2392 post
675 2329 884 2392 prelatos
905 2345 913 2375 :
944 2331 999 2376 D.
1030 2328 1213 2375 Pisauri
1244 2330 1291 2375 et
1314 2328 1464 2376 ceteri
1490 2328 1568 2375 alii
1592 2327 1778 2375 nobiles
1801 2328 2135 2390 equitaverunt

358 2427 467 2458 cum
500 2412 714 2475 prefecto
755 2411 935 2475 palatii.
974 2412 1099 2458 Ante
1135 2410 1407 2474 prefectum
1445 2410 1760 2472 equitavimus
1799 2410 1874 2457 via
1908 2413 2042 2457 recta
2073 2408 2134 2457 ad

358 2511 394 2542 s.
422 2494 622 2542 Mariam
649 2496 696 2542 in
714 2495 787 2542 via
814 2497 931 2542 Lata
957 2500 1003 2542 et
1023 2494 1134 2541 inde
1160 2494 1220 2541 ad
1244 2493 1442 2541 domum
1466 2493 1523 2541 de
1550 2493 1769 2540 Maximis
1796 2497 1883 2556 per
1903 2496 2134 2555 Campum

358 2578 494 2625 Floro
520 2579 581 2626 ad
602 2578 833 2642 palatium
862 2577 945 2625 ubi
968 2580 1096 2640 Papa
1119 2581 1224 2626 erat
1254 2593 1364 2624 cum
1397 2577 1604 2640 quinque
1636 2575 1960 2624 cardinalibus
1993 2590 2137 2638 supra

355 2667 544 2724 portam
570 2662 617 2709 in
645 2662 860 2711 secunda
881 2661 1197 2718 anticamera,
1223 2660 1474 2708 videlicet:
1512 2662 1870 2718 Beneventano,
1899 2661 2130 2718 Cumano,

354 2744 692 2804 Volaterrano,
730 2761 767 2792 S.
814 2743 1028 2792 Severini
1065 2747 1113 2791 et
1145 2743 1385 2792 Cornelio.
1425 2742 1673 2790 Prefectus
1707 2741 1900 2789 intravit
1930 2742 1990 2789 ad
2021 2755 2132 2789 eum

355 2844 463 2876 cum
489 2828 681 2876 circiter
705 2828 869 2892 viginti
895 2828 1114 2891 personis
1140 2828 1199 2876 de
1226 2827 1407 2875 familia
1441 2843 1543 2887 sua,
1579 2826 1775 2890 prelatis
1803 2824 1986 2888 palatii,
2020 2838 2130 2871 ora-

352 2912 537 2962 toribus
556 2915 605 2960 et
623 2912 788 2960 multis
808 2912 912 2959 aliis
933 2915 979 2959 et
999 2911 1242 2960 osculatus
1260 2914 1333 2960 est
1349 2912 1497 2974 pedes
1520 2913 1648 2973 Pape
1669 2909 1848 2957 ibidem
1866 2908 1915 2955 in
1933 2921 2130 2955 camera

355 2996 585 3055 sedentis,
620 2999 667 3042 et
698 2998 807 3057 post
838 3010 947 3041 eum
979 2995 1172 3043 circiter
1201 2993 1365 3057 viginti
1393 3008 1600 3057 persone
1631 2992 1689 3039 de
1717 2990 1900 3039 familia
1927 3005 2043 3048 sua;
2080 2993 2127 3037 et

351 3078 628 3128 licentiatus
658 3094 683 3124 a
710 3079 853 3139 Papa,
883 3077 1074 3124 intravit
1097 3092 1342 3125 cameram
1368 3091 1455 3139 pro
1487 3091 1544 3123 eo
1568 3079 1805 3139 paratam,
1835 3088 1927 3136 que
1952 3071 2010 3120 de
2034 3071 2127 3119 illis

352 3162 485 3211 novis
504 3159 860 3209 Innocentianis
887 3176 1030 3223 supra
1051 3159 1347 3207 audientiam
1373 3163 1493 3206 erat.

418 3246 502 3293 Die
526 3245 657 3302 lune,
695 3248 722 3291 4
754 3242 929 3301 martii,
958 3242 1213 3290 cardinalis
1245 3258 1282 3288 5.
1319 3241 1447 3289 Petri
1483 3240 1544 3288 ad
1574 3239 1778 3289 Vincula
1806 3238 2034 3302 equitavit
2064 3238 2122 3286 ad

357 3329 593 3392 Populum
627 3326 914 3389 incognitUS,
948 3325 1028 3372 ubi
1054 3324 1230 3372 audivit
1254 3323 1449 3371 missam
1474 3323 1523 3370 in
1559 3337 1753 3371 camera
1785 3337 1868 3370 sua
1904 3324 2118 3370 secreta:

352 3416 573 3475 paratum
611 3411 698 3460 suit
731 3409 993 3474 capitulum
1027 3408 1219 3457 solitum
1251 3424 1341 3471 pro
1376 3406 1748 3470 congregatione
1786 3403 2118 3454 cardinalium.
