<?xml version="1.0" encoding="UTF-8"?>
<!DOCTYPE html PUBLIC "-//W3C//DTD XHTML 1.0 Transitional//EN"
    "http://www.w3.org/TR/xhtml1/DTD/xhtml1-transitional.dtd">
<html xmlns="http://www.w3.org/1999/xhtml" xml:lang="en" lang="en">
 <head>
  <title>
</title>
<meta http-equiv="Content-Type" content="text/html;charset=utf-8" />
  <meta name='ocr-system' content='tesseract 3.04.00' />
  <meta name='ocr-capabilities' content='ocr_page ocr_carea ocr_par ocr_line ocrx_word'/>
</head>
<body>
  <div class='ocr_page' id='page_1' title='image "./diariumsivererum03burcuoft_0132.png"; bbox 0 0 2210 3944; ppageno 0'>
   <div class='ocr_carea' id='block_1_1' title="bbox 273 377 2053 427">
    <p class='ocr_par' dir='ltr' id='par_1_1' title="bbox 273 377 2053 427">
     <span class='ocr_line' id='line_1_1' title="bbox 273 377 2053 427; baseline 0 -11"><span class='ocrx_word' id='word_1_1' title='bbox 273 379 320 416; x_wconf 85' lang='lat'>50</span> <span class='ocrx_word' id='word_1_2' title='bbox 887 377 1118 414; x_wconf 89' lang='lat' dir='ltr'>JOHANNIS</span> <span class='ocrx_word' id='word_1_3' title='bbox 1151 378 1445 425; x_wconf 83' lang='lat' dir='ltr'>BURCHARDI,</span> <span class='ocrx_word' id='word_1_4' title='bbox 1857 383 1940 423; x_wconf 84' lang='lat' dir='ltr'>[Mai</span> <span class='ocrx_word' id='word_1_5' title='bbox 1962 385 2053 427; x_wconf 79' lang='lat'>1500]</span> 
     </span>
    </p>
   </div>
   <div class='ocr_carea' id='block_1_2' title="bbox 271 478 2059 3562">
    <p class='ocr_par' dir='ltr' id='par_1_2' title="bbox 271 478 2059 3562">
     <span class='ocr_line' id='line_1_2' title="bbox 275 478 2048 549; baseline 0.002 -19"><span class='ocrx_word' id='word_1_6' title='bbox 275 480 614 545; x_wconf 76' lang='lat' dir='ltr'>colligendam,</span> <span class='ocrx_word' id='word_1_7' title='bbox 636 478 888 527; x_wconf 88' lang='lat' dir='ltr'>levandam</span> <span class='ocrx_word' id='word_1_8' title='bbox 907 483 955 528; x_wconf 91' lang='lat' dir='ltr'>et</span> <span class='ocrx_word' id='word_1_9' title='bbox 982 479 1268 544; x_wconf 89' lang='lat' dir='ltr'>exigendam</span> <span class='ocrx_word' id='word_1_10' title='bbox 1296 481 1423 530; x_wconf 89' lang='lat' dir='ltr'>infra</span> <span class='ocrx_word' id='word_1_11' title='bbox 1454 481 1719 531; x_wconf 91' lang='lat' dir='ltr'>terminum</span> <span class='ocrx_word' id='word_1_12' title='bbox 1746 498 1835 546; x_wconf 91' lang='lat' dir='ltr'>per</span> <span class='ocrx_word' id='word_1_13' title='bbox 1860 483 2048 549; x_wconf 89' lang='lat' dir='ltr'>legatos</span> 
     </span>
     <span class='ocr_line' id='line_1_3' title="bbox 276 561 2050 631; baseline 0.003 -19"><span class='ocrx_word' id='word_1_14' title='bbox 276 564 371 612; x_wconf 89' lang='lat' dir='ltr'>sive</span> <span class='ocrx_word' id='word_1_15' title='bbox 393 561 588 611; x_wconf 90' lang='lat' dir='ltr'>nuntios</span> <span class='ocrx_word' id='word_1_16' title='bbox 611 563 659 609; x_wconf 89' lang='lat' dir='ltr'>et</span> <span class='ocrx_word' id='word_1_17' title='bbox 676 561 961 613; x_wconf 79' lang='lat' dir='ltr'>collectores</span> <span class='ocrx_word' id='word_1_18' title='bbox 981 579 1071 628; x_wconf 85' lang='lat' dir='ltr'>per</span> <span class='ocrx_word' id='word_1_19' title='bbox 1097 583 1186 615; x_wconf 90' lang='lat' dir='ltr'>nos</span> <span class='ocrx_word' id='word_1_20' title='bbox 1218 583 1365 631; x_wconf 89' lang='lat' dir='ltr'>super</span> <span class='ocrx_word' id='word_1_21' title='bbox 1399 582 1568 615; x_wconf 91' lang='lat' dir='ltr'>omnes</span> <span class='ocrx_word' id='word_1_22' title='bbox 1602 567 1929 630; x_wconf 90' lang='lat' dir='ltr'>deputandos,</span> <span class='ocrx_word' id='word_1_23' title='bbox 1955 568 2050 617; x_wconf 90' lang='lat' dir='ltr'>eis-</span> 
     </span>
     <span class='ocr_line' id='line_1_4' title="bbox 275 645 2051 711; baseline 0.002 -15"><span class='ocrx_word' id='word_1_24' title='bbox 275 648 385 696; x_wconf 91' lang='lat' dir='ltr'>dem</span> <span class='ocrx_word' id='word_1_25' title='bbox 406 645 764 711; x_wconf 87' lang='lat' dir='ltr'>prefigendum,</span> <span class='ocrx_word' id='word_1_26' title='bbox 779 645 829 693; x_wconf 90' lang='lat' dir='ltr'>in</span> <span class='ocrx_word' id='word_1_27' title='bbox 849 649 1144 711; x_wconf 89' lang='lat' dir='ltr'>premissum</span> <span class='ocrx_word' id='word_1_28' title='bbox 1162 650 1274 698; x_wconf 88' lang='lat' dir='ltr'>fidei</span> <span class='ocrx_word' id='word_1_29' title='bbox 1295 655 1394 698; x_wconf 90' lang='lat' dir='ltr'>tam</span> <span class='ocrx_word' id='word_1_30' title='bbox 1417 665 1693 710; x_wconf 90' lang='lat' dir='ltr'>commune,</span> <span class='ocrx_word' id='word_1_31' title='bbox 1712 652 1811 698; x_wconf 87' lang='lat' dir='ltr'>tam</span> <span class='ocrx_word' id='word_1_32' title='bbox 1831 654 2051 700; x_wconf 90' lang='lat' dir='ltr'>sanctum</span> 
     </span>
     <span class='ocr_line' id='line_1_5' title="bbox 274 729 2053 798; baseline 0.003 -19"><span class='ocrx_word' id='word_1_33' title='bbox 274 735 471 794; x_wconf 90' lang='lat' dir='ltr'>tamque</span> <span class='ocrx_word' id='word_1_34' title='bbox 503 729 838 778; x_wconf 90' lang='lat' dir='ltr'>necessarium</span> <span class='ocrx_word' id='word_1_35' title='bbox 874 746 1025 796; x_wconf 93' lang='lat' dir='ltr'>opus,</span> <span class='ocrx_word' id='word_1_36' title='bbox 1071 733 1294 783; x_wconf 89' lang='lat' dir='ltr'>videlicet</span> <span class='ocrx_word' id='word_1_37' title='bbox 1331 736 1504 782; x_wconf 87' lang='lat' dir='ltr'>contra</span> <span class='ocrx_word' id='word_1_38' title='bbox 1533 734 1663 798; x_wconf 89' lang='lat' dir='ltr'>ipsos</span> <span class='ocrx_word' id='word_1_39' title='bbox 1703 735 2053 798; x_wconf 89' lang='lat' dir='ltr'>perfidissimos</span> 
     </span>
     <span class='ocr_line' id='line_1_6' title="bbox 275 812 2056 882; baseline 0.003 -20"><span class='ocrx_word' id='word_1_40' title='bbox 275 817 453 863; x_wconf 90' lang='lat' dir='ltr'>Turcas</span> <span class='ocrx_word' id='word_1_41' title='bbox 472 815 520 862; x_wconf 93' lang='lat' dir='ltr'>et</span> <span class='ocrx_word' id='word_1_42' title='bbox 539 828 637 862; x_wconf 90' lang='lat' dir='ltr'>non</span> <span class='ocrx_word' id='word_1_43' title='bbox 658 812 707 861; x_wconf 91' lang='lat' dir='ltr'>in</span> <span class='ocrx_word' id='word_1_44' title='bbox 738 813 857 862; x_wconf 91' lang='lat' dir='ltr'>alios</span> <span class='ocrx_word' id='word_1_45' title='bbox 877 831 992 864; x_wconf 90' lang='lat' dir='ltr'>usus</span> <span class='ocrx_word' id='word_1_46' title='bbox 1012 817 1382 879; x_wconf 89' lang='lat' dir='ltr'>convertendos,</span> <span class='ocrx_word' id='word_1_47' title='bbox 1402 818 1668 882; x_wconf 90' lang='lat' dir='ltr'>apostolica</span> <span class='ocrx_word' id='word_1_48' title='bbox 1697 818 1988 867; x_wconf 87' lang='lat' dir='ltr'>auctoritate</span> <span class='ocrx_word' id='word_1_49' title='bbox 2008 822 2056 867; x_wconf 87' lang='lat' dir='ltr'>et</span> 
     </span>
     <span class='ocr_line' id='line_1_7' title="bbox 275 897 2057 966; baseline 0.002 -19"><span class='ocrx_word' id='word_1_50' title='bbox 275 915 334 947; x_wconf 90' lang='lat' dir='ltr'>ex</span> <span class='ocrx_word' id='word_1_51' title='bbox 362 903 499 948; x_wconf 91' lang='lat' dir='ltr'>certa</span> <span class='ocrx_word' id='word_1_52' title='bbox 519 897 722 947; x_wconf 89' lang='lat' dir='ltr'>scientia</span> <span class='ocrx_word' id='word_1_53' title='bbox 738 901 923 959; x_wconf 88' lang='lat' dir='ltr'>nostra,</span> <span class='ocrx_word' id='word_1_54' title='bbox 948 904 1120 951; x_wconf 91' lang='lat' dir='ltr'>tenore</span> <span class='ocrx_word' id='word_1_55' title='bbox 1148 902 1451 966; x_wconf 89' lang='lat' dir='ltr'>presentium</span> <span class='ocrx_word' id='word_1_56' title='bbox 1478 918 1567 966; x_wconf 92' lang='lat' dir='ltr'>per</span> <span class='ocrx_word' id='word_1_57' title='bbox 1594 901 1858 950; x_wconf 80' lang='lat' dir='ltr'>triennium</span> <span class='ocrx_word' id='word_1_58' title='bbox 1888 918 1916 950; x_wconf 89' lang='lat' dir='ltr'>a</span> <span class='ocrx_word' id='word_1_59' title='bbox 1946 902 2057 951; x_wconf 88' lang='lat' dir='ltr'>data</span> 
     </span>
     <span class='ocr_line' id='line_1_8' title="bbox 272 983 2056 1050; baseline 0.002 -19"><span class='ocrx_word' id='word_1_60' title='bbox 272 983 572 1048; x_wconf 88' lang='lat' dir='ltr'>presentium</span> <span class='ocrx_word' id='word_1_61' title='bbox 603 983 983 1046; x_wconf 88' lang='lat' dir='ltr'>computandum</span> <span class='ocrx_word' id='word_1_62' title='bbox 1018 985 1328 1050; x_wconf 77' lang='lat' dir='ltr'>imponimuS,</span> <span class='ocrx_word' id='word_1_63' title='bbox 1353 990 1401 1035; x_wconf 88' lang='lat' dir='ltr'>et</span> <span class='ocrx_word' id='word_1_64' title='bbox 1430 988 1483 1034; x_wconf 92' lang='lat' dir='ltr'>ut</span> <span class='ocrx_word' id='word_1_65' title='bbox 1510 986 1751 1050; x_wconf 90' lang='lat' dir='ltr'>premissa</span> <span class='ocrx_word' id='word_1_66' title='bbox 1776 987 1910 1033; x_wconf 89' lang='lat' dir='ltr'>metu</span> <span class='ocrx_word' id='word_1_67' title='bbox 1931 1000 2056 1049; x_wconf 89' lang='lat' dir='ltr'>pene</span> 
     </span>
     <span class='ocr_line' id='line_1_9' title="bbox 273 1066 2054 1130; baseline 0.001 -14"><span class='ocrx_word' id='word_1_68' title='bbox 273 1068 333 1117; x_wconf 89' lang='lat' dir='ltr'>ab</span> <span class='ocrx_word' id='word_1_69' title='bbox 349 1067 573 1116; x_wconf 90' lang='lat' dir='ltr'>omnibus</span> <span class='ocrx_word' id='word_1_70' title='bbox 591 1066 930 1116; x_wconf 89' lang='lat' dir='ltr'>inviolabiliter</span> <span class='ocrx_word' id='word_1_71' title='bbox 946 1069 1282 1130; x_wconf 76' lang='lat' dir='ltr'>observentur,</span> <span class='ocrx_word' id='word_1_72' title='bbox 1301 1070 1701 1130; x_wconf 82' lang='lat' dir='ltr'>contradictoreS,</span> <span class='ocrx_word' id='word_1_73' title='bbox 1717 1069 2054 1119; x_wconf 73' lang='lat' dir='ltr'>inobedientes</span> 
     </span>
     <span class='ocr_line' id='line_1_10' title="bbox 273 1149 2055 1218; baseline 0.001 -18"><span class='ocrx_word' id='word_1_74' title='bbox 273 1155 321 1200; x_wconf 87' lang='lat' dir='ltr'>et</span> <span class='ocrx_word' id='word_1_75' title='bbox 351 1150 561 1201; x_wconf 87' lang='lat' dir='ltr'>rebelles</span> <span class='ocrx_word' id='word_1_76' title='bbox 592 1152 675 1198; x_wconf 88' lang='lat' dir='ltr'>aut</span> <span class='ocrx_word' id='word_1_77' title='bbox 706 1149 917 1199; x_wconf 82' lang='lat' dir='ltr'>scienter</span> <span class='ocrx_word' id='word_1_78' title='bbox 947 1151 1229 1202; x_wconf 81' lang='lat' dir='ltr'>fraudantes</span> <span class='ocrx_word' id='word_1_79' title='bbox 1255 1157 1299 1201; x_wconf 90' lang='lat' dir='ltr'>et</span> <span class='ocrx_word' id='word_1_80' title='bbox 1323 1153 1603 1217; x_wconf 89' lang='lat' dir='ltr'>hujusmodi</span> <span class='ocrx_word' id='word_1_81' title='bbox 1631 1152 1846 1202; x_wconf 89' lang='lat' dir='ltr'>decimas</span> <span class='ocrx_word' id='word_1_82' title='bbox 1867 1152 2055 1218; x_wconf 87' lang='lat' dir='ltr'>integre</span> 
     </span>
     <span class='ocr_line' id='line_1_11' title="bbox 272 1235 2054 1302; baseline 0 -17"><span class='ocrx_word' id='word_1_83' title='bbox 272 1252 368 1285; x_wconf 91' lang='lat' dir='ltr'>non</span> <span class='ocrx_word' id='word_1_84' title='bbox 387 1236 651 1296; x_wconf 82' lang='lat' dir='ltr'>solventeS,</span> <span class='ocrx_word' id='word_1_85' title='bbox 677 1235 1028 1300; x_wconf 89' lang='lat' dir='ltr'>cujuscumque</span> <span class='ocrx_word' id='word_1_86' title='bbox 1053 1240 1224 1298; x_wconf 82' lang='lat' dir='ltr'>statuS,</span> <span class='ocrx_word' id='word_1_87' title='bbox 1247 1238 1441 1302; x_wconf 80' lang='lat' dir='ltr'>gradUS,</span> <span class='ocrx_word' id='word_1_88' title='bbox 1468 1236 1649 1286; x_wconf 88' lang='lat' dir='ltr'>ordinis</span> <span class='ocrx_word' id='word_1_89' title='bbox 1672 1239 1720 1285; x_wconf 93' lang='lat' dir='ltr'>et</span> <span class='ocrx_word' id='word_1_90' title='bbox 1741 1237 1974 1300; x_wconf 88' lang='lat' dir='ltr'>potentie,</span> <span class='ocrx_word' id='word_1_91' title='bbox 2001 1240 2054 1285; x_wconf 89' lang='lat' dir='ltr'>ut</span> 
     </span>
     <span class='ocr_line' id='line_1_12' title="bbox 271 1316 2056 1386; baseline 0 -17"><span class='ocrx_word' id='word_1_92' title='bbox 271 1321 543 1386; x_wconf 81' lang='lat' dir='ltr'>prefertur,</span> <span class='ocrx_word' id='word_1_93' title='bbox 583 1316 792 1377; x_wconf 89' lang='lat' dir='ltr'>fuerint,</span> <span class='ocrx_word' id='word_1_94' title='bbox 827 1319 1136 1382; x_wconf 76' lang='lat' dir='ltr'>patriarcali,</span> <span class='ocrx_word' id='word_1_95' title='bbox 1182 1319 1585 1385; x_wconf 85' lang='lat' dir='ltr'>archiepiscopali</span> <span class='ocrx_word' id='word_1_96' title='bbox 1634 1322 1718 1368; x_wconf 92' lang='lat' dir='ltr'>aut</span> <span class='ocrx_word' id='word_1_97' title='bbox 1755 1320 1849 1369; x_wconf 90' lang='lat' dir='ltr'>alia</span> <span class='ocrx_word' id='word_1_98' title='bbox 1892 1321 2056 1385; x_wconf 88' lang='lat' dir='ltr'>quavis</span> 
     </span>
     <span class='ocr_line' id='line_1_13' title="bbox 273 1402 2058 1468; baseline -0.001 -14"><span class='ocrx_word' id='word_1_99' title='bbox 273 1404 479 1454; x_wconf 88' lang='lat' dir='ltr'>ecclesie</span> <span class='ocrx_word' id='word_1_100' title='bbox 509 1402 819 1468; x_wconf 80' lang='lat' dir='ltr'>prefulgeant</span> <span class='ocrx_word' id='word_1_101' title='bbox 853 1404 1112 1468; x_wconf 80' lang='lat' dir='ltr'>dignitate,</span> <span class='ocrx_word' id='word_1_102' title='bbox 1147 1403 1658 1454; x_wconf 79' lang='lat' dir='ltr'>excommunicationis</span> <span class='ocrx_word' id='word_1_103' title='bbox 1696 1406 1745 1452; x_wconf 90' lang='lat' dir='ltr'>et</span> <span class='ocrx_word' id='word_1_104' title='bbox 1782 1404 2058 1468; x_wconf 83' lang='lat' dir='ltr'>privationis</span> 
     </span>
     <span class='ocr_line' id='line_1_14' title="bbox 275 1487 2058 1553; baseline -0.001 -15"><span class='ocrx_word' id='word_1_105' title='bbox 275 1489 623 1546; x_wconf 89' lang='lat' dir='ltr'>ecclesiarum,</span> <span class='ocrx_word' id='word_1_106' title='bbox 679 1487 1090 1536; x_wconf 85' lang='lat' dir='ltr'>monasteriorum</span> <span class='ocrx_word' id='word_1_107' title='bbox 1145 1488 1450 1553; x_wconf 88' lang='lat' dir='ltr'>aliorumque</span> <span class='ocrx_word' id='word_1_108' title='bbox 1491 1487 1871 1550; x_wconf 87' lang='lat' dir='ltr'>beneficiorum,</span> <span class='ocrx_word' id='word_1_109' title='bbox 1915 1492 1963 1537; x_wconf 90' lang='lat' dir='ltr'>et</span> <span class='ocrx_word' id='word_1_110' title='bbox 2005 1492 2058 1537; x_wconf 90' lang='lat' dir='ltr'>ut</span> 
     </span>
     <span class='ocr_line' id='line_1_15' title="bbox 272 1569 2057 1637; baseline -0.001 -15"><span class='ocrx_word' id='word_1_111' title='bbox 272 1573 495 1621; x_wconf 90' lang='lat' dir='ltr'>vacantia</span> <span class='ocrx_word' id='word_1_112' title='bbox 520 1569 771 1635; x_wconf 90' lang='lat' dir='ltr'>impetrari</span> <span class='ocrx_word' id='word_1_113' title='bbox 793 1571 841 1617; x_wconf 93' lang='lat' dir='ltr'>et</span> <span class='ocrx_word' id='word_1_114' title='bbox 867 1570 1021 1620; x_wconf 90' lang='lat' dir='ltr'>libere</span> <span class='ocrx_word' id='word_1_115' title='bbox 1055 1573 1268 1622; x_wconf 87' lang='lat' dir='ltr'>conferri</span> <span class='ocrx_word' id='word_1_116' title='bbox 1300 1572 1505 1637; x_wconf 85' lang='lat' dir='ltr'>possint,</span> <span class='ocrx_word' id='word_1_117' title='bbox 1532 1571 1797 1621; x_wconf 89' lang='lat' dir='ltr'>sententias</span> <span class='ocrx_word' id='word_1_118' title='bbox 1829 1575 1876 1620; x_wconf 90' lang='lat' dir='ltr'>et</span> <span class='ocrx_word' id='word_1_119' title='bbox 1907 1587 2057 1636; x_wconf 89' lang='lat' dir='ltr'>penas</span> 
     </span>
     <span class='ocr_line' id='line_1_16' title="bbox 272 1653 2057 1726; baseline -0.001 -21"><span class='ocrx_word' id='word_1_120' title='bbox 272 1657 402 1721; x_wconf 89' lang='lat' dir='ltr'>ipsas</span> <span class='ocrx_word' id='word_1_121' title='bbox 432 1657 536 1720; x_wconf 90' lang='lat' dir='ltr'>ipso</span> <span class='ocrx_word' id='word_1_122' title='bbox 568 1655 694 1704; x_wconf 89' lang='lat' dir='ltr'>facto</span> <span class='ocrx_word' id='word_1_123' title='bbox 725 1653 981 1703; x_wconf 90' lang='lat' dir='ltr'>incurrere</span> <span class='ocrx_word' id='word_1_124' title='bbox 1009 1655 1343 1715; x_wconf 84' lang='lat' dir='ltr'>declaramus3</span> <span class='ocrx_word' id='word_1_125' title='bbox 1369 1656 1542 1720; x_wconf 91' lang='lat' dir='ltr'>quibus</span> <span class='ocrx_word' id='word_1_126' title='bbox 1576 1655 1830 1704; x_wconf 90' lang='lat' dir='ltr'>sententiis</span> <span class='ocrx_word' id='word_1_127' title='bbox 1855 1671 2057 1726; x_wconf 84' lang='lat' dir='ltr'>venera—</span> 
     </span>
     <span class='ocr_line' id='line_1_17' title="bbox 273 1738 2058 1804; baseline 0 -16"><span class='ocrx_word' id='word_1_128' title='bbox 273 1741 395 1790; x_wconf 91' lang='lat' dir='ltr'>biles</span> <span class='ocrx_word' id='word_1_129' title='bbox 414 1741 592 1788; x_wconf 88' lang='lat' dir='ltr'>sratres</span> <span class='ocrx_word' id='word_1_130' title='bbox 610 1739 762 1787; x_wconf 83' lang='lat' dir='ltr'>nostri</span> <span class='ocrx_word' id='word_1_131' title='bbox 784 1738 1057 1788; x_wconf 86' lang='lat' dir='ltr'>cardinales</span> <span class='ocrx_word' id='word_1_132' title='bbox 1075 1740 1285 1804; x_wconf 87' lang='lat' dir='ltr'>predicti</span> <span class='ocrx_word' id='word_1_133' title='bbox 1306 1740 1420 1790; x_wconf 92' lang='lat' dir='ltr'>huic</span> <span class='ocrx_word' id='word_1_134' title='bbox 1443 1743 1611 1789; x_wconf 90' lang='lat' dir='ltr'>sancto</span> <span class='ocrx_word' id='word_1_135' title='bbox 1628 1739 1761 1804; x_wconf 90' lang='lat' dir='ltr'>operi</span> <span class='ocrx_word' id='word_1_136' title='bbox 1782 1755 1879 1788; x_wconf 89' lang='lat' dir='ltr'>una</span> <span class='ocrx_word' id='word_1_137' title='bbox 1897 1739 2058 1788; x_wconf 85' lang='lat' dir='ltr'>nobis—</span> 
     </span>
     <span class='ocr_line' id='line_1_18' title="bbox 274 1822 2056 1889; baseline 0.001 -16"><span class='ocrx_word' id='word_1_138' title='bbox 274 1841 385 1873; x_wconf 90' lang='lat' dir='ltr'>cum</span> <span class='ocrx_word' id='word_1_139' title='bbox 417 1827 519 1873; x_wconf 92' lang='lat' dir='ltr'>toto</span> <span class='ocrx_word' id='word_1_140' title='bbox 560 1822 721 1872; x_wconf 91' lang='lat' dir='ltr'>cordis</span> <span class='ocrx_word' id='word_1_141' title='bbox 762 1823 935 1871; x_wconf 84' lang='lat' dir='ltr'>affectu</span> <span class='ocrx_word' id='word_1_142' title='bbox 974 1822 1189 1885; x_wconf 90' lang='lat' dir='ltr'>intente,</span> <span class='ocrx_word' id='word_1_143' title='bbox 1232 1827 1403 1889; x_wconf 89' lang='lat' dir='ltr'>sponte</span> <span class='ocrx_word' id='word_1_144' title='bbox 1454 1823 1623 1888; x_wconf 89' lang='lat' dir='ltr'>scripti</span> <span class='ocrx_word' id='word_1_145' title='bbox 1673 1839 1725 1872; x_wconf 90' lang='lat' dir='ltr'>se</span> <span class='ocrx_word' id='word_1_146' title='bbox 1771 1824 2056 1874; x_wconf 88' lang='lat' dir='ltr'>submittere</span> 
     </span>
     <span class='ocr_line' id='line_1_19' title="bbox 273 1906 2057 1972; baseline -0.001 -15"><span class='ocrx_word' id='word_1_147' title='bbox 273 1910 554 1968; x_wconf 82' lang='lat' dir='ltr'>voluerunt3</span> <span class='ocrx_word' id='word_1_148' title='bbox 595 1910 862 1957; x_wconf 87' lang='lat' dir='ltr'>statuentes</span> <span class='ocrx_word' id='word_1_149' title='bbox 897 1906 1041 1955; x_wconf 89' lang='lat' dir='ltr'>etiam</span> <span class='ocrx_word' id='word_1_150' title='bbox 1074 1911 1126 1955; x_wconf 93' lang='lat' dir='ltr'>ut</span> <span class='ocrx_word' id='word_1_151' title='bbox 1156 1923 1325 1956; x_wconf 91' lang='lat' dir='ltr'>omnes</span> <span class='ocrx_word' id='word_1_152' title='bbox 1356 1913 1403 1957; x_wconf 92' lang='lat' dir='ltr'>et</span> <span class='ocrx_word' id='word_1_153' title='bbox 1436 1907 1623 1972; x_wconf 87' lang='lat' dir='ltr'>singule</span> <span class='ocrx_word' id='word_1_154' title='bbox 1643 1922 1856 1971; x_wconf 87' lang='lat' dir='ltr'>persone</span> <span class='ocrx_word' id='word_1_155' title='bbox 1875 1922 1970 1970; x_wconf 91' lang='lat' dir='ltr'>que</span> <span class='ocrx_word' id='word_1_156' title='bbox 1996 1907 2057 1956; x_wconf 90' lang='lat' dir='ltr'>oh</span> 
     </span>
     <span class='ocr_line' id='line_1_20' title="bbox 275 1989 2056 2055; baseline -0.002 -13"><span class='ocrx_word' id='word_1_157' title='bbox 275 2009 373 2042; x_wconf 91' lang='lat' dir='ltr'>non</span> <span class='ocrx_word' id='word_1_158' title='bbox 392 1993 604 2041; x_wconf 89' lang='lat' dir='ltr'>solutum</span> <span class='ocrx_word' id='word_1_159' title='bbox 628 1992 725 2040; x_wconf 88' lang='lat' dir='ltr'>sive</span> <span class='ocrx_word' id='word_1_160' title='bbox 742 1989 1162 2038; x_wconf 87' lang='lat' dir='ltr'>defraudationem</span> <span class='ocrx_word' id='word_1_161' title='bbox 1184 1990 1484 2040; x_wconf 88' lang='lat' dir='ltr'>decimarum</span> <span class='ocrx_word' id='word_1_162' title='bbox 1504 1991 1579 2039; x_wconf 89' lang='lat' dir='ltr'>vel</span> <span class='ocrx_word' id='word_1_163' title='bbox 1594 1991 1713 2039; x_wconf 88' lang='lat' dir='ltr'>alias</span> <span class='ocrx_word' id='word_1_164' title='bbox 1726 1992 2056 2055; x_wconf 89' lang='lat' dir='ltr'>quascumque</span> 
     </span>
     <span class='ocr_line' id='line_1_21' title="bbox 277 2073 2054 2139; baseline -0.002 -13"><span class='ocrx_word' id='word_1_165' title='bbox 277 2077 560 2126; x_wconf 88' lang='lat' dir='ltr'>occasiones</span> <span class='ocrx_word' id='word_1_166' title='bbox 593 2075 944 2139; x_wconf 88' lang='lat' dir='ltr'>premissorum</span> <span class='ocrx_word' id='word_1_167' title='bbox 984 2074 1500 2123; x_wconf 86' lang='lat' dir='ltr'>excommunicationis</span> <span class='ocrx_word' id='word_1_168' title='bbox 1543 2074 1779 2124; x_wconf 88' lang='lat' dir='ltr'>sententie</span> <span class='ocrx_word' id='word_1_169' title='bbox 1824 2073 2054 2137; x_wconf 87' lang='lat' dir='ltr'>innodate</span> 
     </span>
     <span class='ocr_line' id='line_1_22' title="bbox 276 2157 2057 2223; baseline -0.002 -14"><span class='ocrx_word' id='word_1_170' title='bbox 276 2161 476 2208; x_wconf 88' lang='lat' dir='ltr'>fuerunt</span> <span class='ocrx_word' id='word_1_171' title='bbox 493 2159 553 2208; x_wconf 88' lang='lat' dir='ltr'>ab</span> <span class='ocrx_word' id='word_1_172' title='bbox 573 2158 666 2207; x_wconf 87' lang='lat' dir='ltr'>alio</span> <span class='ocrx_word' id='word_1_173' title='bbox 680 2157 769 2205; x_wconf 88' lang='lat' dir='ltr'>nisi</span> <span class='ocrx_word' id='word_1_174' title='bbox 784 2172 874 2221; x_wconf 89' lang='lat' dir='ltr'>per</span> <span class='ocrx_word' id='word_1_175' title='bbox 893 2159 1166 2205; x_wconf 91' lang='lat' dir='ltr'>Romanum</span> <span class='ocrx_word' id='word_1_176' title='bbox 1178 2157 1478 2220; x_wconf 82' lang='lat' dir='ltr'>pontificem,</span> <span class='ocrx_word' id='word_1_177' title='bbox 1491 2162 1658 2223; x_wconf 90' lang='lat' dir='ltr'>preter</span> <span class='ocrx_word' id='word_1_178' title='bbox 1668 2173 1814 2222; x_wconf 89' lang='lat' dir='ltr'>quam</span> <span class='ocrx_word' id='word_1_179' title='bbox 1824 2157 1873 2205; x_wconf 93' lang='lat' dir='ltr'>in</span> <span class='ocrx_word' id='word_1_180' title='bbox 1888 2157 2057 2206; x_wconf 88' lang='lat' dir='ltr'>mortis</span> 
     </span>
     <span class='ocr_line' id='line_1_23' title="bbox 277 2239 2053 2306; baseline -0.001 -14"><span class='ocrx_word' id='word_1_181' title='bbox 277 2243 480 2292; x_wconf 87' lang='lat' dir='ltr'>articulo</span> <span class='ocrx_word' id='word_1_182' title='bbox 510 2239 795 2302; x_wconf 76' lang='lat' dir='ltr'>coiistitute,</span> <span class='ocrx_word' id='word_1_183' title='bbox 833 2244 880 2290; x_wconf 94' lang='lat' dir='ltr'>et</span> <span class='ocrx_word' id='word_1_184' title='bbox 911 2240 1002 2289; x_wconf 90' lang='lat' dir='ltr'>nisi</span> <span class='ocrx_word' id='word_1_185' title='bbox 1032 2240 1168 2305; x_wconf 90' lang='lat' dir='ltr'>prius</span> <span class='ocrx_word' id='word_1_186' title='bbox 1203 2240 1448 2291; x_wconf 88' lang='lat' dir='ltr'>satisfacto</span> <span class='ocrx_word' id='word_1_187' title='bbox 1482 2242 1540 2291; x_wconf 91' lang='lat' dir='ltr'>de</span> <span class='ocrx_word' id='word_1_188' title='bbox 1573 2242 1650 2291; x_wconf 90' lang='lat' dir='ltr'>his</span> <span class='ocrx_word' id='word_1_189' title='bbox 1687 2258 1780 2306; x_wconf 91' lang='lat' dir='ltr'>que</span> <span class='ocrx_word' id='word_1_190' title='bbox 1824 2246 2053 2292; x_wconf 88' lang='lat' dir='ltr'>tenentur</span> 
     </span>
     <span class='ocr_line' id='line_1_24' title="bbox 277 2325 2053 2395; baseline -0.002 -19"><span class='ocrx_word' id='word_1_191' title='bbox 277 2328 456 2376; x_wconf 92' lang='lat' dir='ltr'>absolvi</span> <span class='ocrx_word' id='word_1_192' title='bbox 477 2334 718 2392; x_wconf 85' lang='lat' dir='ltr'>nequeant</span> <span class='ocrx_word' id='word_1_193' title='bbox 738 2342 894 2390; x_wconf 91' lang='lat' dir='ltr'>neque</span> <span class='ocrx_word' id='word_1_194' title='bbox 916 2326 1268 2375; x_wconf 87' lang='lat' dir='ltr'>absolutionem</span> <span class='ocrx_word' id='word_1_195' title='bbox 1289 2325 1444 2390; x_wconf 90' lang='lat' dir='ltr'>ipsam</span> <span class='ocrx_word' id='word_1_196' title='bbox 1459 2329 1557 2375; x_wconf 89' lang='lat' dir='ltr'>tam</span> <span class='ocrx_word' id='word_1_197' title='bbox 1571 2326 1619 2375; x_wconf 91' lang='lat' dir='ltr'>in</span> <span class='ocrx_word' id='word_1_198' title='bbox 1634 2326 1740 2375; x_wconf 91' lang='lat' dir='ltr'>foro</span> <span class='ocrx_word' id='word_1_199' title='bbox 1756 2326 2053 2395; x_wconf 86' lang='lat' dir='ltr'>conscientie</span> 
     </span>
     <span class='ocr_line' id='line_1_25' title="bbox 278 2408 2051 2475; baseline -0.001 -16"><span class='ocrx_word' id='word_1_200' title='bbox 278 2427 424 2475; x_wconf 91' lang='lat' dir='ltr'>quam</span> <span class='ocrx_word' id='word_1_201' title='bbox 450 2411 769 2470; x_wconf 87' lang='lat' dir='ltr'>contentioso,</span> <span class='ocrx_word' id='word_1_202' title='bbox 792 2414 839 2459; x_wconf 91' lang='lat' dir='ltr'>et</span> <span class='ocrx_word' id='word_1_203' title='bbox 867 2409 1286 2473; x_wconf 89' lang='lat' dir='ltr'>impetrationibus</span> <span class='ocrx_word' id='word_1_204' title='bbox 1316 2410 1683 2471; x_wconf 89' lang='lat' dir='ltr'>beneficiorum,</span> <span class='ocrx_word' id='word_1_205' title='bbox 1707 2410 1782 2458; x_wconf 87' lang='lat' dir='ltr'>vel</span> <span class='ocrx_word' id='word_1_206' title='bbox 1806 2408 1911 2458; x_wconf 89' lang='lat' dir='ltr'>aliis</span> <span class='ocrx_word' id='word_1_207' title='bbox 1945 2410 2051 2474; x_wconf 76' lang='lat' dir='ltr'>qui-</span> 
     </span>
     <span class='ocr_line' id='line_1_26' title="bbox 278 2493 2057 2558; baseline -0.001 -15"><span class='ocrx_word' id='word_1_208' title='bbox 278 2496 577 2558; x_wconf 89' lang='lat' dir='ltr'>buscumque</span> <span class='ocrx_word' id='word_1_209' title='bbox 600 2493 763 2558; x_wconf 86' lang='lat' dir='ltr'>gratiis</span> <span class='ocrx_word' id='word_1_210' title='bbox 783 2493 1046 2542; x_wconf 89' lang='lat' dir='ltr'>obtinuisse</span> <span class='ocrx_word' id='word_1_211' title='bbox 1068 2495 1357 2543; x_wconf 84' lang='lat' dir='ltr'>censeantur</span> <span class='ocrx_word' id='word_1_212' title='bbox 1383 2497 1429 2542; x_wconf 92' lang='lat' dir='ltr'>et</span> <span class='ocrx_word' id='word_1_213' title='bbox 1449 2494 1541 2542; x_wconf 85' lang='lat' dir='ltr'>nisi</span> <span class='ocrx_word' id='word_1_214' title='bbox 1564 2494 1622 2542; x_wconf 91' lang='lat' dir='ltr'>de</span> <span class='ocrx_word' id='word_1_215' title='bbox 1650 2493 2057 2543; x_wconf 43' lang='lat' dir='ltr'>excommunica-¹</span> 
     </span>
     <span class='ocr_line' id='line_1_27' title="bbox 277 2576 2045 2641; baseline -0.001 -15"><span class='ocrx_word' id='word_1_216' title='bbox 277 2579 420 2628; x_wconf 89' lang='lat' dir='ltr'>tionis</span> <span class='ocrx_word' id='word_1_217' title='bbox 451 2578 691 2627; x_wconf 88' lang='lat' dir='ltr'>sententia</span> <span class='ocrx_word' id='word_1_218' title='bbox 716 2577 1011 2641; x_wconf 83' lang='lat' dir='ltr'>hujusmodi,</span> <span class='ocrx_word' id='word_1_219' title='bbox 1043 2581 1090 2626; x_wconf 91' lang='lat' dir='ltr'>et</span> <span class='ocrx_word' id='word_1_220' title='bbox 1122 2577 1182 2626; x_wconf 94' lang='lat' dir='ltr'>ob</span> <span class='ocrx_word' id='word_1_221' title='bbox 1219 2593 1363 2641; x_wconf 92' lang='lat' dir='ltr'>quam</span> <span class='ocrx_word' id='word_1_222' title='bbox 1385 2593 1583 2626; x_wconf 90' lang='lat' dir='ltr'>causam</span> <span class='ocrx_word' id='word_1_223' title='bbox 1605 2593 1712 2628; x_wconf 87' lang='lat' dir='ltr'>eam</span> <span class='ocrx_word' id='word_1_224' title='bbox 1733 2576 2045 2637; x_wconf 87' lang='lat' dir='ltr'>incurrerint,</span> 
     </span>
     <span class='ocr_line' id='line_1_28' title="bbox 281 2660 2053 2727; baseline -0.001 -17"><span class='ocrx_word' id='word_1_225' title='bbox 281 2662 556 2727; x_wconf 89' lang='lat' dir='ltr'>specificam</span> <span class='ocrx_word' id='word_1_226' title='bbox 579 2664 627 2710; x_wconf 88' lang='lat' dir='ltr'>et</span> <span class='ocrx_word' id='word_1_227' title='bbox 649 2677 925 2726; x_wconf 88' lang='lat' dir='ltr'>expressam</span> <span class='ocrx_word' id='word_1_228' title='bbox 946 2661 1149 2710; x_wconf 91' lang='lat' dir='ltr'>fecerint</span> <span class='ocrx_word' id='word_1_229' title='bbox 1166 2661 1483 2723; x_wconf 87' lang='lat' dir='ltr'>mentionem,</span> <span class='ocrx_word' id='word_1_230' title='bbox 1507 2661 1720 2727; x_wconf 91' lang='lat' dir='ltr'>alioquin</span> <span class='ocrx_word' id='word_1_231' title='bbox 1741 2660 1982 2710; x_wconf 89' lang='lat' dir='ltr'>absolutio</span> <span class='ocrx_word' id='word_1_232' title='bbox 2004 2664 2053 2709; x_wconf 92' lang='lat' dir='ltr'>et</span> 
     </span>
     <span class='ocr_line' id='line_1_29' title="bbox 278 2741 2052 2811; baseline -0.001 -17"><span class='ocrx_word' id='word_1_233' title='bbox 278 2747 442 2796; x_wconf 88' lang='lat' dir='ltr'>littere</span> <span class='ocrx_word' id='word_1_234' title='bbox 490 2746 755 2811; x_wconf 89' lang='lat' dir='ltr'>apostolice</span> <span class='ocrx_word' id='word_1_235' title='bbox 789 2761 846 2794; x_wconf 89' lang='lat' dir='ltr'>ac</span> <span class='ocrx_word' id='word_1_236' title='bbox 881 2761 1184 2809; x_wconf 86' lang='lat' dir='ltr'>quecumque</span> <span class='ocrx_word' id='word_1_237' title='bbox 1230 2745 1570 2794; x_wconf 88' lang='lat' dir='ltr'>concessiones</span> <span class='ocrx_word' id='word_1_238' title='bbox 1617 2741 1965 2795; x_wconf 85' lang='lat' dir='ltr'>beneficiorum</span> <span class='ocrx_word' id='word_1_239' title='bbox 2004 2748 2052 2792; x_wconf 89' lang='lat' dir='ltr'>et</span> 
     </span>
     <span class='ocr_line' id='line_1_30' title="bbox 281 2826 2053 2895; baseline -0.001 -18"><span class='ocrx_word' id='word_1_240' title='bbox 281 2830 432 2895; x_wconf 91' lang='lat' dir='ltr'>gratie</span> <span class='ocrx_word' id='word_1_241' title='bbox 455 2830 542 2878; x_wconf 92' lang='lat' dir='ltr'>sub</span> <span class='ocrx_word' id='word_1_242' title='bbox 565 2828 728 2893; x_wconf 89' lang='lat' dir='ltr'>quavis</span> <span class='ocrx_word' id='word_1_243' title='bbox 748 2829 1007 2877; x_wconf 88' lang='lat' dir='ltr'>verborum</span> <span class='ocrx_word' id='word_1_244' title='bbox 1031 2828 1189 2876; x_wconf 90' lang='lat' dir='ltr'>forma</span> <span class='ocrx_word' id='word_1_245' title='bbox 1211 2844 1440 2877; x_wconf 89' lang='lat' dir='ltr'>concesse</span> <span class='ocrx_word' id='word_1_246' title='bbox 1469 2828 1744 2877; x_wconf 88' lang='lat' dir='ltr'>nullatenus</span> <span class='ocrx_word' id='word_1_247' title='bbox 1778 2827 1845 2876; x_wconf 84' lang='lat' dir='ltr'>eis</span> <span class='ocrx_word' id='word_1_248' title='bbox 1880 2826 2053 2876; x_wconf 58' lang='lat' dir='ltr'>suffra*</span> 
     </span>
     <span class='ocr_line' id='line_1_31' title="bbox 283 2908 2059 2978; baseline -0.002 -16"><span class='ocrx_word' id='word_1_249' title='bbox 283 2917 458 2978; x_wconf 89' lang='lat' dir='ltr'>gentur</span> <span class='ocrx_word' id='word_1_250' title='bbox 490 2914 764 2977; x_wconf 91' lang='lat' dir='ltr'>nulliusque</span> <span class='ocrx_word' id='word_1_251' title='bbox 796 2912 890 2960; x_wconf 91' lang='lat' dir='ltr'>sint</span> <span class='ocrx_word' id='word_1_252' title='bbox 920 2910 1113 2960; x_wconf 89' lang='lat' dir='ltr'>roboris</span> <span class='ocrx_word' id='word_1_253' title='bbox 1157 2916 1205 2960; x_wconf 92' lang='lat' dir='ltr'>et</span> <span class='ocrx_word' id='word_1_254' title='bbox 1236 2912 1499 2971; x_wconf 91' lang='lat' dir='ltr'>momenti,</span> <span class='ocrx_word' id='word_1_255' title='bbox 1534 2912 1747 2962; x_wconf 87' lang='lat' dir='ltr'>volentes</span> <span class='ocrx_word' id='word_1_256' title='bbox 1781 2924 1970 2976; x_wconf 89' lang='lat' dir='ltr'>quoque</span> <span class='ocrx_word' id='word_1_257' title='bbox 2006 2908 2059 2959; x_wconf 77' lang='lat' dir='ltr'>et</span> 
     </span>
     <span class='ocr_line' id='line_1_32' title="bbox 281 2987 2052 3061; baseline 0 -17"><span class='ocrx_word' id='word_1_258' title='bbox 281 2997 599 3046; x_wconf 87' lang='lat' dir='ltr'>decernentes</span> <span class='ocrx_word' id='word_1_259' title='bbox 632 2996 760 3059; x_wconf 91' lang='lat' dir='ltr'>quod</span> <span class='ocrx_word' id='word_1_260' title='bbox 793 2996 847 3056; x_wconf 92' lang='lat' dir='ltr'>si,</span> <span class='ocrx_word' id='word_1_261' title='bbox 870 2999 1067 3044; x_wconf 85' lang='lat' dir='ltr'>auctore</span> <span class='ocrx_word' id='word_1_262' title='bbox 1090 2995 1320 3056; x_wconf 91' lang='lat' dir='ltr'>Domino,</span> <span class='ocrx_word' id='word_1_263' title='bbox 1357 2996 1624 3061; x_wconf 86' lang='lat' dir='ltr'>profligatis</span> <span class='ocrx_word' id='word_1_264' title='bbox 1655 2996 1901 3056; x_wconf 82' lang='lat' dir='ltr'>hostibus,</span> <span class='ocrx_word' id='word_1_265' title='bbox 1939 2987 2052 3045; x_wconf 82' lang='lat' dir='ltr'>fidei</span> 
     </span>
     <span class='ocr_line' id='line_1_33' title="bbox 281 3076 2050 3144; baseline -0.002 -15"><span class='ocrx_word' id='word_1_266' title='bbox 281 3081 533 3129; x_wconf 86' lang='lat' dir='ltr'>victoriam</span> <span class='ocrx_word' id='word_1_267' title='bbox 565 3079 855 3128; x_wconf 86' lang='lat' dir='ltr'>christianus</span> <span class='ocrx_word' id='word_1_268' title='bbox 889 3079 1128 3129; x_wconf 90' lang='lat' dir='ltr'>exercitus</span> <span class='ocrx_word' id='word_1_269' title='bbox 1160 3084 1573 3144; x_wconf 90' lang='lat' dir='ltr'>consequeretur,</span> <span class='ocrx_word' id='word_1_270' title='bbox 1611 3079 1720 3128; x_wconf 91' lang='lat' dir='ltr'>finis</span> <span class='ocrx_word' id='word_1_271' title='bbox 1761 3079 1875 3128; x_wconf 92' lang='lat' dir='ltr'>huic</span> <span class='ocrx_word' id='word_1_272' title='bbox 1920 3076 2050 3127; x_wconf 86' lang='lat' dir='ltr'>bello</span> 
     </span>
     <span class='ocr_line' id='line_1_34' title="bbox 281 3159 2054 3229; baseline -0.002 -17"><span class='ocrx_word' id='word_1_273' title='bbox 281 3163 535 3229; x_wconf 91' lang='lat' dir='ltr'>impositus</span> <span class='ocrx_word' id='word_1_274' title='bbox 557 3166 704 3224; x_wconf 89' lang='lat' dir='ltr'>esset,</span> <span class='ocrx_word' id='word_1_275' title='bbox 729 3163 766 3211; x_wconf 92' lang='lat' dir='ltr'>si</span> <span class='ocrx_word' id='word_1_276' title='bbox 786 3163 835 3211; x_wconf 92' lang='lat' dir='ltr'>in</span> <span class='ocrx_word' id='word_1_277' title='bbox 860 3166 916 3211; x_wconf 93' lang='lat' dir='ltr'>II⁰</span> <span class='ocrx_word' id='word_1_278' title='bbox 943 3163 1015 3212; x_wconf 92' lang='lat' dir='ltr'>vel</span> <span class='ocrx_word' id='word_1_279' title='bbox 1047 3165 1126 3211; x_wconf 78' lang='grc' dir='ltr'>ΙΙΙο</span> <span class='ocrx_word' id='word_1_280' title='bbox 1149 3179 1274 3211; x_wconf 91' lang='lat' dir='ltr'>anno</span> <span class='ocrx_word' id='word_1_281' title='bbox 1305 3179 1411 3213; x_wconf 90' lang='lat' dir='ltr'>esse</span> <span class='ocrx_word' id='word_1_282' title='bbox 1446 3163 1723 3228; x_wconf 87' lang='lat' dir='ltr'>contigerit,</span> <span class='ocrx_word' id='word_1_283' title='bbox 1756 3167 1870 3210; x_wconf 91' lang='lat' dir='ltr'>tunc</span> <span class='ocrx_word' id='word_1_284' title='bbox 1903 3159 1962 3209; x_wconf 90' lang='lat' dir='ltr'>ab</span> <span class='ocrx_word' id='word_1_285' title='bbox 1996 3177 2054 3209; x_wconf 92' lang='lat' dir='ltr'>eo</span> 
     </span>
     <span class='ocr_line' id='line_1_35' title="bbox 282 3231 2052 3313; baseline -0.003 -17"><span class='ocrx_word' id='word_1_286' title='bbox 282 3253 500 3313; x_wconf 88' lang='lat' dir='ltr'>tempore</span> <span class='ocrx_word' id='word_1_287' title='bbox 528 3248 672 3308; x_wconf 90' lang='lat' dir='ltr'>citra,</span> <span class='ocrx_word' id='word_1_288' title='bbox 706 3246 1011 3311; x_wconf 86' lang='lat' dir='ltr'>expeditione</span> <span class='ocrx_word' id='word_1_289' title='bbox 1042 3251 1284 3306; x_wconf 88' lang='lat' dir='ltr'>cessante,</span> <span class='ocrx_word' id='word_1_290' title='bbox 1319 3246 1508 3295; x_wconf 89' lang='lat' dir='ltr'>decima</span> <span class='ocrx_word' id='word_1_291' title='bbox 1539 3244 1819 3310; x_wconf 90' lang='lat' dir='ltr'>hujusmodi</span> <span class='ocrx_word' id='word_1_292' title='bbox 1845 3231 2052 3308; x_wconf 81' lang='lat' dir='ltr'>amplius</span> 
     </span>
     <span class='ocr_line' id='line_1_36' title="bbox 284 3327 2050 3394; baseline -0.003 -14"><span class='ocrx_word' id='word_1_293' title='bbox 284 3348 381 3381; x_wconf 89' lang='lat' dir='ltr'>non</span> <span class='ocrx_word' id='word_1_294' title='bbox 402 3332 587 3381; x_wconf 89' lang='lat' dir='ltr'>levetur</span> <span class='ocrx_word' id='word_1_295' title='bbox 608 3347 698 3379; x_wconf 86' lang='lat' dir='ltr'>nec</span> <span class='ocrx_word' id='word_1_296' title='bbox 720 3330 954 3394; x_wconf 85' lang='lat' dir='ltr'>exigatur.</span> <span class='ocrx_word' id='word_1_297' title='bbox 980 3328 1114 3377; x_wconf 89' lang='lat' dir='ltr'>Circa</span> <span class='ocrx_word' id='word_1_298' title='bbox 1144 3345 1258 3378; x_wconf 91' lang='lat' dir='ltr'>vero</span> <span class='ocrx_word' id='word_1_299' title='bbox 1293 3329 1630 3377; x_wconf 87' lang='lat' dir='ltr'>collectionem</span> <span class='ocrx_word' id='word_1_300' title='bbox 1664 3331 1711 3376; x_wconf 92' lang='lat' dir='ltr'>et</span> <span class='ocrx_word' id='word_1_301' title='bbox 1744 3327 2050 3376; x_wconf 87' lang='lat' dir='ltr'>exactionem</span> 
     </span>
     <span class='ocr_line' id='line_1_37' title="bbox 285 3410 2051 3477; baseline -0.003 -13"><span class='ocrx_word' id='word_1_302' title='bbox 285 3421 382 3464; x_wconf 91' lang='lat' dir='ltr'>tam</span> <span class='ocrx_word' id='word_1_303' title='bbox 404 3415 702 3464; x_wconf 89' lang='lat' dir='ltr'>decimarum</span> <span class='ocrx_word' id='word_1_304' title='bbox 724 3429 867 3477; x_wconf 90' lang='lat' dir='ltr'>quam</span> <span class='ocrx_word' id='word_1_305' title='bbox 895 3411 1207 3476; x_wconf 89' lang='lat' dir='ltr'>pecuniarum</span> <span class='ocrx_word' id='word_1_306' title='bbox 1237 3411 1559 3475; x_wconf 87' lang='lat' dir='ltr'>quarumlibet</span> <span class='ocrx_word' id='word_1_307' title='bbox 1589 3415 1636 3460; x_wconf 87' lang='lat' dir='ltr'>et</span> <span class='ocrx_word' id='word_1_308' title='bbox 1665 3410 1871 3460; x_wconf 88' lang='lat' dir='ltr'>aliorum</span> <span class='ocrx_word' id='word_1_309' title='bbox 1898 3410 2051 3459; x_wconf 91' lang='lat' dir='ltr'>bono-</span> 
     </span>
     <span class='ocr_line' id='line_1_38' title="bbox 279 3494 2053 3562; baseline -0.002 -16"><span class='ocrx_word' id='word_1_310' title='bbox 279 3515 390 3547; x_wconf 80' lang='lat' dir='ltr'>rum</span> <span class='ocrx_word' id='word_1_311' title='bbox 412 3499 749 3562; x_wconf 89' lang='lat' dir='ltr'>undecumque</span> <span class='ocrx_word' id='word_1_312' title='bbox 772 3499 819 3546; x_wconf 87' lang='lat' dir='ltr'>et</span> <span class='ocrx_word' id='word_1_313' title='bbox 839 3494 1292 3559; x_wconf 86' lang='lat' dir='ltr'>quomodocumque</span> <span class='ocrx_word' id='word_1_314' title='bbox 1311 3494 1372 3544; x_wconf 86' lang='lat' dir='ltr'>ad</span> <span class='ocrx_word' id='word_1_315' title='bbox 1391 3495 1485 3544; x_wconf 91' lang='lat' dir='ltr'>hoc</span> <span class='ocrx_word' id='word_1_316' title='bbox 1503 3498 1721 3545; x_wconf 88' lang='lat' dir='ltr'>sanctum</span> <span class='ocrx_word' id='word_1_317' title='bbox 1744 3510 1864 3559; x_wconf 88' lang='lat' dir='ltr'>opus</span> <span class='ocrx_word' id='word_1_318' title='bbox 1885 3508 2053 3558; x_wconf 90' lang='lat' dir='ltr'>prove-</span> 
     </span>
    </p>
   </div>
  </div>
 </body>
</html>
