2228 3938
182 415 288 455 [Aosst
310 415 406 455 1503]
616 412 784 451 RERUM
797 408 1112 463 ,URBANARUM
1146 408 1498 448 COMMENTARH.
1894 412 1964 448 249

182 518 439 582 politanus,
480 512 842 571 RecanatensiS‚
882 516 1264 572 Beneventanus,
1313 528 1350 560 s.
1395 513 1643 572 Praxedis,
1681 513 1964 562 Alexandri-

184 617 292 660 nus,
316 617 355 648 s.
381 600 563 659 Crucis,
589 599 863 657 Grimanus,
896 596 1297 660 CaputaquensiS,
1330 596 1666 655 Bononiensis,
1700 596 1758 645 de
1786 597 1962 657 Flisco,

185 684 430 743 SenensiS,
459 683 688 742 Medices,
726 698 764 729 S.
795 680 1026 738 Severini,
1057 679 1331 736 Cesarinus,
1358 679 1417 726 de
1443 679 1675 727 Farnesio
1701 683 1748 728 et
1776 681 1967 729 Alibre-

183 771 282 825 tus;
306 766 400 815 hoc
418 782 559 814 mane
582 762 892 814 continuavit.
918 762 1023 810 Fuit
1046 761 1325 809 scandalum
1346 761 1451 810 heri
1473 761 1744 825 inceptum3
1766 763 1965 824 violate,

184 854 320 915 rapte
346 866 401 898 ac
426 849 628 914 spoliate
659 848 831 897 domus
857 846 1116 894 cardinalis
1142 849 1385 894 Casanove
1411 846 1507 893 sive
1531 847 1694 894 uxoris
1722 862 1806 895 sue
1837 848 1964 910 apud

186 934 390 982 Puteum
410 933 583 981 Album
606 937 653 980 et
676 932 855 979 ibidem
883 931 1053 979 domus
1080 933 1136 978 D.
1168 926 1360 978 Andree
1383 930 1523 979 Vives
1551 933 1597 978 et
1627 933 1760 978 retro
1787 930 1968 979 bancos

187 1016 360 1065 domus
382 1019 439 1065 D.
466 1016 666 1074 Sanetii,
692 1014 939 1078 scriptoris
966 1012 1234 1077 apostolici,
1262 1018 1308 1060 et
1333 1012 1484 1060 multe
1510 1013 1600 1060 alie
1628 1013 1800 1061 domus
1822 1013 1972 1062 diver-

185 1100 248 1147 sis
285 1099 455 1147 diebus
488 1099 618 1162 quod
650 1098 844 1162 quidam
875 1096 1010 1145 Corsi
1046 1102 1092 1144 et
1132 1096 1309 1144 milites
1345 1112 1402 1143 ex
1435 1096 1526 1143 illis
1557 1096 1616 1144 de
1664 1096 1848 1144 Ursinis
1878 1097 1971 1146 hoc

183 1182 418 1241 fecerunt,
448 1182 618 1230 habita
642 1181 840 1246 querela
861 1196 950 1244 per
970 1179 1345 1244 gubernatorem
1373 1184 1420 1228 et
1443 1179 1752 1243 capitaneum
1782 1180 1972 1244 collegii

184 1269 232 1313 et
255 1270 621 1314 conservatores
656 1269 704 1313 et
733 1264 918 1328 priores
943 1264 1154 1328 capitum
1184 1263 1462 1326 regionum,
1491 1262 1751 1311 offerentes
1782 1263 1911 1326 quod
1934 1263 1974 1310 si

184 1348 243 1396 de
283 1348 471 1396 duobus
513 1348 723 1395 millibus
762 1347 978 1411 peditum
1023 1346 1371 1394 distribuantur
1412 1350 1607 1394 centum
1642 1361 1730 1410 per
1762 1346 1975 1410 singulas

187 1431 412 1496 regiones
434 1447 543 1479 cum
565 1447 649 1478 suo
672 1431 974 1479 contestabili
996 1431 1070 1478 vel
1091 1430 1343 1493 capitaneo
1372 1430 1451 1492 qui
1474 1430 1774 1478 custodirent
1796 1430 1976 1478 Urbem

188 1518 237 1563 et
267 1530 366 1577 non
407 1517 633 1578 poterant
678 1514 872 1578 spoliari
910 1515 1082 1562 domus
1112 1514 1185 1561 vel
1211 1514 1305 1561 alia
1338 1513 1514 1560 similia
1550 1512 1671 1561 fieri.
1705 1513 1975 1562 Ludovieus

194 1598 394 1646 Ursinus
419 1598 609 1657 obtulit,
639 1598 677 1645 si
710 1598 910 1645 daretur
938 1598 1025 1645 sibi
1060 1597 1298 1645 securitas
1322 1613 1410 1660 per
1434 1602 1683 1645 oratorem
1716 1597 1974 1660 hispanum

192 1681 251 1728 de
278 1695 376 1728 non
409 1680 718 1737 offendendo,
749 1681 876 1743 quod
903 1681 1007 1743 ipse
1037 1680 1179 1728 vellet
1210 1684 1360 1728 totam
1396 1679 1647 1742 regionem
1683 1683 1730 1728 et
1764 1678 1976 1727 confinia

192 1764 368 1812 montis
390 1763 586 1811 Jordani
612 1778 903 1811 conservare
934 1764 994 1810 ab
1023 1764 1154 1810 omni
1187 1763 1431 1811 scandalo.
1465 1762 1628 1810 RRmi.
1658 1765 1758 1811 DD.
1790 1778 1979 1811 reman-

193 1850 357 1894 serunt
382 1847 432 1893 in
455 1846 602 1909 longa
631 1846 981 1894 consultatione
1015 1847 1076 1894 ad
1107 1847 1282 1894 multas
1308 1846 1487 1893 horas:
1521 1846 1716 1893 tandem
1741 1846 1978 1894 miserunt

193 1929 255 1977 ad
285 1932 573 1993 Prosperum
604 1928 894 1977 Columnam
925 1932 973 1977 et
1005 1929 1205 1978 Ursinos
1230 1929 1309 1992 qui
1334 1929 1645 1988 intraverant,
1682 1929 1813 1991 quod
1837 1930 1978 1977 ambe

190 2015 355 2077 partes
386 2012 594 2061 debeant
620 2013 750 2062 exire
782 2013 840 2060 de
873 2013 999 2061 Urbe
1033 2029 1143 2060 cum
1176 2012 1399 2078 gentibus
1431 2012 1562 2071 suis3
1598 2012 1728 2060 idem
1758 2013 1979 2076 promisit

193 2096 357 2144 facere
382 2096 479 2143 dux
501 2111 611 2143 cum
631 2096 815 2160 gardia,
842 2097 981 2161 cujus
1005 2102 1174 2160 gentes
1197 2112 1368 2145 omnes
1388 2099 1625 2144 venerunt
1645 2100 1691 2144 et
1714 2101 1982 2160 posuerunt

194 2195 344 2244 equos
366 2195 479 2227 suos
496 2179 544 2227 in
567 2179 791 2228 viridario
816 2183 962 2244 Pape,
985 2180 1096 2229 etin
1119 2182 1294 2229 Sancto
1323 2179 1500 2243 Spiritu
1528 2184 1575 2228 et
1591 2184 1847 2243 pertotum
1866 2181 1982 2227 Bur-

195 2276 338 2326 gum;
367 2266 415 2311 et
446 2263 535 2310 sibi
566 2263 655 2312 suit
687 2263 826 2311 datus
852 2264 999 2312 hodie
1030 2264 1169 2327 panis
1207 2264 1266 2312 de
1304 2264 1445 2311 furno
1478 2266 1605 2326 Pape
1631 2266 1876 2311 extractus
1911 2263 1983 2310 vel

195 2346 316 2405 aliis,
345 2361 490 2409 quem
524 2351 694 2410 gentes
725 2347 862 2395 ducis
893 2352 1190 2411 acceperunt
1223 2363 1409 2396 omnes,
1446 2346 1646 2395 Interim
1678 2346 1808 2410 quod
1832 2346 1985 2394 cardi-

196 2429 331 2478 nales
356 2429 688 2490 consulerent,
716 2431 1028 2494 quamplures
1064 2431 1146 2494 qui
1177 2431 1472 2479 intraverant
1497 2430 1758 2493 quamdam
1783 2430 1982 2478 domum

199 2527 351 2576 prope
370 2517 586 2560 montem
607 2514 875 2561 Jordanum
898 2517 947 2562 et
968 2530 1076 2562 eam
1099 2514 1425 2576 spoliaverant
1447 2514 1644 2562 suerunt
1665 2513 1714 2560 in
1732 2529 1791 2561 ea
1808 2513 1982 2568 clausi:

201 2598 247 2643 et
276 2598 513 2642 venerunt
544 2595 856 2658 gubernator,
891 2598 1172 2660 capitaneus
1199 2602 1247 2645 et
1276 2602 1640 2646 conservatores
1664 2597 1742 2660 qui
1768 2597 1988 2644 fecerunt

201 2678 322 2726 duos
349 2693 407 2726 ex
437 2678 529 2726 illis
563 2679 795 2743 suspendi
834 2679 881 2726 in
914 2680 988 2727 via
1023 2695 1118 2743 qua
1151 2680 1247 2727 itur
1289 2680 1350 2727 ad
1387 2680 1690 2743 Capitolium,
1728 2678 1872 2726 simul
1908 2678 1987 2726 alii

202 2761 397 2810 fuerunt
421 2762 595 2825 gladiis
622 2767 668 2811 et
686 2762 790 2810 aliis
820 2763 966 2810 armis
991 2763 1247 2812 interfecti.
1278 2763 1600 2827 Congregatio
1625 2762 1815 2811 duravit
1839 2777 1990 2825 usque

205 2844 266 2892 ad
287 2844 527 2893 decimam
551 2861 731 2893 nonam
752 2846 940 2894 horam.

271 2930 374 2976 Hoc
415 2944 575 2987 mane,
618 2932 729 2977 ante
767 2929 914 2989 diem,
955 2930 1072 2980 obiit
1110 2934 1167 2979 D.
1211 2931 1459 2979 Johannes
1494 2929 1697 2987 Nardus,
1738 2927 2014 2991 episcopus*

207 3012 428 3063 Sutrinus
453 3018 499 3061 et
525 3013 810 3077 Nepesinus,
828 3014 875 3061 in
899 3015 1043 3063 domo
1070 3015 1177 3063 Rmi
1201 3018 1257 3063 D.
1283 3013 1613 3072 Alexandrini,
1643 3012 1722 3075 qui
1737 3011 1863 3059 hora
1885 3024 1993 3057 ves-

206 3095 396 3160 pertina
422 3100 641 3160 portatus
671 3097 761 3145 fuit
791 3097 852 3144 ad
884 3098 1142 3147 ecclesiam
1177 3115 1215 3147 s.
1250 3097 1502 3162 Augustini
1535 3097 1594 3144 de
1621 3095 1766 3154 Urbe,
1801 3092 1995 3141 honori-

209 3179 299 3227 fice
324 3179 590 3228 associatus
615 3184 662 3228 et
686 3180 864 3229 ibidem
892 3182 1104 3246 sepultus
1132 3183 1262 3231 circa
1286 3182 1594 3230 undecimam
1618 3179 1776 3227 noctis
1797 3178 1986 3225 horam.

274 3263 594 3311 Recesserunt
638 3279 697 3312 ex
739 3265 867 3312 Urbe
916 3268 1016 3313 DD.
1067 3266 1335 3314 Ludovieus
1375 3265 1432 3313 de
1477 3264 1701 3312 Pitiliano
1741 3266 1788 3309 et
1823 3259 1997 3307 Fabius

212 3344 411 3393 Ursinus
442 3361 553 3393 cum
589 3347 813 3411 gentibus
850 3349 950 3396 suis
987 3365 1154 3398 versus
1184 3352 1540 3397 Lomentanum
1570 3350 1618 3395 et
1648 3349 1866 3393 montem
1899 3344 1995 3389 Ro—

215 3425 418 3476 tundum
453 3427 503 3475 in
537 3429 734 3478 nomine
769 3432 988 3479 Domini:
1026 3437 1135 3479 ante
1168 3447 1334 3480 eorum
1360 3444 1631 3486 recessum,
1663 3427 1791 3476 circa
1825 3424 1998 3473 horam

216 3509 498 3573 vigesimam
530 3511 743 3570 tertiam,
777 3515 880 3560 Don
912 3514 1218 3563 Michelottus
1243 3530 1355 3562 cum
1390 3512 1616 3576 gentibus
1650 3510 1749 3557 suis
1779 3507 1906 3556 venit
1935 3506 1996 3555 ad
