2202 3918
194 393 281 435 {Mai
303 393 397 434 1504]
638 390 808 429 RERUM
840 388 1141 429 URBANARUM
1174 389 1528 429 COMMENTARII.
1908 394 1980 431 357

259 495 346 545 Die
370 494 620 554 mercurii,
652 496 712 542 29
739 492 904 556 hujuS,
927 496 1164 541 venerunt
1187 509 1308 543 nove
1330 496 1458 559 Pape
1478 498 1587 558 post
1607 494 1781 544 horam
1803 511 1977 560 vespe-

191 595 378 638 rarum,
404 578 534 642 quod
553 576 836 635 Gonsalvus‚
855 575 1089 624 Ferrandi
1105 576 1406 640 capitaneus,
1428 578 1781 627 incarcerasset
1801 579 1976 627 ducem

190 661 503 714 Valentinum
518 661 568 710 in
585 659 785 709 castello
797 659 1117 723 Neapolitano
1133 676 1243 708 cum
1260 661 1516 709 Ramolino
1532 665 1580 710 et
1600 662 1754 710 tribus
1773 662 1879 710 aliis
1895 662 1978 728 (1).

257 748 327 794 De
347 745 579 794 mandato
611 745 696 792 Ss.
722 745 780 791 D.
817 744 874 791 N.
905 745 1035 806 Pape
1061 744 1322 792 mandetur
1352 743 1552 808 singulis
1585 744 1875 794 officialibus
1904 746 1980 794 in‘-

190 828 456 892 l'rascriptis
479 831 718 891 quatenus
738 825 815 875 die
835 825 980 890 joviS,
1005 829 1033 873 6
1051 826 1194 890 junii,
1218 826 1489 876 festivitatis
1520 828 1838 877 sacratissimi
1864 845 1977 878 cor-

190 912 325 977 poris
345 911 537 969 Christi,
562 909 650 958 sub
679 925 809 974 pena
829 909 1044 973 quinque
1059 910 1347 958 ducatorum
1366 910 1474 959 auri
1496 926 1691 960 camere
1714 913 1980 976 apostolice

189 994 588 1044 irremissibiliter
607 993 1024 1058 applicandorum,
1048 993 1259 1042 debeant
1275 994 1403 1042 hora
1415 1009 1545 1043 nona
1565 995 1694 1059 apud
1717 1012 1756 1043 S.
1783 999 1978 1045 Petrum

189 1080 238 1128 in
259 1079 435 1144 palatio
464 1078 731 1143 apostolico
783 1077 909 1126 intra
940 1078 1154 1141 primam
1188 1082 1381 1143 portam
1414 1078 1595 1127 ibidem
1628 1079 1674 1127 in
1714 1080 1850 1129 curia
1870 1097 1979 1129 cum

190 1162 393 1227 singulis
413 1161 670 1214 intorticiis
694 1161 914 1211 honestis
938 1165 1195 1225 presentes
1217 1177 1342 1223 esse,
1379 1165 1428 1211 et
1458 1162 1634 1212 exinde
1660 1164 1982 1227 personaliter

189 1262 248 1295 eo
269 1245 437 1296 ordine
462 1246 746 1310 procedere,
774 1247 923 1309 prout
934 1245 1282 1304 ordinavimuS‚
1300 1261 1357 1294 ac
1376 1246 1702 1310 personaliter
1715 1264 1803 1296 sua
1821 1247 1978 1297 intor-

189 1330 307 1379 ticia
328 1330 523 1379 deferre
541 1332 591 1379 et
607 1345 762 1393 usque
792 1329 854 1378 ad
887 1329 1254 1393 processionem
1283 1330 1577 1394 completam
1610 1331 1661 1379 in
1693 1347 1752 1380 ea
1787 1347 1978 1396 perma-

188 1428 323 1473 nere,
343 1414 432 1461 sub
443 1428 571 1477 pena
587 1413 759 1462 eadem
776 1429 786 1460 :
812 1413 1196 1462 abreviatoribus
1212 1413 1271 1462 de
1289 1429 1437 1478 parco
1453 1414 1641 1479 majori,
1662 1415 1979 1479 scriptoribus

189 1496 487 1560 apostolicis,
523 1496 917 1545 sollicitatoribus
950 1494 1225 1546 litterarum
1258 1497 1654 1561 apostolicarum,
1693 1502 1978 1561 procurato-

188 1579 326 1628 ribus
348 1580 780 1639 contradictorum,
800 1579 1050 1644 magistris
1070 1580 1272 1644 plumbi,
1290 1581 1630 1641 bullatoribus,
1656 1581 1978 1645 scriptoribus

189 1662 550 1725 penitentiarie,
575 1662 918 1712 collectoribus
933 1663 1138 1726 plumbi,
1157 1663 1356 1712 notariis
1379 1670 1501 1723 rote,
1517 1664 1722 1713 notariis
1744 1665 1978 1715 auditoris

190 1761 401 1795 camere.

190 1908 294 1946 XXX
307 1911 477 1946 versatus
497 1907 627 1944 fuerim
647 1906 685 1944 in
710 1918 860 1944 romana
879 1906 980 1944 curia
1005 1907 1160 1944 diversis
1178 1907 1415 1956 pontificibus
1435 1910 1472 1945 et
1490 1907 1736 1945 cardinalibus
1761 1909 1969 1956 serviendo,

192 1972 314 2005 tamen
334 1966 455 2015 gratia
474 1966 556 2013 Dei,
574 1966 766 2015 ingressus
794 1978 875 2003 sum
901 1966 1059 2003 officium
1075 1967 1317 2015 magistratus
1338 1966 1637 2004 ceremoniarIum
1658 1968 1794 2017 capelle
1816 1970 1974 2017 papalis,

189 2027 288 2076 quod
308 2025 468 2063 officium
487 2025 691 2074 resignavit
709 2025 747 2061 in
763 2025 836 2062 mei
854 2025 1014 2063 favorem
1039 2025 1268 2063 Venerabilis
1292 2026 1348 2063 vir
1367 2026 1538 2063 dominus
1565 2026 1817 2064 Bernardinus
1839 2028 1974 2066 Gutten

189 2086 286 2133 (sic),
297 2084 448 2130 clericus
460 2085 852 2132 Salamantinus,unus
870 2096 915 2122 ex
935 2085 1080 2122 duobus
1099 2085 1286 2134 magistris
1302 2086 1589 2122 ceremoniarum
1605 2090 1640 2123 et
1651 2086 1973 2136 participantibus,

188 2149 226 2183 et
247 2145 505 2194 adjuvantibus
540 2146 636 2182 hanc
667 2157 784 2182 meam
818 2144 1078 2183 admissionem
1107 2145 1261 2184 RRmis.
1295 2146 1373 2182 DD.
1409 2145 1658 2183 cardinalibus
1690 2158 1720 2183 s.
1758 2147 1905 2195 Georgii
1942 2153 1977 2185 et

187 2204 346 2253 Regino.
369 2204 440 2242 SS.
465 2205 510 2244 D.
531 2205 576 2242 N.
605 2203 724 2242 Julius
749 2205 849 2254 Papa
875 2205 908 2241 II
933 2204 1178 2254 personaliter
1204 2216 1260 2241 me
1283 2204 1485 2254 acceptavit
1510 2205 1592 2253 ipsa
1610 2205 1669 2242 die
1686 2205 1854 2243 XXVIII.
1883 2206 1975 2243 Cum

186 2265 284 2314 apud
309 2264 442 2301 lectum
461 2265 662 2313 paramenti
673 2265 750 2313 jam
766 2264 920 2302 vestitus
940 2264 1058 2303 iturus
1078 2265 1125 2301 ad
1143 2276 1333 2313 vesperas,
1354 2264 1676 2302 circumstantibus
1697 2265 1867 2303 omnibus
1888 2267 1968 2304 DD.

186 2324 491 2376 cardinalibus-in
506 2324 672 2371 circuitu,
694 2329 735 2362 ut
754 2336 834 2362 mos
854 2329 924 2371 est,
946 2329 982 2362 et
1000 2324 1081 2373 ipse
1099 2324 1263 2373 pontifex
1283 2324 1361 2361 suis
1376 2324 1545 2361 manibus
1565 2324 1655 2361 mihi
1673 2324 1968 2373 superpellicium

187 2384 372 2432 imposuit,
387 2387 558 2432 presente
578 2384 623 2420 de
643 2384 853 2433 hujusmodi
873 2387 956 2421 actu
976 2385 1020 2422 D.
1038 2383 1229 2421 Dominico
1249 2384 1293 2421 de
1307 2383 1521 2429 Juvenibus,
1535 2385 1679 2422 notario
1701 2396 1841 2421 camere
1862 2396 1971 2433 apos-

187 2442 308 2485 tolice,
330 2443 393 2491 qui
413 2443 521 2479 etiam
540 2443 688 2480 tenebat
706 2442 825 2480 bullas
846 2454 946 2480 meas
967 2444 1126 2491 desuper
1149 2443 1357 2492 expeditas3
1380 2447 1416 2480 et
1439 2455 1509 2492 ego
1530 2455 1596 2480 sue
1617 2443 1814 2482 Sanctitati
1834 2444 1971 2492 gratias

189 2514 306 2551 agens
320 2502 508 2539 osculatus
528 2514 608 2540 sum
627 2503 772 2550 pedem,
793 2507 831 2539 et
849 2502 1054 2540 cardinales
1073 2503 1227 2552 predicti
1245 2514 1388 2540 mecum
1409 2503 1654 2552 congratulati
1672 2507 1773 2541 sunt.

235 2563 362 2611 Itaque
383 2562 459 2598 Deo
481 2566 516 2598 et
542 2561 700 2609 gloriose
721 2561 865 2610 Virgini
883 2561 1022 2610 gratias
1042 2573 1125 2610 ago,
1151 2562 1213 2610 qui
1232 2574 1290 2599 me
1316 2563 1367 2599 ita
1395 2562 1572 2610 adjuvent
1594 2567 1631 2600 et
1656 2563 1816 2611 dirigant
1844 2567 1884 2600 ut
1905 2576 1974 2612 ego

187 2621 346 2658 officium
376 2620 447 2658 hoc
474 2621 584 2669 digne
611 2625 648 2658 et
671 2620 856 2658 fructuose
883 2626 918 2658 et
943 2621 1176 2658 laudabiliter
1201 2621 1332 2669 exequi
1360 2621 1512 2669 possim.
1537 2622 1667 2658 Amen.
1790 2637 1810 2656 «
1839 2624 1972 2671 Ego...

188 2682 313 2726 statui,
347 2681 424 2717 Deo
453 2680 600 2729 Optimo
627 2680 789 2718 Maximo
816 2680 905 2717 mihi
935 2692 1039 2717 suam
1055 2681 1211 2728 gratiam
1232 2681 1474 2725 concedente,
1491 2680 1550 2717 hic
1570 2681 1734 2729 quotidie
1755 2685 1819 2718 aut
1844 2683 1973 2720 saltem

185 2741 329 2789 quoties
349 2752 442 2789 opus
462 2740 528 2777 erit
541 2743 576 2777 et
590 2741 794 2788 contigerit,
810 2743 984 2777 annotare
1002 2752 1072 2788 que
1088 2743 1194 2787 gesta
1214 2740 1347 2776 fuerint
1364 2753 1373 2783 ;
1393 2744 1429 2776 et
1449 2740 1514 2784 sic,
1533 2751 1599 2788 per
1617 2740 1792 2788 repetitas
1812 2742 1975 2780 actiones

188 2804 296 2848 atquc
317 2800 481 2838 oculares
499 2800 745 2849 inspectiones
765 2800 988 2843 admonitus,
1017 2799 1214 2848 aliquando
1241 2800 1381 2848 possim
1407 2799 1668 2848 experientiam
1689 2803 1725 2836 et
1740 2800 1970 2849 disciplinam

187 2860 461 2897 ceremonialem
482 2860 649 2908 adipisci,
671 2860 754 2897 licet
778 2860 886 2897 etiam
903 2871 1022 2897 novus
1047 2864 1084 2897 et
1102 2859 1315 2908 inexpertus
1337 2859 1406 2897 sim
1425 2863 1603 2908 tanquam
1621 2859 1749 2896 asinus
1769 2860 1815 2896 ad
1834 2860 1971 2909 lyram3

186 2919 348 2956 conabor
364 2931 428 2968 per
447 2920 620 2968 repetitas
639 2919 815 2958 lectiones
830 2923 866 2956 et
883 2919 1036 2957 annales
1056 2919 1231 2957 lectiones
1251 2920 1404 2956 evadere
1424 2924 1464 2956 ut
1479 2919 1599 2956 officio
1620 2930 1700 2956 meo
1722 2919 1972 2956 satisfecerim·

188 2979 263 3015 Sed
283 2991 398 3027 queso
417 2983 468 3024 ut,
493 2979 525 3016 si
551 2979 588 3016 in
620 2979 689 3016 hoc
718 2979 910 3028 principio,
934 2980 1022 3016 dum
1051 2982 1159 3028 gesta
1186 2983 1394 3016 sanctorum
1419 2982 1565 3028 patrum
1595 2990 1756 3028 exequar
1783 2982 1820 3015 et
1837 2979 1973 3015 descri-

185 3039 283 3084 bam,
314 3037 387 3075 non
414 3039 603 3076 invideant
627 3051 708 3076 mea
734 3038 871 3087 scripta
904 3038 1055 3084 maligni
1081 3039 1358 3084 detractatores,
1386 3038 1579 3088 presertim
1610 3038 1670 3075 ille
1698 3049 1802 3074 meus
1835 3037 1975 3086 collega

186 3099 345 3136 Joannes
363 3099 606 3144 Bruccardus,
634 3098 749 3135 multo
778 3098 899 3147 magis
930 3098 1053 3135 socius
1078 3099 1116 3135 in
1141 3098 1260 3135 officio
1287 3110 1397 3147 quam
1423 3098 1561 3136 amicus
1591 3109 1697 3135 meus
1723 3097 1760 3133 in
1780 3097 1971 3143 charitate,

189 3169 260 3206 que
285 3158 392 3195 nulla
412 3162 468 3195 est
496 3158 533 3194 in
557 3170 615 3195 eo.
644 3158 736 3194 Nam
769 3170 851 3194 cum
877 3170 935 3195 me
963 3158 1206 3195 intellexisset
1236 3159 1283 3195 ad
1310 3158 1469 3194 officium
1495 3157 1711 3206 inspirasse,
1732 3157 1829 3193 illico
1846 3168 1973 3194 omnes

189 3219 342 3253 conatus
358 3217 395 3253 in
414 3228 471 3254 me
484 3221 667 3266 quotquot
687 3218 805 3266 potuit
824 3221 863 3254 et
875 3221 964 3266 quot
986 3217 1106 3262 scivit,
1127 3229 1170 3254 ac
1189 3217 1383 3266 plusquam
1410 3216 1527 3265 potuit
1547 3221 1584 3254 et
1605 3216 1722 3262 scivit,
1744 3217 1973 3264 exasperavit

190 3279 232 3312 ut
249 3286 306 3311 me
326 3275 490 3324 ejiceret;
529 3277 607 3322 sed,
631 3277 688 3313 his
710 3276 871 3322 omissis,
894 3277 958 3314 Dei
979 3277 1097 3325 gratia
1128 3289 1209 3313 sum
1231 3277 1269 3313 id
1295 3277 1394 3325 quod
1421 3289 1516 3322 sum,
1544 3276 1606 3324 qui
1626 3279 1683 3312 est
1700 3275 1915 3312 benedictus
1935 3276 1972 3312 in

191 3333 363 3370 secula.»
383 3333 423 3370 F.
443 3335 501 3374 12.
522 3335 621 3372 Telle
641 3335 878 3384 estl'origine
908 3337 952 3373 de
980 3336 1016 3372 la
1043 3336 1150 3373 haine
1172 3336 1218 3373 de
1246 3338 1288 3374 P.
1319 3337 1364 3374 de
1390 3336 1537 3373 Grassis
1566 3340 1690 3372 contre
1717 3336 1916 3381 Burchard,
1936 3340 1972 3373 et

190 3391 518 3441 l’explicationqdes
532 3394 671 3442 injures
692 3395 779 3443 qu'il
799 3396 848 3431 lui
868 3395 1048 3443 prodigue
1069 3398 1091 3432 a
1111 3396 1252 3444 chaque
1273 3408 1366 3444 page
1383 3396 1427 3431 de
1448 3407 1514 3431 son
1530 3395 1689 3443 journal.

237 3453 272 3488 1.
299 3451 396 3500 Voy.
431 3451 668 3499 Giustiniani,
701 3466 744 3502 p.
776 3455 897 3499 1256,
937 3458 973 3491 et
997 3454 1046 3491 R.
1083 3455 1187 3500 Jove,
1213 3456 1329 3492 Illust.
1352 3457 1515 3491 virorum
1541 3455 1624 3491 vitae
1648 3453 1750 3501 (edit.
1775 3454 1821 3492 de
1848 3455 1970 3502 1549),

190 3522 233 3559 p.
253 3511 336 3548 254.
