2228 3938
307 415 378 452 234
921 414 1154 453 1ΙΟΗΑΝΝΙΞ
1187 414 1481 462 BURCHARDI,
1813 419 1970 459 [Janvier
1987 422 2082 463 1503]

309 518 508 582 Populo,
538 518 898 566 carmelitarum
924 522 971 567 et
995 535 1033 567 s.
1058 520 1294 568 Marcelli:
1325 520 1408 567 sed
1432 518 1789 568 carmelitarum
1817 524 1865 570 et
1891 538 1928 569 s.
1955 525 2083 571 Mar-

308 601 416 650 celli
439 617 537 649 non
561 605 810 650 venerunt.
841 603 1153 666 Congregatis
1180 604 1376 667 prelatis
1402 606 1449 651 et
1481 602 1880 652 confraternitate
1915 621 1954 655 s,
1979 606 2083 670 Spi-

306 685 425 732 ritus
447 685 572 733 circa
596 685 769 734 horam
796 689 983 734 sextam
1018 686 1260 762 dominice
1293 687 1526 751 predicte,
1567 686 1823 736 defunctus
1858 688 1947 737 fuit
1971 705 2084 754 por-

305 773 431 817 tatus
454 770 514 817 ad
544 769 799 817 ecclesiam
835 770 977 818 beate
1012 760 1161 819 Marie
1199 771 1256 818 de
1294 771 1496 835 Populo,
1534 771 1908 834 precedentibus
1939 773 2082 837 quin-

303 853 532 917 quaginta
568 853 840 912 intorticiis,
882 853 1050 916 viginti
1082 853 1232 902 tribus
1265 854 1471 903 funestis
1504 855 1836 917 sequentibus,
1871 872 2080 920 quorum

303 937 389 986 fuit
407 940 464 986 D.
493 937 787 998 BonifaciuS,
811 937 1136 986 subdiaconus
1154 939 1467 1003 apostolicus,
1499 955 1649 1003 nepos
1675 940 1907 999 defuncti,
1935 957 2079 1005 quem

304 1022 598 1085 sequebatur
625 1021 818 1084 quidam
850 1037 972 1085 puer
1005 1022 1392 1086 consanguineus
1423 1022 1665 1086 ejusdem3
1706 1023 1787 1087 qui
1813 1024 1956 1072 ambo
1979 1025 2079 1074 fue-

303 1109 416 1153 runt
442 1121 470 1153 a
493 1106 691 1169 prelatis
716 1105 960 1154 associati.
995 1108 1050 1154 D.
1081 1105 1353 1154 Bonifacius
1381 1106 1579 1154 incessit
1613 1106 1739 1155 inter
1778 1108 2078 1157 Suanensem

301 1205 328 1237 a
367 1189 547 1238 dextris
586 1193 635 1238 et
670 1190 989 1255 Adjacensem
1025 1205 1053 1237 a
1086 1189 1308 1248 sinistris,
1339 1189 1590 1254 pedestres
1623 1191 1812 1238 :secuti
1847 1197 1958 1239 sunt
1995 1207 2080 1241 eos

304 1274 602 1337 gubernator
634 1274 777 1322 Urbis
811 1277 858 1322 et
891 1274 969 1322 alii
1006 1273 1196 1336 prelati,
1235 1289 1403 1321 omnes
1444 1276 1711 1337 equestres,
1753 1274 1865 1323 dato
1907 1275 2078 1324 ordine

302 1357 541 1420 predicto.
569 1359 669 1421 Ego
697 1373 795 1406 non
819 1357 885 1405 fui
912 1361 1104 1405 secutus
1135 1356 1294 1416 funus,
1338 1357 1423 1405 sed
1455 1357 1515 1405 ivi
1548 1356 1609 1404 ad
1633 1357 1832 1405 domum
1864 1358 1987 1406 Rmi.
2018 1361 2076 1407 D.

300 1439 558 1488 cardinalis
603 1441 834 1499 Grimani,
877 1456 964 1503 pro
993 1440 1240 1489 creatione
1282 1440 1445 1488 militis
1477 1443 1691 1489 vocatuS.
1730 1440 1954 1489 Relatum
1989 1441 2079 1490 fuit

299 1523 475 1571 deinde
498 1523 617 1570 mihi
645 1524 773 1586 quod
807 1523 873 1570 illi
902 1527 1109 1586 quatuor
1145 1527 1255 1587 post
1284 1523 1428 1571 funus
1457 1540 1609 1586 usque
1641 1525 1701 1572 ad
1737 1525 1996 1588 Populum,
2027 1529 2080 1574 ut

300 1605 556 1670 prefertur,
590 1607 738 1654 etiam
767 1606 1069 1654 associarunt
1101 1607 1299 1654 eosdem
1331 1622 1359 1653 a
1393 1606 1574 1669 Populo
1611 1622 1762 1670 usque
1797 1607 1858 1654 ad
1881 1607 2082 1657 domum

299 1689 528 1749 defuncti,
551 1689 679 1754 quod
703 1689 794 1738 fuit
819 1689 943 1738 male
969 1693 1016 1737 et
1041 1694 1206 1754 preter
1225 1689 1407 1755 bonam
1435 1689 1857 1738 consuetudinem.

364 1773 502 1822 Feria
521 1778 709 1837 quarta,
730 1777 785 1822 18
803 1774 1025 1838 ejusdem
1041 1773 1222 1821 mensis
1234 1773 1464 1837 januarii,
1480 1773 1639 1821 necati
1655 1773 1847 1821 fuerunt
1863 1776 1912 1822 et
1927 1777 2080 1823 stran-

300 1858 447 1922 gulati
465 1858 514 1905 in
530 1859 696 1906 Castro
715 1857 876 1906 Plebis
894 1857 1094 1905 dominii
1112 1858 1419 1916 Senensium,
1433 1856 1491 1905 de
1508 1856 1735 1906 mandato
1751 1856 1887 1906 ducis
1904 1857 2079 1908 Valen-

299 1941 516 2000 tinensiS,
537 1956 625 2004 per
647 1940 983 1989 Michelettum
1004 1945 1051 1989 et
1071 1943 1287 1988 Marcum
1308 1943 1580 1989 Romanum
1599 1941 1694 1990 dux
1713 1941 1937 2002 Gravine,
1956 1944 2079 1990 Pau-

296 2024 372 2073 lus
395 2023 612 2083 UrsinuS,
635 2027 682 2072 et
697 2024 837 2071 miles
855 2024 1057 2072 Ursinus
1078 2024 1158 2087 qui
1175 2024 1447 2087 Senogallie
1465 2040 1620 2088 nuper
1635 2025 1762 2088 capti
1782 2024 1975 2074 fuerunt
1993 2024 2072 2091 (1).

364 2107 503 2156 Feria
541 2109 770 2167 secunda,
814 2111 872 2156 23
911 2108 1091 2156 mensis
1122 2108 1333 2172 januarii
1374 2108 1599 2172 predicti,
1637 2108 1820 2156 dictum
1858 2108 1946 2157 fuit
1987 2124 2077 2172 per

297 2192 478 2240 Urbem
501 2192 676 2240 ducem
711 2192 1127 2250 Valentinensem,
1164 2191 1333 2240 diebus
1372 2192 1636 2256 preteritis,
1665 2192 1753 2239 sibi
1788 2193 2071 2257 subjugasse

299 2275 518 2324 civitates
542 2276 785 2323 Clusinam
821 2281 868 2323 et
893 2275 1183 2335 Pientinam,
1217 2291 1273 2325 ac
1298 2275 1477 2339 oppida
1511 2276 1820 2337 Sarteanum,
1851 2279 2072 2325 Castrum

299 2359 474 2418 Plebis,
521 2360 750 2431 Sanctum
787 2359 1035 2416 Quiricum
1075 2359 1124 2407 in
1161 2375 1256 2422 quo
1284 2362 1470 2407 tantum
1502 2358 1597 2407 duo
1642 2374 1783 2408 senes
1813 2362 1861 2408 et
1899 2375 2072 2409 novem

299 2444 519 2506 antiquas
558 2443 788 2491 mulieres
831 2443 1133 2503 invenerunt,
1180 2459 1298 2506 quas
1340 2458 1427 2506 per
1465 2443 1670 2490 brachia
1718 2444 2073 2507 suspenderunt

298 2530 467 2590 gentes
489 2526 624 2574 ducis
651 2526 873 2589 predicti,
898 2527 1008 2591 igne
1044 2527 1133 2574 sub
1169 2542 1338 2574 earum
1370 2526 1575 2590 pedibus
1608 2526 1781 2590 posito,
1810 2530 1860 2574 ut
1884 2531 2074 2577 tortura

298 2610 575 2674 hujusmodi
601 2610 874 2659 faterentur
901 2611 982 2659 ubi
1008 2613 1171 2659 essent
1201 2611 1438 2658 absconsa
1461 2611 1591 2658 bona
1614 2626 1623 2657 :
1649 2609 1729 2658 ille
1764 2614 1927 2659 autem
1946 2610 2075 2660 bona

296 2694 577 2758 hujusmodi
610 2695 822 2743 revelare
861 2696 1134 2744 nescientes
1163 2695 1237 2742 vel
1273 2694 1515 2753 nolentes,
1549 2694 1598 2741 in
1638 2697 1827 2743 tortura
1856 2695 2072 2759 predicta

299 2777 536 2825 obierunt.
560 2778 738 2826 Eedem
759 2779 1102 2827 nefandissime
1125 2781 1312 2842 gentes,
1340 2777 1567 2826 extractis
1590 2793 1647 2824 ex
1665 2777 1888 2825 domibus
1909 2779 2068 2838 tectis,

295 2862 535 2922 trabibus,
568 2863 813 2923 fenestris,
848 2863 1017 2927 portis,
1054 2862 1230 2926 capsiS,
1264 2861 1430 2918 buttis,
1464 2860 1574 2908 vino
1606 2860 1740 2923 prius
1772 2876 1860 2923 per
1890 2863 2070 2908 terram

295 2945 490 3005 emisso,
520 2946 684 2994 omnia
715 2946 1119 3004 combusserunt;
1155 2948 1202 2992 et
1231 2943 1459 3007 quicquid
1484 2943 1533 2990 in
1559 2942 1680 2990 locis
1710 2958 1798 3006 per
1820 2958 1913 3005 que
1938 2947 2073 2992 tran-

296 3029 500 3088 sierunt,
528 3035 816 3093 rapuerunt,
849 3030 1166 3088 abstulerunt,
1195 3027 1343 3075 etiam
1376 3027 1424 3074 in
1454 3024 1853 3090 Aquapendente,
1887 3029 2073 3076 Monte-

295 3113 525 3171 tlascone,
550 3114 772 3163 Viterbio
795 3118 841 3163 et
866 3114 979 3162 alibi
1005 3113 1200 3177 ubique.

340 3251 375 3285 1.
404 3248 504 3296 Voy.
541 3247 575 3284 la
592 3248 752 3296 depeche
780 3249 828 3285 du
850 3250 896 3285 30
910 3250 1051 3298 janvier
1083 3251 1126 3287 de
1155 3251 1388 3295 Giustiniani,
1410 3254 1437 3288 t.
1462 3251 1490 3295 Ι,
1512 3263 1548 3299 p.
1571 3251 1653 3292 355,
1679 3254 1716 3288 et
1735 3250 1770 3288 la
1799 3255 1882 3289 note
1900 3250 2071 3299 copieuse

293 3308 337 3344 de
369 3307 494 3344 Villari
516 3307 662 3345 relative
687 3310 708 3344 a
736 3312 793 3346 cet
822 3311 1049 3346 evenement.
1074 3310 1261 3346 Burchard
1289 3310 1354 3347 fait
1377 3322 1498 3347 erreur
1518 3321 1562 3346 en
1590 3309 1712 3347 disant
1736 3323 1806 3359 que
1838 3311 1870 3348 le
1890 3310 2072 3348 chevalier

293 3366 413 3403 Orsini
433 3367 488 3405 sut
516 3367 678 3416 etrangle
711 3379 799 3405 avec
819 3368 908 3405 Paul
938 3368 1059 3406 Orsini
1092 3374 1128 3406 et
1162 3369 1193 3406 16
1215 3370 1284 3406 duc
1314 3371 1357 3406 de
1385 3369 1543 3407 Gravina
1564 3382 1573 3407 :
1595 3369 1618 3405 il
1638 3369 1691 3407 fut
1719 3372 1878 3419 epargne
1898 3374 1933 3407 et
1951 3369 2067 3418 ,pt-trit,

292 3427 433 3463 l'annee
451 3426 631 3473 suivante‚
666 3427 699 3465 16
724 3429 770 3465 28
802 3431 888 3466 aosst
916 3429 1019 3475 1504,
1055 3429 1243 3466 assassine
1270 3442 1335 3478 par
1354 3429 1482 3478 quinze
1511 3429 1660 3467 sieaires
1692 3433 1876 3478 masques.
1902 3429 1997 3478 Voy.
2033 3429 2068 3466 la

293 3487 452 3534 (lepeohe
472 3488 516 3524 de
539 3488 755 3526 Giustiniani
784 3489 832 3526 du
851 3489 898 3526 29
929 3492 1014 3527 aosst
1036 3490 1142 3533 1504,
1176 3494 1203 3527 t.
1227 3490 1291 3536 111,
1312 3501 1350 3538 p.
1375 3491 1496 3536 215-6,
1517 3495 1567 3535 et,
1597 3502 1642 3527 en
1662 3494 1761 3534 note,
1791 3489 1824 3526 la
1844 3489 2002 3538 depeche
2021 3488 2066 3525 de

293 3543 471 3581 Giovanni
491 3546 702 3593 Aceiaiuoli,
722 3550 866 3585 orateur
885 3548 1065 3594 florentin,
1087 3551 1109 3585 ὲ,
1129 3548 1163 3585 la
1183 3548 1409 3598 Seigneurie.
