2228 3938
182 390 291 432 [Mars
312 392 408 433 ¹5⁰2]
620 389 789 428 RERUM
821 387 1126 429 URBANARUM
1156 386 1508 429 COMMENTARII.
1892 390 1958 427 201

249 495 388 543 Feria
418 498 569 554 sexta,
596 492 785 542 veneris
819 494 1002 549 sancte,
1039 493 1099 540 25
1130 490 1312 539 mensis
1340 490 1502 539 martii
1529 491 1754 555 predicti,
1783 493 1867 541 SS.
1897 494 1956 540 D.

181 583 362 636 noster,
384 582 494 642 post
513 577 687 626 horam
701 574 1077 640 quindecimam,
1097 576 1298 638 paratus
1315 589 1469 637 cappa
1490 579 1537 622 et
1557 575 1700 623 mitra
1717 574 1955 639 simplice,

179 666 395 724 portatus
418 661 464 708 in
491 662 624 719 sede,
647 660 775 708 venit
796 659 856 707 ad
883 658 1124 722 capellam
1150 658 1198 705 in
1221 673 1314 721 qua
1338 657 1552 706 interfuit
1574 658 1738 707 officio
1762 659 1958 723 publico

180 744 308 807 quod
332 743 588 793 celebravit
613 746 778 792 Rmus.
810 745 867 791 D.
903 741 1162 790 cardinalis
1190 741 1498 789 Cusentinus
1530 742 1813 791 Passionem
1843 758 1960 791 can-

179 830 341 876 tarunt
362 829 419 875 D.
441 826 691 886 Martinus,
713 825 964 883 diaconuS,
986 828 1035 873 et
1055 824 1151 873 duo
1171 824 1250 872 alii
1273 829 1502 873 cantores
1522 825 1705 888 capelle
1727 829 1890 882 nostre
1912 825 1962 874 in

178 910 473 973 paramentis
501 909 666 973 nigris,
702 911 988 957 Sermonem
1015 908 1114 956 sive
1148 907 1421 956 orationem
1447 907 1563 956 fecit
1593 910 1649 956 D.
1684 910 1959 957 Bernardus

178 994 353 1053 Pauus,
382 992 774 1057 prothonotarius
806 991 1100 1056 apostolicus
1126 994 1359 1041 Venetus
1388 993 1442 1038 In
1469 990 1752 1040 adoratione
1781 993 1956 1050 cruciS,

178 1081 286 1140 post
304 1092 474 1126 omnes
494 1076 766 1141 episcopOS,
792 1076 1119 1124 adoraverunt
1140 1075 1288 1124 frater
1308 1075 1623 1139 Augustinus,
1655 1075 1856 1124 sacrista
1874 1091 1958 1124 ca-

177 1160 302 1223 pelle
324 1165 372 1210 et
391 1161 641 1210 confessor
669 1162 815 1224 Pape,
839 1176 868 1209 a
892 1159 1090 1219 dextris,
1116 1162 1165 1208 et
1187 1158 1605 1223 prothonotarius,
1632 1164 1795 1208 orator
1820 1159 1957 1208 ducis

175 1244 511 1302 FerrariensiS,
536 1260 564 1293 a
588 1244 819 1302 sinistris;
850 1242 992 1291 simul
1012 1248 1122 1307 post
1142 1258 1243 1302 θος,
1269 1245 1489 1291 oratores
1510 1241 1619 1291 laici
1639 1243 1958 1292 Venetiarum

174 1331 223 1375 et
249 1327 470 1391 ejusdem
501 1327 637 1376 ducis
657 1327 997 1377 FerrariensiS.
1027 1327 1316 1377 Cusentinus
1338 1326 1596 1376 celebrans
1619 1326 1745 1376 venit
1766 1327 1829 1375 ad
1850 1342 1958 1391 par-

172 1426 281 1459 vam
303 1412 539 1476 capellam
561 1427 651 1476 pro
677 1417 983 1462 sacramento
1005 1428 1117 1461 cum
1147 1414 1293 1476 Papa,
1319 1411 1396 1460 cui
1420 1413 1533 1459 ante
1559 1411 1709 1459 altare
1737 1411 1957 1474 ejusdem

174 1495 359 1559 capelle
380 1495 500 1544 illud
519 1496 764 1560 reaccepit
789 1497 849 1546 ab
873 1512 950 1546 eo,
982 1499 1158 1545 Parata
1184 1497 1380 1544 fuerunt
1405 1495 1638 1544 duntaxat
1661 1498 1773 1543 ante
1798 1510 1959 1543 sacra-

173 1583 392 1627 mentum
418 1579 589 1629 decem
613 1580 873 1639 intorticia‚
899 1597 997 1628 non
1018 1580 1301 1639 duodecim;
1338 1580 1433 1628 alia
1455 1594 1592 1628 more
1613 1577 1774 1626 solito.
1803 1579 1958 1627 Offer-

173 1662 350 1710 torium
370 1662 460 1711 fuit
486 1662 535 1710 in
555 1663 743 1712 ducatis
763 1663 813 1711 in
839 1679 960 1712 auro
988 1664 1238 1728 sexaginta
1261 1664 1431 1722 tribuS,
1458 1666 1508 1711 et
1528 1677 1624 1710 uno
1646 1660 1952 1725 alphonsinO,

174 1748 222 1794 et
241 1744 426 1793 ducatis
453 1745 725 1794 octodecim
749 1746 825 1794 vel
846 1746 977 1795 circa
997 1746 1056 1795 de
1079 1746 1284 1796 carlenis
1307 1763 1316 1794 :
1346 1746 1492 1795 habui
1518 1747 1568 1796 in
1584 1753 1772 1813 partem
1792 1763 1953 1798 meam

173 1825 374 1874 ducatos
391 1826 441 1874 in
465 1842 581 1875 auro
602 1826 858 1877 duodecim
879 1832 926 1877 et
950 1828 1172 1877 carlenos
1196 1832 1404 1893 quatuor
1426 1828 1503 1877 vel
1527 1843 1698 1878 eorum
1717 1829 1950 1879 valorem.

173 1913 226 1959 ln
255 1926 382 1971 sero,
416 1911 544 1959 inter
577 1912 858 1975 vigesimam
889 1929 1035 1962 unam
1070 1919 1117 1963 et
1147 1915 1431 1979 vigesimam
1462 1915 1728 1963 secundam
1759 1915 1951 1976 horam,

173 1997 318 2058 Papa,
349 1994 547 2044 indutus
580 2011 750 2060 cappa,
783 1997 916 2046 venit
946 1998 1007 2046 ad
1037 1998 1274 2061 capellam
1305 1999 1547 2064 majorem
1579 1983 1871 2065 predictam,
1905 2000 1955 2048 in

172 2077 287 2127 sede
307 2083 540 2142 portatuS,
564 2080 614 2128 in
635 2088 732 2144 qua
754 2081 973 2131 interfuit
997 2082 1263 2143 matutiuiS,
1290 2083 1341 2132 in
1363 2084 1538 2147 quibus
1562 2084 1815 2134 observata
1843 2090 1956 2134 sunt

173 2161 336 2211 omnia
357 2178 494 2211 more
516 2163 676 2213 solito.
1010 2228 1021 2238 ·

238 2246 450 2295 Sabbato
471 2252 659 2308 sancto,
685 2252 746 2296 26
774 2249 951 2309 martii,
981 2253 1146 2298 Rmus.
1180 2254 1237 2300 D.
1275 2252 1532 2301 cardinalis
1563 2270 1600 2302 S.
1635 2253 1798 2302 Crucis
1825 2253 1957 2302 cele-

170 2328 321 2377 bravit
349 2329 546 2378 missam
577 2331 821 2394 publicam
854 2332 904 2380 in
931 2333 1119 2397 capella
1147 2335 1441 2399 supradicta,
1474 2338 1606 2400 Papa
1632 2340 1878 2401 presente,
1908 2336 1957 2384 in

171 2427 268 2475 qua
287 2412 541 2462 observata
561 2418 674 2462 sunt
696 2415 861 2463 omnia
879 2422 1021 2480 prout
1045 2417 1095 2465 in
1116 2418 1379 2467 ordinario.
1409 2419 1567 2468 Finita
1591 2420 1759 2479 missa,
1784 2422 1868 2469 SS.
1894 2422 1952 2468 D.

171 2498 338 2544 noster
370 2496 555 2563 vocavit
587 2497 650 2545 ad
684 2514 736 2546 se
769 2502 964 2548 Rmum.
1003 2503 1061 2549 D.
1100 2502 1398 2552 cardinalem
1436 2520 1475 2551 s.
1513 2504 1759 2563 Praxedis,
1798 2507 1846 2552 et
1877 2519 1956 2553 me

171 2578 475 2642 interrogans
509 2595 571 2628 an
604 2580 744 2629 nobis
781 2581 1034 2643 videretur
1066 2585 1205 2633 nobis
1238 2586 1395 2634 omitti
1429 2587 1609 2636 debere
1638 2587 1748 2651 [die]
1785 2588 1956 2636 martis

171 2662 391 2726 proxima
409 2662 608 2712 missam
629 2664 922 2714 ordinariam
947 2666 996 2714 in
1018 2668 1204 2731 capella
1230 2669 1448 2732 predicta
1471 2674 1521 2719 et
1548 2671 1717 2734 peragi
1739 2670 1956 2719 officium

175 2746 564 2795 annunciationis
593 2748 734 2797 beate
769 2750 919 2798 Marie
954 2750 1147 2814 virginis
1183 2752 1230 2800 in
1262 2753 1478 2802 Minerva
1507 2760 1555 2802 et
1590 2753 1660 2801 illi
1693 2754 1953 2811 interesse;

178 2826 439 2878 cardinalis
474 2847 514 2879 S.
552 2832 779 2880 Praxedis
812 2833 999 2882 remisit
1033 2851 1084 2882 se
1122 2836 1359 2885 sententie
1403 2836 1677 2886 Sanctitatis
1711 2853 1813 2886 sue.
1854 2840 1956 2901 Ego

171 2913 402 2977 respondi
442 2914 590 2977 quod,
628 2918 887 2980 postquam
924 2917 1100 2966 festum
1139 2919 1411 2982 predictum
1448 2925 1553 2968 erat
1588 2921 1874 2984 preteritum
1908 2925 1956 2970 et

171 3001 430 3060 propterea
453 3001 589 3046 extra
620 2999 751 3047 diem
778 3016 918 3048 suum
947 3002 1277 3066 peragendum
1303 3003 1353 3051 in
1383 3003 1690 3052 hebdomade
1715 3004 1950 3068 paschali,

172 3080 259 3127 sed
277 3078 396 3128 feria
424 3081 642 3130 secunda
662 3086 772 3146 post
796 3083 1157 3134 hebdomadem
1177 3086 1463 3151 predictam,
1495 3088 1763 3136 seeundum
1785 3103 1955 3136 omnes

174 3161 389 3211 rubricas
411 3179 421 3223 ;
452 3179 619 3212 verum
646 3165 684 3213 si
706 3166 883 3214 festum
910 3168 1187 3231 predictum
1214 3174 1500 3219 occurreret
1525 3171 1654 3220 dicta
1682 3171 1758 3219 die
1786 3171 1953 3219 martis

173 3243 247 3291 vel
270 3243 393 3294 infra
412 3246 771 3298 hebdomadem
793 3250 1082 3314 predictam,
1106 3258 1270 3316 posset
1292 3253 1477 3302 facilius
1498 3254 1694 3303 tolerari
1718 3253 1848 3317 quod
1869 3268 1957 3300 sua

178 3324 255 3373 die
278 3334 616 3392 perageretur.
647 3334 768 3380 Tum
791 3333 905 3382 fecit
929 3334 1078 3383 etiam
1100 3336 1260 3384 vocari
1286 3337 1528 3385 Sanctitas
1550 3352 1635 3384 sua
1656 3335 1958 3384 cardinalem

174 3408 561 3471 Neapolitanum,
597 3414 646 3461 in
679 3416 817 3479 cujus
846 3418 1091 3480 presentia
1120 3418 1252 3467 nolui
1283 3419 1467 3467 dictum
1501 3434 1664 3467 meum
1695 3417 1952 3482 replicare,

174 3490 261 3547 sed
278 3490 447 3555 reliqui
467 3494 666 3544 arbitrio
688 3499 772 3546 SS.
802 3501 859 3546 D.
884 3500 1059 3559 nostri,
1083 3501 1162 3564 qui
1184 3501 1425 3550 ordinavit
1442 3501 1573 3565 quod
1593 3501 1689 3550 sive
1711 3501 1951 3551 Sanctitas
