2228 3938
333 336 395 370 Μ’,
936 333 1168 370 JOHANNJS
1198 335 1491 380 BURCHARDI,
1894 341 1986 382 [suin
2008 341 2102 383 150¹]

330 443 374 486 et
402 439 482 485 ivit
509 437 568 484 ad
593 437 841 484 dexteram
868 440 1122 501 Capuanus
1154 442 1199 486 et
1233 438 1409 501 Borgia
1442 439 1501 485 ad
1533 437 1794 496 sinistram,
1829 456 1939 493 non,
1959 442 2097 491 bene.

331 523 450 568 Cum
478 524 639 568 essent
663 523 774 567 ante
797 520 948 568 scalas
974 521 1176 569 ecclesie
1202 522 1260 569 de
1285 521 1484 584 Populo,
1511 523 1764 584 Capuanus
1785 537 1891 573 non,
1908 523 2104 578 descen-

329 603 395 651 dit
429 620 484 650 ex
524 602 672 662 mula,
712 602 797 650 sed
827 618 855 650 a
884 603 1058 666 Borgia
1091 607 1288 667 recepta
1315 604 1471 661 venia,
1508 603 1649 652 rediit
1683 604 1743 652 ad
1775 604 2022 668 palatium,
2057 611 2106 657 et

330 686 503 750 Borgia
533 684 727 734 intravit
757 685 1030 745 ecclesiam,
1058 685 1168 733 inde
1202 702 1421 734 cameras
1446 685 1536 733 sibi
1559 691 1857 750 preparataS,
1887 670 1966 735 ubi
1993 704 2104 742 cum

329 784 562 827 essemus,
598 769 722 817 volui
766 769 895 831 quod
932 768 1240 817 barbitonsor
1277 768 1579 817 abbreviaret
1610 769 1653 818 ei
1694 769 1892 834 capillos
1928 770 2008 834 qui
2041 772 2102 819 ad

325 852 445 900 duos
472 852 647 915 digitos
667 851 905 899 auriculas
931 851 1247 910 excedebant,
1277 852 1534 915 ampliaret
1558 852 1599 900 ei
1627 868 1857 901 coronam
1883 869 1976 916 que
1999 857 2104 902 erat

325 952 469 999 parva
507 939 555 983 et
588 935 714 983 male
752 935 911 991 fac-ta,
950 934 1205 982 cardinalis
1246 934 1361 982 dixit
1397 934 1592 998 capillos
1626 939 1673 983 et
1709 950 1942 984 coronam
1978 935 2100 989 bene

325 1035 448 1066 esse.
485 1018 624 1066 Nolui
655 1017 918 1081 replicare;
955 1033 1061 1064 cum
1095 1017 1309 1065 viderem
1341 1017 1722 1081 indignationem
1750 1034 1905 1078 suam,
1937 1018 2098 1067 dimisi

324 1118 434 1148 eum
473 1101 595 1149 sicut
634 1104 739 1148 erat
777 1103 824 1148 et
862 1101 1036 1147 recessi
1075 1104 1335 1163 antequam
1372 1101 1432 1147 ad
1474 1116 1583 1147 eum
1618 1100 1802 1149 veniret
1844 1100 2100 1154 cardinalis

323 1187 593 1247 Capuanus.
637 1186 688 1231 ln
725 1182 874 1246 pratis
909 1181 1128 1230 exuimus
1165 1182 1460 1230 cardinalem
1492 1182 1718 1247 Borgiam
1751 1183 2015 1247 capuccino
2052 1188 2099 1231 et

322 1266 549 1314 mantello
583 1266 796 1314 violaceo
829 1265 886 1313 de
918 1279 1077 1328 panno
1116 1265 1228 1312 satis
1262 1281 1447 1329 grosso,
1483 1281 1575 1328 que
1607 1266 1746 1313 nobis
1779 1265 2098 1329 applicuimus

318 1366 452 1397 more
478 1350 636 1398 solito.
1574 1362 1577 1364 ’

386 1433 567 1480 Eodem
587 1448 713 1492 sero,
737 1433 866 1480 circa
884 1433 1075 1480 tertiam
1094 1432 1264 1480 horam
1286 1433 1461 1491 noctis,
1483 1433 1610 1480 venit
1631 1436 1819 1480 secrete
1835 1432 1896 1480 ad
1920 1432 2094 1480 Urbem

317 1502 411 1562 dux
430 1516 734 1574 Valentinus,
760 1516 838 1578 qui
860 1515 1034 1563 mansit
1052 1516 1100 1562 in
1122 1515 1297 1578 palatio
1321 1522 1538 1579 secrete..
1687 1574 1689 1577 v

380 1598 583 1646 vVeneris
607 1598 870 1660 sequentis,
895 1597 942 1644 in
966 1613 1128 1655 mane,
1157 1602 1212 1645 18
1238 1598 1376 1661 junii,
1406 1598 1533 1645 bono
1556 1613 1698 1645 mane
1723 1598 1829 1645 veni
1850 1598 1910 1654 ad
1934 1600 2092 1661 Popu-

315 1682 433 1740 lum,
471 1687 518 1729 et
548 1681 658 1744 quia
685 1681 871 1745 capella
895 1681 944 1727 in
978 1681 1187 1728 claustro
1217 1684 1320 1728 erat
1342 1681 1485 1728 nimis
1511 1680 1709 1728 humida
1733 1685 1780 1729 et
1811 1680 2090 1738 aromatica,

315 1764 476 1813 ornavi
513 1764 774 1827 capitulum
806 1768 916 1812 ante
947 1763 1124 1811 dictam
1158 1763 1393 1826 capellam
1430 1763 1671 1826 aliquibus
1698 1763 1846 1821 ratiis,
1879 1767 1931 1810 ut
1958 1763 2092 1827 potui

317 1847 507 1906 melius,
533 1847 646 1910 quia
666 1846 829 1895 forerii
851 1846 970 1893 nihil
991 1846 1102 1893 illuc
1124 1847 1372 1904 miserant,
1394 1846 1507 1894 licet
1526 1852 1689 1894 essent
1708 1846 1768 1894 ad
1787 1847 1881 1894 hoc
1902 1845 2088 1894 moniti.

315 1933 562 1978 Venerunt
587 1930 728 1993 primi
759 1929 1027 1977 cardinales
1055 1929 1270 1992 palatini,
1297 1929 1518 1977 videlicet
1545 1946 1582 1977 s,
1619 1929 1865 1988 PraxediS,
1893 1929 2094 1977 Alexan-
2159 1960 2171 1965 -

317 2013 501 2071 ‹lrinus,
538 2015 808 2076 Capuanus,
843 2012 1146 2070 Arborensis,
1182 2013 1469 2060 Cusentinus
1501 2017 1548 2060 et
1584 2012 1885 2069 Mutinensis,
1919 2008 2092 2060 deinde

314 2097 596 2154 Cesariuus,
619 2096 736 2144 item
756 2096 1134 2159 Caputaquensis
1156 2100 1203 2143 et
1221 2098 1255 2143 F
1259 2095 1493 2155 arnesius,
1518 2095 1712 2144 tandem
1733 2094 2088 2158 Neapolitanus,

318 2183 697 2238 Beneventanus,
733 2196 771 2227 s.
807 2179 976 2227 Crucis
1011 2183 1059 2227 et
1090 2179 1336 2236 Senensis,
1378 2179 1550 2242 quibus
1581 2178 1724 2226 simul
1755 2177 2086 2235 existentibus,

314 2263 460 2311 voluit
485 2266 541 2310 D.
570 2262 910 2326 Neapolitanus
937 2262 1065 2325 quod
1087 2262 1309 2309 adstatim
1334 2261 1676 2324 equitaremus,
1702 2264 1842 2324 prout
1865 2259 2086 2318 fecimus,

316 2361 425 2393 cum
456 2345 831 2393 ascenderemus
867 2361 1035 2407 equos.
1071 2348 1320 2395 Venerunt
1360 2344 1627 2392 cardinales
1666 2342 1867 2391 Ursinus
1905 2346 1952 2390 et
1987 2344 2089 2391 Me-

316 2428 445 2476 dices
468 2446 477 2485 3
506 2432 569 2486 et,
599 2443 709 2476 cum
735 2443 950 2476 essemus
975 2432 1085 2475 ante
1111 2427 1348 2490 hospitale
1368 2427 1666 2485 Sclavorum,
1684 2425 1814 2473 venit
1836 2424 2090 2482 cardinalis

318 2527 356 2558 s.
388 2511 620 2570 Severini,
651 2495 831 2559 etcum
858 2514 986 2574 Papa
1008 2511 1057 2558 in
1086 2511 1263 2574 palatio
1295 2515 1397 2558 erat
1428 2509 1684 2557 cardinalis
1716 2507 2086 2573 Agrigentinus;

318 2609 466 2641 novus
492 2593 746 2641 cardinalis
772 2594 899 2640 solus
924 2593 972 2640 in
995 2609 1147 2656 cappa
1174 2594 1233 2640 de
1259 2592 1569 2641 ciambelotto
1594 2591 1863 2640 cremesino
1884 2609 1894 2648 3
1922 2605 2090 2638 omnes

315 2676 412 2736 alii,
452 2676 500 2723 in
535 2676 790 2733 violaceis,
829 2681 876 2723 et
911 2676 1137 2738 equitavit
1173 2676 1222 2722 in
1259 2676 1428 2724 ultimo
1462 2675 1571 2723 loco
1607 2674 1733 2722 inter
1770 2676 2035 2722 Senensem
2064 2688 2091 2720 a

314 2760 494 2806 dextris
536 2764 584 2807 et
624 2759 836 2807 Medices
882 2775 909 2807 a
950 2758 1185 2818 sinistris3
1226 2775 1323 2806 non
1358 2757 1555 2822 premisi
1595 2758 1717 2805 duos
1764 2756 1994 2804 diaconos
2029 2754 2088 2802 ad

318 2844 511 2913 Papam,
550 2845 601 2889 ut
635 2842 791 2905 ipsum
839 2841 1111 2900 induerent,
1152 2841 1263 2903 quia
1305 2839 1512 2888 dubitavi
1550 2839 1683 2886 illum
1725 2837 1939 2886 nondum
1982 2852 2089 2884 sur-

316 2925 512 2972 rexisse.
554 2928 710 2973 Novus
754 2924 1026 2972 cardinalis.
1053 2915 1230 2972 mansit
1272 2939 1382 2972 cum
1421 2924 1635 2971 Senense
1681 2924 1727 2968 et
1767 2919 1995 2968 Farnesio
2039 2918 2088 2966 in

313 3022 456 3068 parva
495 3007 680 3071 capella
712 3007 792 3070 qui
828 3011 929 3055 erat
964 3006 1198 3070 spalleriis
1235 3010 1420 3064 ornata,
1455 3006 1539 3053 sed
1570 3020 1667 3052 non
1702 3002 1869 3051 habuit
1906 3003 2087 3064 tapetes

315 3105 458 3152 super
487 3094 665 3137 terram
705 3093 897 3137 stratos.
935 3092 1080 3152 Papa,
1117 3105 1224 3137 cum
1257 3089 1409 3137 exiret
1438 3088 1496 3136 de
1529 3102 1726 3135 camera
1755 3086 1814 3132 ad
1845 3097 2086 3143 cameram

316 3172 559 3234 Papagalli
581 3173 638 3219 ad
660 3171 941 3234 accipienda
963 3177 1262 3234 paramenta,
1288 3169 1596 3234 reprehendit
1620 3185 1697 3216 me
1721 3168 1848 3230 quod
1867 3167 1932 3214 ita
1952 3181 2088 3232 acce-

311 3254 651 3303 leravissemus
677 3254 933 3302 adventum
959 3260 1177 3302 nostrum
1196 3255 1253 3301 de
1282 3254 1483 3316 Populo.
1511 3250 1750 3314 Respondi
1775 3250 1947 3297 horam
1972 3247 2088 3296 duo-

315 3338 554 3386 decimam
581 3352 686 3385 esse
712 3336 966 3401 pulsatam,
997 3342 1139 3399 prout
1164 3341 1282 3384 erat.
1321 3339 1448 3398 Papa
1473 3339 1664 3398 paratus
1689 3333 1813 3380 venit
1838 3332 1897 3380 ad
1930 3330 2085 3394 publi-

314 3437 423 3467 eum
453 3420 806 3480 consistorium,
831 3418 960 3482 quod
978 3418 1198 3466 habitum
1221 3423 1291 3467 est
1311 3418 1359 3465 in
1383 3417 1520 3465 tertia
1541 3416 1674 3464 aula:
1708 3414 1952 3479 preposite
1977 3417 2085 3460 sunt
