2228 3938
312 382 360 418 76
914 383 1149 421 JOHANNIS
1182 381 1480 428 BURCHARDI,
1744 383 1967 426 [Septembre
1989 387 2083 428 1500]

378 485 519 533 Feria
551 490 701 547 sexta,
747 490 803 535 18
835 488 1064 552 ejusdem
1087 487 1268 536 mensis
1300 486 1603 551 septembriS‚
1638 487 1722 535 SS.
1760 488 1816 534 D.
1839 491 2003 535 noster
2034 489 2083 536 in

316 574 506 617 secreto
545 570 837 619 consistorio
863 571 1116 636 proposuit
1149 571 1442 620 creationem
1476 586 1709 619 novorum
1742 570 2078 633 cardinalium,

320 657 366 701 et
400 652 684 702 conclusum
721 659 794 702 est
828 656 958 719 quod
989 658 1276 704 vocarentur
1317 657 1377 703 ad
1408 656 1503 703 hoc
1534 654 1803 702 cardinales
1837 635 2078 715 absentes,

315 738 449 800 quod
476 737 655 786 factum
686 743 774 786 est.
806 740 1059 788 Cesarinus
1086 739 1276 800 absens,
1312 738 1655 788 Ulixbonensis
1684 737 1903 786 infirmus
1932 738 2083 803 scrip-

315 825 482 868 serunt
524 823 650 886 Pape
687 827 799 871 vota
846 839 933 871 sua
973 825 1112 888 cujus
1154 823 1385 872 voluntati
1420 821 1814 880 consentiebant;
1855 823 2082 870 Senensis

315 904 556 953 excusavit
596 921 645 952 se
686 909 885 970 propter
922 907 1193 971 chiragram
1233 921 1331 954 non
1371 921 1513 970 posse
1553 905 1715 954 venire
1754 906 1802 953 et
1835 905 2084 968 generalia

313 986 457 1036 solita
480 988 672 1051 scripsit
695 989 929 1053 pontifici.

377 1070 517 1118 Feria
538 1074 689 1131 sexta,
713 1076 772 1121 25
795 1073 911 1121 dicti
937 1074 1136 1133 mensiS,
1162 1074 1340 1122 iterum
1362 1073 1546 1121 dictum
1574 1076 1647 1121 est
1681 1072 1731 1119 in
1755 1076 1941 1121 secreto
1962 1086 2080 1120 con-

316 1152 509 1202 sistorio
541 1155 601 1202 de
641 1155 923 1219 hujusmodi
964 1157 1212 1205 creatione
1251 1158 1300 1205 et
1339 1155 1463 1203 nihil
1502 1155 1824 1213 conclusum3
1865 1155 2079 1215 tandem,

313 1300 331 1319 «
356 1315 364 1323 .
377 1315 386 1324 .
399 1315 407 1323 .
436 1286 521 1322 Hier
539 1286 690 1323 mattina
711 1298 825 1324 venne
845 1287 879 1324 13
900 1287 1068 1324 dolorosa
1090 1299 1210 1325 nuova
1230 1286 1323 1324 della
1342 1286 1484 1336 perdita
1506 1285 1540 1322 di
1562 1285 1717 1322 Modone
1738 1283 1893 1331 (benche
1916 1284 2031 1332 prima
2047 1285 2084 1323 in

311 1345 484 1381 mercanti
510 1357 550 1382 00
577 1357 622 1382 110
645 1346 739 1382 fussi
758 1346 874 1394 Ι1110110
905 1346 1047 1393 1011010)
1076 1347 1157 1384 nell’
1185 1346 1464 1384 Ambasciadore
1488 1344 1699 1382 Venitiano.
1732 1344 1777 1380 Et
1802 1343 1922 1395 subito
1947 1343 1974 1380 il
1998 1357 2084 1382 vec-

311 1404 393 1441 chio
425 1405 598 1453 (Capello)
630 1410 667 1442 et
698 1405 722 1441 il
752 1418 873 1443 nuovo
904 1405 1184 1443 Ambasciadore
1207 1407 1337 1454 (Zorzi)
1371 1406 1438 1442 che
1464 1417 1525 1442 era
1545 1408 1682 1441 entrato
1715 1407 1777 1453 qui
1802 1405 1838 1441 in
1864 1406 1981 1442 Roma
1999 1405 2025 1441 il
2047 1405 2084 1442 di

309 1463 428 1500 inauzi
449 1475 515 1500 con
535 1463 570 1501 13
591 1463 699 1501 solita
716 1477 860 1514 pompa,
883 1469 919 1502 et
937 1477 1071 1502 ancora
1089 1477 1162 1502 non
1182 1466 1320 1502 haveva
1339 1465 1450 1502 hauto
1469 1464 1639 1502 audentia
1656 1463 1716 1500 dal
1736 1464 1849 1512 Papa,
1873 1476 1982 1501 sanza
2005 1476 2081 1501 ser-

311 1534 394 1559 vare
413 1523 564 1559 l'ordine
584 1523 669 1560 dato
689 1524 874 1561 andorono
894 1525 939 1561 ad
965 1523 1128 1570 Palazzo,
1152 1529 1187 1561 et
1207 1524 1322 1573 prima
1342 1524 1375 1561 al
1403 1526 1514 1572 Papa,
1536 1528 1571 1560 et
1591 1523 1688 1572 dipoi
1705 1523 1741 1559 in
1766 1523 1990 1570 Consistoro,
2011 1523 2085 1561 les-

312 1593 392 1618 sero
414 1581 448 1618 le
477 1582 604 1619 lettere
629 1587 846 1620 contenente
870 1583 921 1620 tal
946 1584 1099 1631 perdita,
1125 1583 1214 1620 tucti
1239 1583 1455 1632 speventati,
1485 1583 1628 1620 attoniti
1657 1587 1692 1619 et
1721 1582 1920 1629 sbalorditi‚
1944 1583 2084 1620 usando

310 1641 431 1689 parole
450 1641 561 1678 molto
579 1645 696 1679 meste
717 1646 753 1679 et
771 1642 1003 1688 submissive,
1020 1647 1104 1680 etc..
1128 1642 1195 1679 Dal
1209 1643 1310 1690 Papa
1329 1647 1365 1680 et
1383 1642 1443 1679 dai
1462 1641 1645 1679 Cardinali
1657 1642 1695 1678 fu
1711 1642 1806 1678 facto
1822 1641 1911 1690 ogni
1924 1641 2085 1678 dimons-

311 1700 467 1738 tratione
494 1700 531 1737 di
557 1700 847 1748 displicentiaet
873 1701 909 1737 di
931 1702 1026 1738 mala
1050 1706 1295 1748 contentezza,
1322 1705 1357 1739 et
1381 1702 1418 1738 in
1445 1701 1576 1738 effectu
1606 1701 1765 1749 risposto
1794 1701 1860 1737 che
1886 1700 2033 1737 omnino
2052 1700 2082 1737 si

311 1760 400 1797 faria
419 1761 543 1797 buona
560 1760 765 1809 provisione
785 1762 817 1797 a’
838 1761 914 1797 casi
933 1761 1022 1807 loro,
1044 1765 1146 1798 etc...
1169 1762 1196 1798 E
1216 1762 1292 1798 cosi
1318 1761 1431 1810 hoggi
1452 1761 1503 1797 s’e
1522 1759 1616 1797 facto
1636 1760 1683 1796 ad
1704 1764 1832 1808 questo
1853 1761 1980 1798 effecto
2001 1772 2085 1798 con-

312 1819 523 1867 gregatione
546 1819 581 1855 di
607 1820 802 1866 Cardinali‚
831 1825 867 1857 et
891 1820 1080 1869 ragionato
1107 1821 1199 1858 delle
1225 1821 1431 1870 provisione
1457 1820 1504 1856 da
1527 1819 1616 1857 farsi
1647 1824 1771 1856 contro
1791 1819 1825 1856 al
1853 1820 1994 1858 Turcho
2016 1832 2025 1858 ε
2044 1824 2084 1857 et

311 1879 450 1915 henche
477 1879 655 1916 s'intende
682 1891 754 1916 non
779 1880 900 1916 hanno
927 1880 1098 1918 concluso
1121 1893 1210 1918 cosa
1235 1881 1376 1927 alcuna,
1402 1884 1523 1917 tamen
1548 1879 1673 1915 hanno
1700 1879 1784 1916 dato
1819 1879 1941 1916 buona
1966 1879 2082 1915 inten-

311 1937 409 1974 tione
436 1938 502 1974 che
530 1950 603 1975 non
633 1950 672 1975 se
704 1940 898 1976 manchera
926 1939 962 1976 di
988 1935 1185 1987 provedere
1217 1940 1250 1977 al
1276 1940 1368 1976 bene
1402 1950 1555 1975 comune
1578 1938 1614 1974 di
1646 1942 1746 1975 tucta
1778 1937 2013 1975 Christianita
2047 1941 2083 1974 et

311 1997 348 2032 di
386 1997 507 2045 quella
536 1997 718 2046 Signoria.
742 1999 802 2035 Ma
833 1998 923 2035 hieri
955 1999 1064 2047 dipoi‚
1093 2000 1187 2048 dopo
1219 1998 1444 2043 Consistoro,
1467 1997 1490 2033 li
1510 1998 1580 2034 due
1600 1997 1873 2034 Ambasciadori
1892 1997 2081 2034 vVenitiani

312 2059 506 2094 tornorono
533 2058 579 2093 ad
611 2058 774 2107 Palazzo,
802 2065 837 2097 et
874 2061 908 2098 al
947 2070 1067 2097 nuovo
1107 2059 1146 2095 fu
1184 2059 1267 2095 dato
1297 2057 1332 2094 13
1363 2069 1430 2094 sua
1465 2056 1587 2093 debita
1615 2055 1803 2093 audientia
1836 2067 1937 2092 come
1963 2056 2080 2104 prima

312 2114 337 2151 li
368 2127 428 2152 era
455 2120 551 2153 stata
582 2118 760 2165 ordinata,
794 2125 830 2157 et
861 2133 996 2170 expose
1028 2120 1063 2157 la
1096 2131 1162 2155 sua
1188 2117 1424 2155 amhasciata.
1458 2117 1503 2153 Et
1532 2116 1568 2152 di
1592 2127 1712 2152 nuovo
1737 2115 1826 2153 detti
1861 2115 1994 2153 oratori
2025 2116 2079 2152 10-

312 2174 416 2211 010110
448 2187 539 2223 31311
572 2178 716 2224 querele
748 2179 782 2215 al
813 2180 914 2229 Papa
947 2179 1041 2217 della
1075 2177 1217 2226 perdita
1248 2176 1286 2213 di
1312 2177 1483 2221 Modone,
1516 2179 1552 2212 et
1583 2175 1620 2211 di
1647 2174 1737 2212 tanti
1773 2174 1958 2212 manifesti
1988 2175 2081 2224 peri-

312 2235 378 2272 coli
398 2236 523 2283 quanti
544 2237 631 2284 ogni
650 2237 685 2273 di
713 2237 776 2286 piu
803 2244 1044 2288 soprastanno
1070 2250 1091 2274 a
1117 2238 1204 2274 loro.
1227 2237 1256 2272 Il
1282 2237 1383 2284 Papa
1409 2235 1583 2272 dimostro
1608 2234 1708 2271 voler
1732 2234 1807 2270 fare
1833 2234 1919 2283 ogni
1939 2246 2025 2272 cosa
2045 2240 2082 2273 et

303 2295 390 2343 ogni
408 2295 582 2343 possibile
601 2297 807 2344 provisione
825 2298 859 2334 al
873 2299 1047 2335 beneficio
1068 2298 1104 2334 di
1126 2300 1222 2334 tucta
1236 2295 1469 2334 Christianita
1489 2299 1525 2332 et
1544 2294 1699 2330 maxime
1717 2294 1751 2330 di
1769 2294 1889 2342 quella
1909 2294 2081 2342 Signoria

303 2359 338 2391 et
363 2354 531 2391 ordinare
562 2356 629 2391 che
653 2355 818 2394 l'armata
845 2357 1072 2407 d'Hispagna
1097 2357 1163 2393 che
1189 2359 1208 2392 0
1232 2355 1270 2391 111
1297 2354 1424 2392 Sicilia
1450 2354 1481 2390 si
1513 2353 1659 2390 andassi
1690 2365 1711 2390 a
1737 2353 1984 2402 conguignere
2010 2366 2079 2391 con

304 2413 423 2461 quella
443 2413 537 2450 della
557 2414 745 2463 Signoria3
765 2421 801 2454 et
818 2416 892 2465 piu,
914 2417 989 2454 fare
1009 2418 1079 2454 due
1101 2415 1229 2464 Legati
1249 2426 1321 2451 uno
1343 2414 1380 2450 in
1403 2414 1541 2450 francia
1560 2417 1596 2450 et
1616 2424 1688 2449 uno
1707 2412 1804 2449 nella
1822 2424 1958 2461 magna
1978 2414 2077 2462 (sic),

301 2474 346 2509 ad
361 2474 487 2510 effecto
507 2473 543 2510 di
561 2474 758 2522 provedere
778 2480 902 2514 contro
923 2489 944 2513 a
963 2476 1110 2513 Turchi.
1135 2477 1289 2522 Insuper
1305 2485 1373 2510 con
1387 2473 1441 2509 Re
1461 2472 1498 2509 di
1511 2472 1698 2520 Ungheria
1714 2483 1787 2508 non
1801 2470 1922 2508 volere
1940 2476 2079 2509 restare

302 2532 349 2567 ad
373 2531 448 2568 fare
474 2532 586 2579 nulla,
615 2537 650 2570 et
675 2535 841 2573 ordinare
869 2536 921 2573 sia
944 2536 1103 2585 provisto
1131 2534 1166 2570 di
1191 2533 1329 2570 danari.
1358 2533 1402 2568 Et
1429 2532 1467 2568 in
1495 2543 1636 2568 summa
1666 2531 1706 2569 S.
1738 2531 1884 2568 Santita
1913 2535 2078 2568 monstro

304 2602 424 2628 essere
450 2591 735 2640 dispostissima,
759 2598 795 2631 et
819 2607 892 2632 non
923 2596 1043 2632 volere
1068 2594 1220 2630 lasciare
1246 2593 1356 2629 affare
1384 2591 1484 2629 nulla
1510 2604 1531 2629 a
1555 2591 1744 2640 proposito
1770 2590 1807 2627 di
1833 2589 1955 2639 quella
1980 2589 2078 2638 sign*

302 2650 538 2687 monstrando
561 2650 637 2689 loro
664 2653 730 2690 che
753 2666 859 2691 versa
883 2654 960 2692 vice
982 2654 1019 2691 la
1045 2654 1138 2702 Sigia
1157 2665 1230 2690 non
1258 2652 1289 2688 si
1315 2663 1377 2688 era
1402 2651 1464 2700 gia
1491 2655 1634 2699 portata
1658 2653 1886 2698 gratamente
1910 2660 2017 2686 verso
2043 2648 2078 2686 la

305 2708 448 2745 Santita
467 2709 555 2756 Sua,
578 2723 651 2749 non
677 2713 843 2751 havendo
875 2714 946 2751 mai
965 2714 1088 2751 voluto
1105 2713 1276 2749 inclinare
1295 2712 1341 2748 ad
1358 2710 1559 2747 concederli
1579 2710 1603 2746 il
1625 2711 1698 2747 fare
1717 2710 1753 2747 la
1771 2710 1929 2758 impresa
1952 2714 2077 2748 contro

305 2769 349 2806 ad
370 2769 516 2807 Rimino
533 2775 569 2807 et
587 2771 739 2818 Faenza,
761 2773 816 2810 001
836 2773 988 2810 favorire
1008 2763 1270 2810 excomunicati
1288 2774 1322 2807 et
1341 2769 1465 2807 rebelli
1485 2769 1553 2806 alla
1570 2769 1714 2806 Santita
1731 2769 1819 2814 Sua,
1840 2770 2076 2809 monstrando

306 2828 380 2865 loro
401 2829 466 2866 0110
486 2841 559 2866 non
584 2830 755 2868 facevono
784 2832 875 2869 bene
901 2833 1011 2870 affare
1036 2834 1113 2868 cosi
1134 2843 1143 2867 :
1164 2835 1201 2868 et
1226 2830 1293 2866 che
1313 2832 1332 2865 0
1354 2828 1384 2865 si
1417 2827 1671 2876 disponessino
1698 2839 1762 2875 per
1784 2827 1817 2864 lo
1837 2827 2007 2864 advenire
2028 2828 2074 2865 ad

304 2890 526 2938 compiacere
546 2890 615 2927 alla
635 2890 776 2927 Santita
796 2891 885 2937 Sua,
906 2890 1117 2941 protandosi
1142 2887 1335 2926 altrimenti
1355 2898 1429 2923 non
1449 2887 1634 2924 havevano
1660 2887 1754 2924 facto
1772 2886 1885 2923 infino
1911 2887 2073 2924 adlhora.

305 2949 345 2985 Li
366 2950 438 2986 duo
458 2949 591 2986 oratori
620 2950 794 2998 risponno
814 2951 879 2987 che
904 2951 938 2987 la
957 2950 1055 2998 Sigia
1075 2961 1136 2986 era
1155 2949 1320 2996 disposta
1346 2946 1455 2983 affare
1475 2946 1563 2994 ogni
1589 2958 1675 2983 cosa
1702 2958 1767 2995 per
1792 2947 1832 2985 S.
1865 2946 2020 2992 Santita,
2048 2951 2086 2984 et.

305 3009 509 3045 abracciare
527 3009 550 3044 il
573 3009 700 3046 Ducha
718 3009 989 3053 Valentinense,
1012 3013 1047 3045 et
1071 3007 1209 3045 10110110
1231 3018 1296 3055 per
1319 3006 1393 3042 loro
1414 3006 1512 3042 buon
1533 3005 1698 3054 figluolo,
1720 3010 1756 3043 et
1777 3005 1867 3043 darli
1893 3005 1996 3043 soldo
2016 3017 2084 3043 con

306 3068 441 3116 optime
463 3073 499 3105 et
515 3068 741 3105 convenienti
762 3068 971 3114 conditioni,
994 3071 1029 3105 et
1049 3067 1194 3116 quando
1215 3066 1260 3102 S.
1287 3065 1430 3102 Santita
1449 3065 1614 3102 lasciassi
1635 3065 1773 3113 spirare
1793 3065 1826 3102 10
1848 3066 2023 3102 condocte
2047 3065 2082 3102 di

310 3127 455 3165 Rimino
469 3132 506 3164 et
526 3128 677 3173 Faenza,
695 3126 730 3164 la
753 3127 852 3175 813ἐι
871 3127 965 3164 saria
990 3126 1264 3164 contentissima
1284 3125 1415 3161 facessi
1436 3125 1555 3173 quella
1574 3124 1749 3173 impresa.
1777 3125 1804 3161 Il
1823 3125 1924 3173 Papa
1942 3124 2084 3173 rispose

312 3187 378 3223 0110
399 3198 473 3223 11011
493 3186 619 3223 voleva
639 3186 701 3234 piu
722 3186 768 3222 da
786 3187 859 3223 1010
881 3186 974 3222 helle
994 3186 1128 3235 parole,
1150 3186 1217 3222 che
1238 3196 1283 3222 ne
1302 3185 1442 3222 haveva
1469 3185 1577 3221 haute
1599 3189 1737 3233 troppe‚
1758 3194 1818 3220 ma
1837 3182 1998 3220 horamai
2016 3194 2082 3219 vo-

313 3247 393 3283 leva
414 3245 491 3282 fatti
511 3257 520 3282 z
542 3249 577 3282 et
595 3246 814 3294 comprendo
834 3245 857 3281 li
877 3245 1070 3293 strignessi
1090 3245 1126 3281 in
1146 3245 1251 3281 modo
1273 3244 1338 3280 che
1360 3245 1522 3280 haranno
1552 3246 1797 3292 apertamente
1817 3241 1940 3291 potulo
1962 3241 2082 3279 inten-

316 3306 402 3342 dere
429 3305 495 3342 che
525 3316 563 3341 se
590 3315 768 3342 vorranno
795 3304 912 3353 gratia
937 3308 971 3340 et
996 3305 1135 3353 placere
1161 3304 1289 3341 alcuno
1319 3304 1365 3339 da
1394 3304 1434 3341 S.
1464 3303 1606 3340 Santita
1639 3303 1836 3351 bisognera
1863 3302 1978 3340 anche
2008 3301 2084 3339 loro

321 3364 535 3402 consentino
548 3363 618 3401 alla
637 3363 759 3412 voglia
777 3364 835 3401 del
855 3364 998 3412 Papa...
1021 3364 1148 3409 Rome,
1169 3364 1231 3412 le
1251 3363 1467 3412 septembris
1489 3360 1687 3400 MCCCCC.

1061 3429 1215 3466 Humilis
1238 3428 1399 3466 Servitor
1418 3428 1533 3465 franc.
1549 3427 1732 3465 CAPELLns
1752 3429 1897 3464 secret..

364 3496 503 3545 (Arch.
527 3497 709 3542 Fiorent„
726 3496 814 3533 clas.
836 3496 883 3542 X,
905 3495 990 3533 dist.
1014 3496 1061 3540 II,
1081 3494 1161 3532 filza
1180 3495 1238 3539 46,
1260 3505 1281 3531 a
1300 3506 1331 3531 c.
1353 3494 1437 3540 24.)
1456 3494 1553 3542 Voy.
1579 3491 1678 3530 aussi
1697 3492 1849 3538 Sanuto,
1868 3490 1935 3528 001.
1960 3489 2086 3527 788-9.
