2254 3944
310 382 354 417 3'1
918 376 1152 414 ιΙΟΗΑΝΝΙΞ
1181 376 1477 421 BURCHARDI,
1872 377 1977 419 [Avrll
2001 377 2092 419 1500]

314 480 611 546 paramentis
641 479 896 539 violaceis3
934 497 1018 529 sex
1049 483 1216 544 partes
1246 479 1483 543 passionis
1516 480 1856 537 cantaverunt,
1892 479 1980 526 sub
2005 480 2095 527 tri-

317 566 402 614 bus
426 564 623 612 vocibus
648 563 818 621 semel,
845 562 1073 611 videlicet
1102 579 1111 610 :
1143 563 1307 610 Tristis
1330 571 1400 610 est
1415 563 1578 610 anima
1606 579 1709 610 mea
1730 579 1877 626 usque
1900 562 1964 610 acl
1977 579 2098 611 mor-

316 657 421 696 tem.
448 677 510 682 ——-
547 648 698 694 Pater
720 647 800 705 mi,
822 647 863 693 si
885 663 980 694 non
994 654 1155 710 potest
1177 647 1252 694 laic
1271 646 1396 693 calix
1424 647 1626 694 transire
1653 646 1747 693 nisi
1770 646 1923 693 bibam
1944 646 2094 705 illum,

310 732 399 796 fiat
419 731 631 778 voluntas
651 738 748 777 tua.
774 758 837 764 —
858 729 990 790 Heli,
1024 730 1134 790 laeli,
1166 730 1291 777 lama
1317 730 1588 778 zabatlzani.
1609 759 1673 765 ——
1703 729 1774 777 Et
1798 729 1916 794 quid
1937 730 2100 778 dereli-

315 815 458 878 quisti
477 831 550 862 me
565 818 586 861 ἶ)
604 842 668 848 -
688 813 738 860 E
741 821 757 861 t
779 813 930 861 emisit
948 813 1185 876 spiritwn.
1220 842 1283 848 —
1301 812 1526 862 Sedentes
1550 822 1712 861 contra
1732 813 2016 877 sepulcrum.
2036 842 2099 848 —

316 898 424 946 Alia
447 913 587 946 more
612 897 770 944 solito.

384 981 528 1030 Feria
565 980 799 1038 secunda,
835 979 952 1027 dicti
984 979 1165 1027 mensis
1202 982 1276 1039 13,
1309 981 1492 1029 lllmus.
1525 982 1621 1028 dux
1653 980 1937 1031 Valentinus
1969 980 2101 1029 misit

318 1065 436 1114 mihi
463 1068 564 1112 tres
589 1079 770 1112 cannas
802 1063 949 1126 panni
980 1063 1132 1111 rosati
1164 1063 1403 1123 finissimi,
1440 1081 1530 1128 pro
1561 1081 1656 1127 quo
1688 1064 1827 1113 solvit
1859 1065 1921 1111 ad
1953 1064 2102 1112 ratio-

318 1165 431 1197 nem
466 1147 705 1196 tredecim
741 1147 1035 1194 ducatorum
1066 1146 1114 1193 in
1149 1162 1271 1194 auro
1301 1163 1391 1210 pro
1431 1164 1605 1206 canna,
1642 1150 1787 1211 prout
1824 1164 1852 1195 a
1888 1148 2101 1210 quodam

317 1231 558 1289 intellexi;
589 1230 719 1278 idem
751 1230 886 1277 dedit
918 1229 1050 1277 socio
1082 1245 1211 1288 meo,
1247 1230 1307 1278 de
1341 1231 1481 1295 cujus
1514 1246 1757 1279 consensu
1788 1230 1956 1279 remisi
1989 1229 2103 1278 duci

316 1318 501 1364 vestem
525 1329 672 1378 quam
697 1313 746 1361 in
769 1313 1016 1361 dominica
1039 1313 1209 1360 Letare
1235 1313 1295 1361 ab
1322 1330 1379 1362 eo
1404 1314 1696 1362 habueram.

385 1397 525 1447 Feria
549 1396 711 1455 tertia,
743 1399 800 1443 14
828 1396 943 1443 dicti
966 1396 1146 1444 mensis
1171 1396 1357 1459 apriliS,
1387 1398 1470 1445 SS.
1498 1399 1554 1445 D.
1585 1400 1640 1446 N.
1670 1401 1871 1461 paratus
1898 1397 2099 1456 amictu,

319 1483 448 1540 alba,
480 1480 675 1544 cingulo
703 1482 750 1527 et
787 1479 912 1527 stola
948 1482 996 1526 et
1032 1480 1243 1543 desuper
1274 1480 1531 1544 capucino,
1573 1480 1857 1529 visitaturus
1893 1484 2104 1545 quatuor

320 1564 552 1614 ecclesias
578 1562 830 1611 ordinatas
851 1578 939 1625 pro
957 1562 1142 1625 jubileo
1170 1564 1534 1626 consequendo,
1562 1565 1859 1627 precedente
1885 1581 2032 1614 cruce
2058 1569 2105 1613 et

320 1646 668 1704 cardinalibUS,
712 1645 965 1692 descendit
1003 1646 1063 1692 ad
1101 1645 1354 1694 basilicam
1394 1663 1431 1693 s.
1473 1647 1623 1694 Petri.
1662 1649 1895 1696 Ascendit
1928 1648 2104 1697 deinde

321 1747 501 1795 equum
533 1745 647 1778 cum
677 1727 809 1776 omni
842 1728 986 1776 solita
1009 1744 1207 1792 pompa,
1237 1734 1283 1777 et
1309 1730 1607 1793 precedente
1641 1746 1807 1790 cruce,
1848 1731 2106 1779 cardinali-

320 1817 411 1863 bus
435 1829 635 1864 crucem
669 1812 986 1874 sequentibus
1014 1815 1061 1860 et
1093 1815 1204 1876 post
1233 1828 1317 1861 eos
1348 1814 1472 1862 duce
1502 1814 1752 1877 equitante
1784 1831 1896 1863 cum
1926 1831 2106 1880 magna

323 1898 550 1947 comitiva
579 1897 911 1946 stafferiorum
949 1895 1208 1943 alabardas
1246 1897 1568 1959 portantium,
1610 1914 1731 1960 quos
1767 1899 1900 1962 Papa
1932 1913 2104 1961 seque—

322 1982 466 2029 batur
491 1984 539 2028 et
565 1984 674 2044 post
700 1996 812 2028 eum
837 1978 1035 2043 prelati,
1065 1978 1237 2026 ordine
1263 1983 1522 2039 consueto;
1553 1996 1673 2043 quos
1704 1981 1966 2029 multitudo
1991 1997 2106 2045 gen-

327 2065 446 2112 tium
484 2079 738 2112 armorum
771 2062 1087 2126 sequebatur.
1127 2061 1370 2124 Equitavit
1407 2078 1496 2126 per
1534 2079 1764 2126 campum
1800 2064 1961 2123 Flore,
2005 2064 2106 2128 pla-

324 2151 454 2195 team
483 2147 770 2205 Judeorum,
803 2144 1047 2209 hospitale
1080 2161 1118 2193 s,
1146 2144 1299 2192 Marie
1332 2145 1380 2192 in
1414 2146 1629 2204 Porticu,
1660 2162 1697 2194 s,
1726 2146 2019 2211 Gregorium
2043 2147 2103 2195 ad

324 2247 361 2279 s.
408 2230 612 2278 Paulum
648 2233 696 2278 et
725 2230 837 2277 inde
870 2228 931 2276 ad
967 2244 1004 2276 S.
1047 2227 1322 2276 Johannem
1361 2231 1763 2288 Lateranensem,
1805 2230 2005 2278 tandem
2043 2230 2104 2278 ad

325 2331 363 2362 s.
398 2314 605 2362 Mariam
638 2314 900 2378 majorem.
942 2312 1190 2360 Concessit
1226 2312 1451 2361 omnibus
1490 2313 1756 2372 canonicis,
1797 2313 2099 2362 beneficiatis

326 2401 374 2445 et
406 2397 597 2445 clericis
628 2414 665 2445 s.
702 2397 850 2454 Petri,
879 2414 917 2443 s.
947 2395 1178 2443 Johannis
1215 2396 1558 2444 Lateranensis
1590 2400 1639 2445 et
1671 2397 1717 2444 b.
1754 2396 1907 2444 Marie
1940 2396 2102 2446 eccle-

326 2481 509 2529 siarum
534 2481 580 2528 id
605 2480 875 2528 successive
910 2479 1204 2543 petentibus,
1238 2481 1367 2542 quod
1402 2463 1640 2528 visitando
1667 2496 1764 2528 una
1790 2480 1867 2528 die
1893 2483 2105 2544 quatuor

327 2563 558 2612 ecclesias
595 2563 872 2627 deputataS‚
913 2566 961 2611 et
1005 2563 1221 2611 ecclesiis
1267 2563 1363 2611 suis
1399 2564 1634 2627 predictis
1668 2563 1939 2628 respective
1983 2564 2106 2613 bene

326 2646 633 2695 inserviendo
670 2649 1090 2708 consequerentur
1126 2646 1454 2711 indulgentias
1490 2664 1547 2695 ac
1585 2647 1641 2707 si,
1676 2651 1806 2707 etc.;
1842 2650 1891 2696 et
1923 2647 2106 2696 dictum

326 2730 415 2778 fuit
451 2729 587 2788 mihi,
629 2730 713 2777 sed
751 2746 779 2777 a
815 2731 948 2793 Papa
982 2746 1081 2778 non
1117 2729 1292 2789 audivi,
1335 2730 1465 2793 quod
1501 2730 1604 2793 ipse
1644 2733 1775 2793 Papa
1813 2730 1862 2777 in
1899 2730 2108 2778 ecclesia

328 2830 365 2860 s.
399 2812 632 2861 Johannis
669 2813 1013 2860 Lateranensis
1051 2812 1294 2860 concessit
1329 2812 1554 2860 omnibus
1588 2812 1911 2860 familiaribus
1945 2812 2107 2860 cardi-

328 2895 511 2944 nalium
549 2895 629 2957 qui
667 2909 780 2942 eum
823 2895 969 2942 hodie
1015 2895 1233 2943 comitati
1281 2898 1409 2954 sunt,
1446 2894 1711 2959 jubileum3
1761 2895 1820 2943 de
1867 2911 1904 2943 s.
1955 2894 2109 2944 Maria

327 2979 513 3042 Majore
549 2980 697 3040 Papa,
730 2993 818 3040 per
850 2994 887 3026 s.
918 2981 1158 3037 Marcum,
1197 2994 1427 3042 campum
1460 2978 1605 3026 Flore
1636 2981 1684 3026 et
1714 2978 1828 3027 inde
1858 2981 1998 3027 recta
2031 2979 2108 3027 via

327 3061 473 3109 rediit
498 3061 558 3108 ad
583 3060 837 3123 palatium.

388 3147 441 3192 In
477 3142 621 3190 nocte
666 3143 906 3205 sequenti,
954 3145 1232 3192 nuntiatum
1274 3147 1348 3192 est
1390 3145 1452 3192 ad
1494 3145 1675 3195 Urbem
1718 3144 1848 3208 quod
1883 3144 1931 3193 in
1969 3144 2100 3192 dicto

329 3226 557 3276 conflictu
596 3240 684 3288 per
721 3226 1035 3285 Ludovicum,
1072 3228 1248 3275 ducem
1277 3227 1557 3286 Mediolani,
1595 3226 1740 3293 (cum)
1765 3227 1914 3275 Gallis
1943 3230 1992 3275 et
2016 3243 2106 3291 per

326 3310 436 3359 illos
460 3311 732 3371 acceptatO,
764 3307 890 3356 hora
914 3312 1096 3357 statuta
1119 3309 1423 3369 adveniente,
1450 3310 1654 3358 Helvetii
1680 3310 1776 3358 sive
1802 3310 2056 3359 Suicenses
2077 3326 2106 3358 a

327 3394 451 3442 duce
473 3390 734 3440 Mediolani
766 3392 992 3440 conducti
1020 3392 1289 3440 noluissent
1311 3408 1530 3457 pugnare
1558 3396 1732 3441 contra
1762 3394 1941 3454 Gallos,
1977 3393 2111 3449 simi-,

327 3477 439 3524 liter
464 3490 620 3540 neque
643 3475 871 3538 guardie3
892 3475 1155 3540 Burgunde
1179 3475 1498 3523 irruissentin
1521 3476 1697 3524 ducem
1723 3479 1771 3525 et
1795 3476 1919 3525 Galli
1935 3478 2103 3541 gentes
