2228 3938
365 378 413 415 62
977 373 1210 413 JOHANNIS
1243 376 1537 422 BURCHARm,
1708 354 1713 357 ’
1923 380 2020 420 [sum
2041 381 2136 422 1500]

367 481 413 528 in
439 479 660 544 margine
682 478 987 527 annotavisse
1013 479 1050 526 si
1076 479 1156 542 qui
1179 480 1464 527 eorumdem
1487 478 1776 527 officialium
1791 482 1903 528 sunt
1921 481 1981 528 ab
2007 483 2136 530 Urbe

366 564 594 611 absentes
618 563 693 611 vel
717 562 917 622 infirmi,
946 565 1030 611 aut
1056 562 1264 611 aliorum
1291 561 1529 611 officiales
1554 561 1832 610 officiorum
1857 578 1866 610 :

433 708 454 732 «
495 687 925 747 Rescribendario,

430 792 451 816 «
493 771 757 836 Capellano
785 772 1108 820 collectorum
1134 771 1338 835 plumbi,

432 875 454 899 «
494 855 757 919 Capellano
784 855 1197 915 abbreviatorum‚

433 959 453 982 «
496 938 705 1004 Syndico
730 936 1125 1003 procuratorum,

431 1042 452 1066 «
497 1022 759 1086 Capellano
786 1021 1085 1086 scriptorum
1110 1036 1248 1069 sacre
1274 1020 1617 1084 penitentiarie
1645 1021 1931 1085 apostolice,

435 1125 456 1149 «
496 1105 759 1170 Capellano
787 1104 1166 1153 sollicitatorum
1192 1104 1471 1152 litterarum
1496 1104 1912 1168 apostolicarum‚‘

432 1208 453 1233 «
493 1188 816 1237 Thesaurario
842 1188 1146 1237 notariorum
1171 1190 1297 1246 rote,

357 1306 360 1308 -
430 1295 451 1318 «
492 1272 827 1337 Computatori
854 1274 1236 1337 procuratorum
1259 1268 1621 1334 penitentiarie.
1652 1290 1674 1313 »

352 1419 354 1421 >
430 1416 450 1445 a
492 1402 560 1448 De
592 1398 825 1447 mandato
857 1399 940 1446 SS.
972 1399 1027 1445 D.
1055 1396 1212 1445 nostri
1245 1398 1373 1459 Pape
1405 1395 1658 1444 intimatur
1689 1396 2042 1446 locumtenenti
2073 1400 2130 1446 D.

358 1483 525 1533 vicarii
558 1481 799 1547 generalis
830 1480 1112 1529 Sanctitatis
1151 1496 1234 1527 sue
1271 1479 1321 1527 in
1358 1480 1487 1527 alma
1522 1481 1651 1527 Urbe
1690 1482 1738 1527 et
1774 1480 1877 1544 ejus
1902 1481 2133 1529 districtu

357 1570 597 1630 quatenus
628 1564 705 1612 die
731 1563 873 1628 jovis,
914 1566 970 1610 18
1003 1562 1246 1626 presentis
1277 1562 1457 1610 mensis
1482 1562 1625 1626 junii,
1659 1562 1934 1612 festivitatis
1959 1580 2133 1613 ⁴sacra-

359 1648 533 1698 tissimi
565 1646 791 1712 corporis
823 1643 1020 1705 Christi,
1054 1646 1180 1694 hora
1209 1661 1356 1705 nona,
1382 1645 1748 1709 processionem
1779 1647 1897 1694 cleri
1930 1648 2074 1696 Urbis
2105 1666 2133 1697 a

356 1732 559 1781 basilica
589 1729 827 1796 principis
859 1729 1212 1794 apostolorum,
1241 1733 1327 1792 per
1357 1744 1469 1776 eum
1501 1728 1777 1776 ordinatam
1808 1732 1856 1778 et
1884 1733 2126 1794 paratam,

355 1817 415 1864 ad
447 1815 670 1864 eamdem
700 1813 955 1862 basilicam
987 1828 1073 1861 suo
1106 1810 1277 1878 ordine
1307 1810 1589 1859 immediate
1621 1815 1732 1860 ante
1763 1811 2129 1877 processionem

355 1900 439 1947 SS.
467 1901 524 1946 D.
552 1896 710 1946 nostri
737 1896 1008 1960 procedere
1038 1895 1210 1954 faciat3
1237 1895 1500 1943 mandatur
1531 1895 1678 1944 etiam
1710 1895 2127 1946 camerario-cleri

318 2038 321 2040 ¹
354 1980 562 2045 predicti
585 1982 826 2044 quatenus
845 1979 934 2026 sub
955 1980 1082 2043 pena
1100 1978 1311 2041 quinque
1333 1978 1624 2026 ducatorum
1647 1994 1841 2028 camere
1861 1978 2127 2043 apostolice

354 2063 761 2112 irremissibiliter
795 2060 1201 2126 applicandorum
1229 2060 1597 2125 processionem
1628 2062 1847 2126 ejusdem
1878 2063 1997 2111 cleri
2030 2061 2127 2112 sol-

353 2147 508 2196 licitet
532 2150 580 2195 et
604 2145 750 2195 faciat
774 2144 1016 2210 premissa
1041 2145 1308 2193 observari.
1339 2164 1361 2188 »

418 2228 557 2278 Feria
583 2230 777 2293 quarta,
811 2232 866 2276 17
904 2227 1020 2276 dicti
1044 2227 1227 2276 mensis
1246 2227 1388 2291 junii,
1415 2227 1464 2275 in
1489 2227 1653 2292 vigilia
1678 2227 1896 2292 corporis
1922 2226 2120 2289 Christi,

348 2316 613 2378 antequam
635 2314 768 2377 Papa
789 2310 944 2360 exiret
966 2309 1026 2360 ad
1047 2326 1288 2375 vesperas,
1311 2310 1555 2375 dispostus
1573 2311 1622 2359 in
1642 2327 1837 2360 camera
1856 2311 2119 2377 papagalli,

350 2411 461 2446 cum
484 2395 672 2445 videret
697 2396 872 2444 ducem
896 2395 1211 2445 Valentinum
1242 2394 1290 2442 in
1321 2395 1493 2443 eadem
1523 2410 1738 2455 camera,
1767 2393 2124 2444 commendavit

351 2497 400 2529 se
426 2483 555 2545 Pape
581 2482 628 2528 et
657 2477 776 2528 dixit
807 2495 857 2527 se
889 2478 1137 2527 abiturum
1167 2478 1260 2526 nisi
1288 2479 1496 2527 haberet
1522 2478 1685 2527 locum
1711 2482 1823 2527 ante
1845 2475 2122 2543 predictum

271 2568 278 2573 '
347 2564 539 2612 ducem.
568 2566 699 2627 Papa
721 2562 976 2626 respondit
1000 2562 1130 2626 quod
1155 2562 1341 2610 faceret
1363 2578 1451 2626 pro
1471 2561 1720 2610 voluntate
1744 2578 1829 2610 sua
1850 2566 1898 2611 et
1921 2558 2122 2612 recessit

344 2646 475 2695 idem
496 2646 760 2711 dispostus.
789 2647 1008 2693 Fuerunt
1032 2661 1230 2709 vespere
1254 2645 1453 2710 papales
1478 2644 1527 2692 in
1555 2641 1744 2709 capella
1767 2643 1961 2711 maJ‘ori,
1990 2649 2123 2710 Papa

347 2732 606 2794 presente3
646 2745 771 2778 unus
816 2731 1007 2777 tantum
1052 2728 1286 2777 diaconus
1329 2728 1550 2776 interfuit
1590 2731 1754 2792 preter
1790 2725 2117 2788 assistentem,

344 2813 572 2862 videlicet
614 2811 878 2862 Cesarinus
916 2811 997 2875 qui
1036 2811 1169 2859 stetit
1204 2810 1254 2859 in
1282 2810 1438 2860 banco
1468 2811 1862 2875 presbyterorum
1894 2806 2120 2860 cardina*

345 2896 483 2955 lium,
513 2899 623 2961 post
650 2911 818 2944 omnes
843 2896 1174 2960 presbyteros,
1203 2897 1251 2942 et
1273 2897 1384 2958 post
1407 2906 1536 2953 eum,
1565 2887 1662 2942 dux
1686 2890 1954 2958 predictus.
1980 2895 2118 2952 Quod

342 2978 508 3026 videns
534 2977 740 3026 Ursinus
766 2978 887 3026 dixit
913 2979 1089 3026 ducem
1115 2980 1246 3026 stare
1271 2977 1452 3025 debere
1476 2972 1604 3025 inter
1630 2971 1904 3026 cardinales
1928 2981 2117 3042 Capua=

341 3076 474 3120 num,
506 3060 734 3108 ultimum
761 3061 1189 3125 presbyterorum,
1218 3062 1266 3108 et
1289 3055 1593 3108 Cesarinum.
1621 3056 1740 3125 Ego,
1768 3073 1823 3108 re
1850 3070 1948 3109 non
1971 3056 2115 3108 aliter

342 3137 670 3202 considerata,
700 3136 856 3191 locavi
881 3144 1054 3192 ducem
1081 3143 1209 3192 inter
1233 3144 1355 3192 duos
1380 3138 1654 3192 cardinales
1681 3138 1946 3206 predictos·
1976 3139 2114 3199 Quod

342 3222 511 3275 videns
530 3224 663 3290 Papa
679 3222 866 3274 vocavit
888 3241 966 3275 me
987 3228 1034 3274 et
1055 3226 1174 3274 dixit
1194 3220 1312 3274 mihi
1339 3240 1488 3274 unum
1509 3225 1809 3274 cardinalem
1832 3241 1929 3274 non
1950 3226 2113 3276 facere

345 3306 575 3369 chorum;
603 3310 887 3373 propterea,
916 3322 1025 3357 cum
1057 3322 1180 3356 nnus
1213 3311 1402 3356 tantum
1433 3308 1668 3356 diaconus
1699 3307 1963 3357 cardinalis
1987 3308 2113 3359 inte-

343 3396 446 3441 rest
468 3395 637 3458 preter
665 3392 991 3451 assistentem,
1019 3391 1101 3440 ille
1127 3394 1222 3440 stat
1245 3394 1356 3456 post
1386 3391 1607 3439 ultimum
1638 3392 2039 3457 presbyterorum
2064 3397 2112 3442 et

342 3492 440 3525 non
466 3477 513 3524 in
544 3477 701 3526 banco
736 3476 1054 3526 diaconorum
1083 3493 1092 3524 :
1121 3478 1386 3540 propterca
1414 3492 1510 3525 non
1541 3475 1719 3525 debere
1750 3476 1924 3525 ducem
1954 3477 2110 3527 invillo
