2222 3932
308 339 378 375 322
921 332 1157 371 JOHANNIS
1189 333 1483 380 BURCHARDI,
1757 337 1963 379 [Decembre
1986 342 2081 382 1503]

313 443 450 487 terea
471 437 722 501 episcopus
743 438 993 483 Massanus
1009 436 1223 495 sacrista,
1246 437 1453 484 clericus
1479 452 1694 499 camere,
1722 439 1771 486 in
1794 456 1946 505 cappa
1966 446 2078 491 ante

315 537 508 570 crucem
531 518 738 583 portavit
770 534 936 566 ensem
961 519 1102 583 juxta
1134 519 1303 567 altare.
1344 522 1458 568 Post
1488 520 1704 581 missam,
1740 523 2080 586 prothonarius

314 604 513 653 Carolus
540 603 762 666 Orpheus
786 602 1049 665 reportavit
1079 603 1139 649 ad
1177 618 1418 651 cameram
1442 606 1567 667 Pape
1590 609 1700 652 ante
1721 621 1947 655 crucem:
1973 611 2085 656 ante

313 688 488 735 horam
511 700 839 749 vesperarum,
877 685 1002 744 heri,
1031 685 1079 732 in
1109 700 1306 734 camera
1334 689 1479 750 Pape,
1520 688 1710 736 restitui
1734 688 1774 736 ei
1802 689 1999 738 anulum
2029 690 2087 739 de

314 771 555 819 diamante
598 768 955 817 contrafactum
1001 770 1048 815 et
1085 768 1312 817 rubinum
1351 786 1495 832 quem
1548 770 1697 818 habui
1745 775 1855 836 post
1901 773 2087 822 obitum

314 853 604 910 Alexandri,
657 855 706 900 et
746 853 875 914 Papa
905 850 1099 899 donavit
1131 851 1249 918 mihi
1280 852 1477 900 anulum
1500 853 1560 900 de
1592 854 1858 915 diamante,
1885 856 1924 903 si
1962 859 2009 904 et
2042 856 2091 904 in

314 940 547 1000 quantum
572 950 670 984 non
695 938 823 983 esset
847 935 1063 982 adamas.

380 1019 550 1077 Hodie,
587 1018 717 1066 intra
743 1016 957 1076 missam,
992 1033 1070 1064 me
1097 1017 1432 1082 interrogante
1465 1021 1595 1082 Papa
1623 1035 1682 1067 an
1709 1020 1942 1069 deberem
1969 1022 2088 1071 dare

313 1104 474 1152 locum
497 1117 637 1149 suum
654 1103 710 1148 D.
729 1100 937 1148 Antonio
953 1101 1210 1160 Tuberoni,
1231 1101 1482 1165 capitaneo
1498 1087 1835 1166 porte-palatii,
1858 1105 2089 1168 respondi

315 1187 445 1250 quod
469 1185 537 1233 sic
561 1184 669 1233 dedi
693 1186 957 1247 propterea
973 1184 1062 1230 sibi
1087 1184 1249 1232 locum
1265 1185 1404 1248 juxta
1428 1201 1575 1248 supra
1596 1189 1847 1235 senatores
1867 1188 1916 1235 in
1938 1189 2090 1252 gradu

316 1270 459 1333 plano
482 1267 693 1332 proximi
726 1267 857 1326 solii;
887 1267 1015 1329 quod
1046 1270 1303 1331 postquam
1338 1268 1448 1326 feci,
1485 1270 1614 1331 Papa
1650 1269 1770 1317 dixit
1805 1270 1924 1317 mihi
1964 1271 2094 1333 quod

315 1369 413 1400 non
436 1353 638 1400 haberet
670 1351 830 1414 ipsum
852 1349 1078 1408 vicinum,
1105 1350 1218 1413 quia
1240 1367 1337 1398 non
1363 1355 1490 1398 esset
1514 1351 1602 1398 sibi
1631 1353 1768 1401 valde
1798 1354 2094 1418 cunjunctus

317 1439 365 1484 et
396 1435 523 1498 quod
558 1433 797 1491 marchio,
834 1448 988 1496 nepos
1025 1449 1148 1496 pape
1182 1433 1268 1493 Pii,
1305 1434 1584 1497 capitaneus
1619 1438 1731 1483 tunc
1770 1436 1957 1499 palatii,
1994 1454 2093 1486 non

318 1518 533 1565 stetisset
562 1516 625 1564 ibi
653 1516 737 1564 sed
766 1531 914 1578 prope
948 1516 1121 1574 altare,
1161 1519 1209 1563 et
1233 1516 1363 1579 quod
1396 1533 1493 1568 non
1519 1517 1789 1566 faceremus
1824 1534 1883 1566 ea
1913 1534 2005 1581 que
2033 1518 2092 1566 ab

317 1601 422 1648 aliis
446 1598 743 1663 reprehendi
771 1601 985 1661 possent.
1024 1598 1268 1661 Respondi
1303 1599 1425 1647 velle
1459 1600 1615 1647 facere
1651 1600 1870 1648 debitum
1904 1605 1952 1649 et
1975 1617 2092 1648 con—

320 1688 511 1732 suetum
533 1685 581 1730 et
604 1682 794 1729 secisse.

386 1767 501 1814 Heri
527 1781 657 1824 sero,
697 1781 808 1812 cum
843 1767 972 1828 Papa
1006 1765 1163 1812 iturus
1188 1765 1247 1812 ad
1277 1781 1497 1828 vesperas
1531 1766 1773 1829 acciperet
1808 1769 2093 1830 paramenta

320 1851 367 1897 in
392 1850 673 1913 Papagallo,
699 1848 983 1912 genuflexus
1008 1863 1176 1895 coram
1209 1863 1266 1895 eo
1298 1849 1431 1895 Paris
1465 1849 1524 1896 de
1559 1849 1748 1896 Grassis
1775 1849 1873 1912 qui,
1902 1853 2088 1898 astante

321 1933 410 1980 sibi
437 1932 682 1979 cardinale
708 1932 766 1978 de
794 1930 965 1988 Flisco,
996 1930 1131 1993 petiit
1155 1946 1206 1978 se
1227 1931 1417 1978 admitti
1441 1947 1530 1994 pro
1556 1932 1685 1980 clero
1709 1948 1900 1980 camere
1928 1949 2095 1996 super-

320 2015 627 2063 numerario:
654 2014 818 2062 nescio
843 2014 971 2076 quod
998 2016 1127 2077 Papa
1151 2014 1240 2060 sibi
1266 2015 1532 2077 respondit,
1563 2015 1676 2078 quia
1698 2031 1797 2064 non
1821 2016 1979 2064 audivi
2001 2032 2092 2065 nec

323 2098 434 2146 scivi
459 2099 554 2146 hoc
585 2102 896 2154 eventurum3
931 2096 1034 2154 sed,
1070 2100 1122 2144 ut
1154 2096 1234 2143 alii
1267 2096 1385 2143 mihi
1420 2096 1706 2156 retulerunt,
1742 2097 1874 2146 dedit
1908 2097 1975 2144 illi
2012 2114 2092 2144 re-

324 2182 529 2245 pulsam.

390 2265 475 2312 Die
507 2263 692 2322 martiS,
732 2266 791 2310 26
823 2261 1111 2319 decembriS,
1149 2261 1327 2309 festum
1361 2278 1400 2309 s.
1445 2262 1695 2326 Stephani,
1746 2262 2002 2310 cardinalis
2035 2263 2095 2310 de

323 2349 480 2396 Flisco
521 2346 784 2396 celebravit
829 2346 1029 2393 missam
1076 2345 1345 2393 solemnem
1383 2345 1432 2392 in
1477 2346 1664 2409 capella
1710 2346 1886 2410 majori
1926 2345 2095 2410 palatii

325 2431 601 2495 apostolici,
642 2434 774 2494 Papa
806 2431 1069 2494 presente:
1108 2444 1383 2477 sermonem
1430 2429 1544 2477 fecit
1589 2429 1786 2493 quidam
1829 2430 2092 2493 HispanuS,

324 2531 474 2578 nepos
498 2514 616 2562 alias
641 2517 695 2561 R.
723 2498 777 2560 P.
803 2515 860 2560 D.
889 2511 1149 2570 Francisci,
1175 2512 1389 2575 episcopi
1412 2512 1703 2560 Cauriensis.

390 2598 475 2646 Die
497 2596 743 2655 mercurii,
771 2596 949 2644 festum
976 2611 1013 2642 s,
1047 2594 1281 2642 Johannis
1306 2595 1616 2659 evangeliste,
1650 2599 1820 2644 Rmus.
1858 2597 1914 2644 D.
1943 2595 2099 2644 cardi—

326 2682 448 2730 nalis
473 2680 760 2729 Arborensis
782 2678 1042 2727 celebravit
1063 2678 1260 2726 missam
1284 2678 1551 2727 solemnem
1574 2679 1623 2727 in
1647 2679 1832 2743 capella
1856 2679 2096 2743 predicta,

329 2769 458 2829 Papa
481 2767 739 2829 presente:
770 2777 1047 2812 sermonem
1071 2761 1187 2811 fecit
1211 2761 1408 2825 quidam
1440 2763 1499 2810 de
1532 2764 1734 2821 Savona,
1774 2761 1956 2810 ordinis
1983 2777 2098 2825 pre-

326 2848 616 2897 dicatorum.

389 2931 570 2979 Eadem
592 2931 686 2989 die,
717 2933 826 2994 post
852 2930 1025 2982 horam
1052 2943 1379 2992 vesperarum,
1408 2928 1589 2992 incepit
1613 2927 1774 2977 dolere
1803 2942 1856 2976 os
1882 2925 2096 2975 cavichie

325 3015 459 3080 pedis
481 3013 684 3072 sinistri,
708 3013 816 3061 loco
840 3012 1057 3076 podagre
1082 3012 1196 3060 anni
1222 3013 1463 3075 preteriti.

391 3098 477 3146 Die
502 3095 759 3153 dominica,
789 3098 839 3143 31
871 3094 1162 3153 decembriS,
1187 3094 1380 3143 fuerunt
1400 3109 1597 3158 vespere
1625 3092 1820 3157 papales
1836 3092 1885 3140 in
1910 3093 2097 3157 capella

324 3181 499 3246 majori
524 3178 704 3244 palatii,
736 3180 867 3241 Papa
886 3179 1139 3241 presente3
1162 3181 1209 3224 et
1233 3177 1310 3224 die
1333 3177 1446 3225 lune
1472 3176 1707 3240 sequenti,
1738 3176 1860 3224 festo
1886 3175 2097 3224 circum-

324 3264 537 3323 cisionis,
568 3263 698 3311 dicta
723 3261 871 3309 missa
898 3259 1128 3309 solemnis
1159 3259 1207 3307 in
1232 3259 1431 3324 capella,
1467 3275 1613 3323 quam
1641 3259 1900 3308 celebravit
1926 3262 2093 3306 Rmus.

324 3349 378 3395 D.
410 3346 663 3395 cardinalis
699 3342 1034 3402 Bononiensis,
1073 3346 1121 3390 et
1144 3343 1232 3390 fuit
1268 3344 1371 3407 ejus
1397 3343 1553 3407 prima
1589 3341 1753 3401 missa,
1790 3345 1921 3406 Papa
1946 3341 2095 3390 etiam

322 3435 547 3492 presente
571 3445 579 3476 :
609 3428 881 3478 orationem
906 3426 1018 3474 fecIt
1039 3426 1234 3490 quidam
1262 3426 1412 3474 frater
1447 3425 1638 3474 ordinis
1674 3425 2026 3475 heremitarum
2053 3440 2091 3471 s.
