2228 3938
336 398 404 433 110
943 395 1175 434 JOHANNIS
1208 394 1500 441 BURCHARDI,
1834 395 1988 436 [danvier
2010 398 2104 437 1501]

339 501 467 545 tratu
491 496 707 544 habitum
733 500 782 544 et
806 498 1088 545 sententiam
1123 501 1292 546 contra
1314 514 1364 545 se
1389 497 1538 544 latam
1565 496 1778 545 recitavit
1801 499 1849 544 et
1870 513 1956 560 pro
1976 497 2101 546 illius

339 579 650 643 reparatione
675 567 874 643 injurias
898 583 946 628 et
966 579 1210 629 infamiam
1231 580 1508 644 hujusmodi
1535 579 1790 638 revocavit,
1817 580 1973 628 verbis
1992 597 2103 629 con-

335 662 639 710 venientibus
665 677 882 711 errorem
907 678 1044 711 suum
1069 679 1440 727 recognoscens,
1470 665 1518 710 et
1535 663 1583 710 in
1598 663 1693 710 fine
1720 663 1991 727 subjunxit:
2020 663 2102 711 sed

339 762 469 804 vere,
514 744 734 793 concives
769 745 883 805 mei,
923 761 1031 794 cum
1070 746 1282 796 viderem
1320 746 1576 794 mulierem
1622 746 1754 794 illam
1791 762 1878 809 per
1924 750 2103 795 terram

341 833 590 878 extensam
611 833 659 878 et
680 829 879 877 Paulum
904 844 1049 894 super
1069 830 1197 878 illam
1210 831 1458 894 jacentem
1474 833 1522 877 et
1544 844 1712 878 eorum
1726 829 1935 878 verenda
1955 829 2100 888 nuda,

337 915 381 960 et
410 929 459 961 se
494 915 664 961 mutuo
692 928 938 971 exercere,
966 909 1112 976 pr‘out
1142 913 1190 960 in
1223 917 1331 961 actu
1370 912 1631 961 fornicario
1667 912 1761 960 sive
1792 912 1970 960 carnali
1996 912 2104 959 fieri

339 997 477 1054 solet,
507 995 691 1044 credidi
714 996 918 1043 firmiter
946 1011 1029 1044 eos
1055 996 1330 1061 hujusmodi
1354 999 1515 1044 actum
1537 997 1837 1050 exercuisse;
1864 997 1910 1043 et
1934 995 2000 1043 sic
2018 994 2107 1043 fuit

339 1079 628 1127 novissimus
651 1094 786 1126 error
808 1079 940 1126 Pauli
964 1079 1100 1143 pejor
1124 1080 1272 1143 priori
1300 1079 1378 1143 (1).

407 1184 429 1207 «
458 1165 576 1211 Cum
620 1161 947 1225 superioribus
984 1162 1122 1210 annis
1165 1163 1311 1211 abbas
1352 1168 1399 1210 ct
1441 1167 1704 1210 conventus
1740 1160 2017 1210 monasterii
2057 1160 2106 1208 in

340 1245 726 1308 Wissemburgh,
756 1244 992 1308 Spirensis
1007 1245 1228 1304 diecesis,
1249 1245 1445 1308 quidam
1464 1261 1632 1294 eorum
1656 1249 1701 1293 et
1718 1244 2000 1294 monasterii
2022 1260 2105 1292 seu

340 1329 487 1379 castri
507 1328 743 1376 violenter
758 1328 948 1391 spoliati
968 1328 1172 1376 fuissent
1187 1345 1275 1392 per
1292 1329 1551 1392 quemdam
1570 1329 1840 1378 Johannem
1863 1328 1923 1376 de
1944 1330 2103 1385 Troia,

344 1413 543 1461 militem
567 1415 808 1469 auratum,
840 1413 1109 1459 etMorsam
1132 1415 1180 1460 et
1202 1412 1464 1460 Hem-icum
1484 1413 1628 1471 Pack,
1648 1412 1919 1475 armigeros
1944 1411 2107 1460 favore

346 1496 485 1544 lllmi.
518 1494 708 1543 comitis
731 1493 929 1557 palatini
955 1495 1091 1551 Reni,
1129 1498 1175 1542 et
1207 1495 1274 1542 eis
1301 1510 1386 1558 per
1410 1495 1516 1543 illos
1543 1495 1726 1543 diverse
1751 1494 1928 1559 injurie
1958 1494 2105 1551 illate,

347 1584 393 1626 et
417 1576 822 1641 proptereaidem
842 1575 1005 1633 abbaS,
1036 1577 1093 1623 ad
1117 1580 1379 1624 conventus
1405 1577 1712 1635 sententiam,
1738 1581 1786 1625 et
1809 1593 1911 1625 rem
1926 1576 2112 1640 judica-

346 1665 442 1709 tam
464 1663 637 1708 contra
659 1658 907 1721 predictos
941 1662 1238 1722 reportasset
1268 1662 1315 1706 et
1345 1659 1632 1707 obtinuisset
1661 1674 1744 1707 eos
1768 1660 1829 1706 ob
1861 1675 1958 1707 non
1981 1659 2111 1722 pari-

342 1742 806 1791 tionemlitterarum
823 1740 1218 1788 executorialium
1235 1741 1459 1789 incidisse
1476 1741 1757 1802 sententias,
1771 1757 2002 1790 censuras
2016 1745 2106 1790 etc.

344 1824 601 1882 declarari,
640 1840 696 1871 ac
726 1823 924 1871 eosdem
953 1824 1218 1887 aggravari,
1254 1825 1578 1888 reaggravari,
1628 1825 1752 1883 loca,
1799 1827 1914 1883 etc.‚
1959 1824 2111 1873 inter-

343 1910 437 1958 dici
468 1924 618 1971 usque
656 1907 715 1954 ad
742 1906 1094 1955 invocationem
1122 1907 1283 1955 auxilii
1312 1907 1496 1956 brachii
1525 1907 1756 1956 secularis
1781 1907 2028 1965 inclusive,
2065 1909 2113 1953 et

343 1991 471 2039 idem
503 1990 746 2038 Johannes
782 1989 839 2036 dc
874 1992 1035 2047 Trota,
1067 1977 1312 2038 ¹Iohannes*
1336 1992 1498 2038 Mersa
1532 1994 1580 2038 et
1610 1990 1845 2038 Henricus
1881 2004 2112 2038 censuras

345 2073 627 2138 hujusmodi
667 2072 940 2120 nullatenus
982 2072 1317 2132 formidarent,
1363 2079 1645 2136 procurator
1681 2073 1856 2122 fiscalis
1907 2071 2113 2121 obtinuit

348 2156 585 2205 committi
620 2162 787 2203 contra
811 2171 894 2203 eos
919 2170 1114 2203 causam
1143 2159 1190 2203 et
1216 2155 1492 2204 citationem
1525 2156 1585 2204 ad
1611 2155 1988 2219 comparendum
2009 2170 2114 2219 per-

347 2240 576 2289 sonaliter
596 2239 643 2286 in
674 2241 888 2286 Romana
910 2238 1058 2298 curia,
1086 2254 1252 2287 coram
1287 2239 1502 2287 auditore
1530 2240 1591 2287 ad
1613 2239 1886 2287 docendum
1916 2238 2029 2302 quid
2053 2239 2111 2286 de

346 2324 440 2371 fide
483 2322 717 2371 sentirent
751 2325 798 2370 et
828 2322 1028 2385 aliisque
1072 2322 1120 2369 in
1160 2323 1391 2370 similibus
1421 2323 1535 2387 poni
1572 2326 1937 2371 consueverunt.
1979 2322 2112 2370 Idem

345 2409 367 2454 J
374 2405 592 2454 ohannes
612 2405 670 2453 de
689 2408 848 2464 Trota‚
866 2409 887 2453 J
894 2406 1110 2454 ohannes
1133 2408 1296 2455 Morsa
1317 2409 1365 2455 et
1387 2405 1620 2455 Henricus
1645 2406 1871 2470 componi
1892 2406 2114 2453 fecerunt

344 2489 530 2537 litteras
553 2489 879 2536 excusatorias
902 2489 962 2536 ad
991 2490 1074 2536 SS.
1102 2492 1157 2536 D.
1190 2492 1244 2537 N.
1270 2489 1599 2537 Alexandrum
1630 2492 1808 2553 Papam
1831 2491 1911 2548 Vl,
1938 2503 2030 2552 que
2053 2487 2113 2535 de

349 2587 517 2620 mense
543 2571 770 2619 februarii
797 2572 1012 2635 proxime
1034 2572 1268 2634 preteriti,
1296 2573 1334 2620 si
1356 2577 1487 2621 recte
1512 2571 1730 2631 memini,
1755 2570 2004 2620 Sanctitati
2027 2585 2112 2618 sue

350 2656 861 2719 presentate‘fuerunt,
885 2655 1164 2720 hujusmodi
1189 2656 1387 2715 tenoris,
1414 2656 1473 2704 de
1498 2656 1639 2705 verbo
1664 2654 1725 2703 ad
1745 2654 1940 2704 verbum
1966 2669 1975 2702 :

418 2760 439 2783 «
478 2738 792 2786 Sanctissimo
830 2738 878 2786 in
906 2738 1097 2786 Christo
1143 2739 1269 2787 Patri
1303 2744 1350 2787 et
1385 2739 1590 2787 Domino
1624 2737 1917 2797 Alexandro,
1956 2735 2112 2785 divina

347 2822 649 2886 providentia
681 2821 903 2869 Pontifici
935 2822 1164 2882 maximo,
1191 2822 1435 2870 Johannes
1461 2822 1519 2870 de
1550 2824 1695 2869 Trota
1722 2835 1869 2883 eques
1894 2824 2107 2878 auratus,

346 2905 594 2954 ‚lohannes
618 2907 779 2953 Morsa
804 2909 851 2953 et
879 2905 1113 2953 Henricus
1139 2904 1280 2964 Pack,
1309 2904 1554 2967 armigeri,
1578 2906 1686 2967 post
1711 2900 1944 2950 humilem
1967 2904 2112 2950 Sanc-

351 2988 499 3037 titatis
521 2989 676 3035 vestre
698 2987 875 3050 pedum
901 2986 1274 3046 osculationem;
1293 2986 1420 3035 venit
1438 2983 1498 3034 ad
1519 3002 1625 3046 nos,
1649 2983 1925 3034 beatissime
1949 2988 2108 3044 Pater,

347 3087 435 3134 per
458 3070 595 3118 triste
616 3085 800 3133 ‘novum
825 3085 919 3132 quo
948 3070 1182 3118 certiores
1202 3070 1315 3118 facti
1340 3085 1522 3130 sumus,
1547 3085 1634 3117 nos
1656 3084 1683 3116 a
1708 3068 1857 3116 fiscali
1880 3068 2114 3116 Sanctita-

348 3153 408 3199 tis
444 3157 601 3200 vestre
637 3152 698 3200 ad
732 3153 908 3201 Urbem
947 3169 1052 3200 esse
1087 3153 1275 3212 citatos,
1303 3152 1422 3200 utin
1445 3151 1649 3216 propriis
1687 3151 1907 3216 personis
1947 3167 2110 3199 coram

350 3232 569 3285 auditore
607 3237 872 3285 camerario
905 3235 1219 3300 comparituri
1254 3237 1515 3285 doceamus
1548 3253 1636 3285 nos
1665 3236 1952 3285 christianos
1984 3251 2108 3295 esse,

349 3335 404 3367 ac
431 3319 466 3367 si
501 3319 614 3382 quid
637 3319 743 3368 novi
771 3320 828 3367 de
866 3319 959 3368 fide
997 3320 1278 3378 sentiamus,
1308 3319 1529 3383 'alioquin
1562 3319 1804 3369 hereticos
1830 3324 1875 3369 et
1899 3318 2111 3383 predicte

398 3506 427 3542 1.
457 3505 504 3541 Ce
521 3505 748 3554 paragraphe
770 3505 862 3542 n'est
876 3503 996 3541 donne
1016 3515 1086 3552 que
1107 3515 1172 3552 pur
1191 3502 1243 3541 les
1261 3515 1348 3541 mss.
1371 3503 1491 3552 Chigi,
1512 3504 1658 3547 55:²24,
1676 3507 1710 3541 et
1734 3503 1860 3541 13737.
