2228 3938
338 399 410 438 204
956 396 974 433 J
980 395 1139 434 OHANN
1144 395 1188 432 IS
1221 394 1516 438 BURCHARDI,
1886 397 1993 437 [Mars
2014 398 2111 440 1502]

341 500 498 566 puelle
517 499 784 551 maritande
807 498 948 548 ducte
971 515 999 548 a
1018 499 1251 548 matronis
1268 498 1537 562 deputatis:
1570 512 1663 561 que
1681 497 1839 561 puelle
1858 497 2109 561 genuflexa

340 586 633 648 receperunt
659 583 717 631 de
744 583 850 646 ejus
874 598 1019 631 manu
1053 578 1254 631 dextera
1277 582 1464 645 singule
1490 580 1702 644 singulas
1727 580 1897 629 bursas
1929 586 1976 635 et
2007 582 2110 646 ejus

334 683 535 715 ⁴manum
558 671 668 716 sunt
690 666 920 714 osculate.
948 668 1051 722 Quo
1072 667 1214 724 facto,
1239 667 1542 714 recesserunt
1563 679 1750 723 omneS,
1771 664 1963 712 visitata
1983 664 2111 727 prius

339 767 427 815 per
453 766 624 799 omnes
649 749 918 797 cardinales
941 748 1083 797 simul
1103 748 1358 797 cardinalis
1379 747 1679 811 Neapolitani
1700 747 1900 811 capella.
1925 747 2113 803 Chorus

339 835 426 883 fuit
452 837 649 898 paratus
673 833 843 897 pannis
869 832 1029 881 aureis
1051 835 1177 896 Pape
1199 837 1246 882 et
1270 847 1469 880 scamna
1489 830 1807 879 cardinalium
1829 836 1876 879 et
1897 831 2112 894 prelato-v

337 934 444 966 rum
460 918 572 966 'aliis
594 917 762 981 pannis
788 920 833 964 et
853 916 1134 965 bancalibus
1154 915 1520 974 convenienter,
1546 917 1594 962 et
1613 916 1799 977 tapetes
1826 928 1913 976 per
1933 916 2111 962 terram

339 1003 474 1050 strati
495 1010 603 1066 ‘per
636 1005 789 1051 totum
826 999 1045 1048 chorum.
1083 1002 1213 1048 Inter
1244 999 1514 1048 cardinales
1547 1001 1733 1046 tantum
1761 1000 1956 1046 senator
1993 997 2115 1051 sedit

339 1085 469 1134 solus
490 1086 539 1134 in
559 1085 714 1133 banco
736 1083 1041 1133 transversali
1063 1088 1171 1131 ante
1196 1083 1467 1131 cancellum
1495 1081 1630 1130 chori
1654 1081 1702 1128 in
1725 1080 1820 1128 fine
1848 1080 2113 1129 bancorum

339 1168 650 1232 prelatorum,
677 1167 790 1231 quia
809 1167 937 1231 quod
959 1166 1018 1215 ab
1043 1166 1135 1214 alio
1155 1166 1323 1225 latere,
1353 1170 1462 1229 post
1486 1165 1692 1213 bancum
1714 1164 2112 1228 presbyterorum

343 1252 656 1301 cardinalium
678 1251 904 1301 consuevi
926 1265 1125 1314 ponere,
1153 1266 1251 1298 non
1271 1249 1426 1314 potuit
1452 1248 1516 1296 ibi
1546 1231 1896 1312 starepropter
1918 1262 2114 1296 scamna

342 1334 740 1399 presbyterorum
763 1333 1078 1382 cardinalium
1101 1349 1252 1396 usque
1276 1333 1388 1381 illuc
1409 1331 1580 1396 posita.
1611 1333 1789 1379 Omnes
1813 1330 1984 1394 prelati
2009 1330 2113 1385 fue-

341 1421 451 1470 runt
481 1417 646 1481 cappis
679 1416 884 1482 [parati]‚
921 1417 1140 1465 similiter
1170 1420 1218 1464 et
1252 1415 1346 1463 duo
1380 1414 1630 1478 apostolici
1656 1414 1736 1477 qui
1772 1414 2108 1471 interfuerunt,

337 1500 629 1548 videlicet‘D.
658 1499 930 1547 Bonifacius
945 1499 1005 1547 de
1023 1501 1187 1546 Castro
1207 1499 1366 1546 Oterio
1384 1501 1431 1546 et
1453 1500 1508 1546 D.
1531 1497 1854 1546 Bernardinus
1873 1496 2113 1551 Gambara

333 1582 515 1647 junior,
542 1582 622 1645 qui
648 1582 878 1630 sederunt
902 1581 950 1628 in
973 1582 1187 1629 secundo
1210 1581 1362 1644 gradu
1383 1580 1565 1638 altaris,
1595 1580 1643 1627 in
1666 1595 1814 1628 cornu
1843 1579 2076 1643 evangelii
2098 1595 2108 1638 ;

339 1671 563 1716 cantores
589 1667 718 1729 Pape
744 1669 980 1714 steterunt
1013 1668 1141 1714 retro
1166 1664 1317 1712 altare
1345 1663 1519 1727 majUS,
1548 1665 1797 1712 cantantes
1825 1662 1927 1711 sine
1950 1678 2115 1726 super-

336 1749 568 1814 pelliciis:
595 1749 688 1798 alio
714 1762 852 1797 more
877 1747 1035 1796 solito.
1964 1730 1970 1733 i

335 1873 339 1876 .
403 1832 546 1882 Feria
580 1835 774 1895 quarta,
813 1834 874 1880 30
914 1830 1093 1880 mensis
1129 1831 1289 1879 martii
1326 1829 1550 1894 predicti,
1592 1829 1858 1878 Ludovicus
1892 1829 2110 1888 Muscha,

334 1915 492 1974 ‚mileS,
520 1915 635 1963 civis
657 1917 922 1973 RomanUS,
947 1914 1163 1977 scriptor
1179 1914 1450 1984 litterarum
1475 1912 1810 1977 penitentiarie
1829 1912 2109 1976 apostolice,

337 1998 617 2062 capitaneus
650 1998 792 2044 unius
816 1997 953 2060 galee
980 1999 1062 2045 SS.
1096 2000 1153 2045 D.
1181 1996 1334 2046 nostri
1363 1999 1510 2060 Pape,
1537 1996 1618 2060 qui
1641 1995 1752 2043 heri
1783 1995 1912 2043 circa
1939 1995 2114 2044 horam

338 2081 530 2130 tertiam
558 2081 701 2128 vitam
733 2080 902 2140 finivit,
930 2080 1126 2129 indutus
1149 2095 1272 2129 novo
1303 2080 1516 2143 diploide
1537 2080 1752 2127 broccati
1777 2079 1878 2127 auri
1903 2083 1951 2127 et
1974 2079 2113 2127 desu-

338 2181 425 2229 per
450 2167 580 2213 veste
602 2164 660 2211 de
686 2163 863 2212 velluto
882 2164 1096 2212 violaceo
1124 2178 1266 2222 nova,
1295 2179 1462 2212 ensem
1489 2163 1743 2227 pulchram
1774 2166 1945 2211 tenens
1971 2177 2115 2226 super

336 2252 506 2312 pectus
532 2250 580 2295 et
602 2247 813 2295 calcaria
829 2246 1056 2295 inaurata
1075 2247 1125 2294 in
1144 2247 1345 2310 pedibus
1369 2250 1416 2294 et
1439 2251 1647 2309 quatuor
1671 2245 1840 2293 anulos
1866 2261 2040 2293 aureos
2066 2245 2113 2293 in

338 2331 517 2394 digitis,
548 2329 923 2394 precedentibus
948 2330 1267 2394 quadraginta
1293 2329 1549 2378 intorticiis
1577 2333 1624 2377 et
1647 2329 1958 2392 sequentibus
1988 2328 2113 2376 mul-

339 2415 397 2462 tis
433 2414 652 2472 funestiS‚
692 2417 907 2477 portatus
947 2417 1019 2461 est
1053 2414 1112 2461 de
1147 2414 1293 2461 domo
1327 2429 1413 2461 sua
1439 2414 1577 2477 juxta
1609 2412 1846 2460 Zeccham
1885 2412 2028 2460 sitam
2063 2411 2112 2459 in

338 2496 601 2560 parrochia
633 2512 671 2543 s.
704 2495 933 2558 Stephani
957 2496 1016 2543 de
1052 2496 1290 2544 Piscinola
1322 2496 1369 2543 in
1397 2495 1597 2560 regione
1625 2496 1685 2543 ad
1713 2497 1946 2558 Campum
1974 2494 2112 2542 Flore

336 2583 384 2628 et
407 2579 456 2626 in
474 2578 600 2626 illius
621 2578 778 2641 capite
798 2594 962 2638 versus
987 2579 1186 2626 domum
1205 2579 1263 2626 de
1286 2581 1414 2642 Capo
1437 2578 1495 2626 de
1516 2581 1665 2627 Ferro
1688 2580 1736 2625 et
1756 2577 1866 2625 inde
1886 2593 1974 2640 per
1995 2578 2112 2624 Are-

336 2662 498 2710 nulam
535 2661 609 2710 via
642 2664 776 2710 recta
811 2661 872 2709 ad
912 2662 1093 2710 dictam
1132 2662 1388 2711 ecclesiam
1431 2678 1470 2709 s.
1515 2660 1765 2725 Stephani,
1805 2660 2110 2723 parrochiam

338 2760 493 2803 suam,
521 2744 567 2792 in
591 2760 685 2807 qua
706 2760 817 2792 cum
838 2744 1070 2808 diploide,
1100 2747 1249 2804 veste,
1275 2761 1409 2804 ense,
1434 2748 1483 2793 et
1508 2744 1773 2792 calcaribus
1798 2743 2030 2808 predictis
2054 2757 2110 2790 ac

338 2844 432 2876 uno
458 2827 619 2885 anulo,
652 2828 806 2874 tribus
831 2827 935 2875 aliis
959 2828 1113 2875 anulis
1138 2828 1228 2875 sibi
1257 2828 1498 2887 extractis,
1527 2832 1599 2876 est
1627 2827 1858 2890 sepultus,
1885 2825 2111 2873 Associa-

338 2916 414 2960 tus
440 2910 528 2958 fuit
548 2925 728 2973 magna
748 2909 973 2957 comitiva
996 2910 1283 2968 honorifice,
1308 2910 1414 2972 plus
1436 2926 1578 2972 quam
1602 2909 1771 2972 aliquis
1795 2912 2041 2956 Romanus
2065 2908 2112 2956 in

337 2993 502 3041 multis
529 2991 684 3040 annis.
723 2991 811 3038 Hic
835 2991 966 3050 fecit,
993 2991 1068 3039 die
1092 2992 1205 3040 lune
1234 2992 1450 3055 proxime
1484 2992 1715 3056 preterita
1742 2995 1800 3040 28
1828 2992 1990 3057 hujus,
2018 2999 2111 3042 tes-

336 3078 604 3123 tamentum
627 3073 685 3121 de
712 3088 950 3121 consensu
977 3075 1127 3137 patris
1153 3078 1201 3123 et
1226 3075 1393 3123 matris
1418 3090 1634 3134 suorum,
1665 3076 1712 3123 in
1738 3091 1833 3139 quo
1859 3078 1985 3125 inter
2014 3077 2110 3128 alia

338 3157 571 3218 ordinavit
592 3156 767 3204 debere
790 3156 985 3219 sepeliri
1003 3157 1050 3204 in
1071 3158 1237 3206 habitu
1256 3163 1301 3206 et
1324 3157 1532 3206 vestibus
1554 3159 1911 3222 supradictis-et
1929 3160 2110 3222 portari

339 3244 450 3289 ante
476 3254 586 3287 eum
609 3238 853 3286 intorticia
876 3240 1178 3302 supradicta;
1204 3244 1252 3288 et
1276 3244 1566 3289 testamento
1587 3242 1866 3306 hujusmodi
1892 3242 2105 3301 condit0‚

340 3324 452 3372 fecit
480 3321 646 3370 venire
671 3336 835 3369 coram
861 3337 911 3368 se
936 3322 1167 3370 vellutum
1195 3323 1460 3372 violaceum
1489 3325 1547 3372 de
1573 3340 1723 3388 grano
1754 3329 1802 3373 et
1829 3325 1888 3374 de
1913 3340 1971 3374 eo
1998 3325 2109 3381 abs-¹

339 3405 465 3453 cindi
488 3419 668 3452 cannas
690 3409 895 3467 quatuor
914 3419 1005 3468 pro
1022 3410 1154 3454 veste
1176 3407 1453 3470 supradicta
1475 3411 1521 3454 et
1537 3409 1716 3471 petiam
1735 3423 1879 3456 unam
1897 3407 2109 3456 broccati

338 3489 441 3538 auri
471 3491 518 3535 et
549 3487 608 3535 de
639 3502 696 3534 eo
726 3486 944 3535 abscindi
973 3503 1118 3536 unam
1149 3505 1352 3538 cannam
1377 3506 1463 3554 pro
1492 3491 1704 3555 diploide
1731 3491 2030 3555 supradicto,
2063 3491 2111 3540 in
