2228 3938
198 389 368 430 [octobre
389 388 482 429 1501]
636 384 806 423 RERUM
838 381 1145 421 URBANARUM
1176 379 1528 418 COMMENTARII.
1907 380 1976 416 167

260 490 442 538 Eadem
469 489 546 537 die
585 487 672 536 fuit
707 484 1050 535 consistorium
1084 487 1328 532 secretum
1368 483 1417 530 in
1456 499 1552 546 quo
1594 484 1677 531 SS.
1709 485 1766 531 D.
1805 485 1974 531 noster

194 574 449 623 constituit
499 576 693 638 gentem
738 570 959 634 Borgiam
1002 571 1260 633 patronam
1305 566 1496 615 abbatie
1541 566 1872 624 Sublacensis‚
1925 571 1974 614 et

193 657 406 706 decrevit
431 658 512 721 jus
535 657 820 721 patronatus
858 657 904 701 et
928 651 1241 717 presentandi
1265 651 1325 699 ad
1355 650 1554 699 eosdem
1579 650 1780 714 Borgias
1803 665 1975 714 perpe-

196 742 287 789 tuis
316 741 490 790 futuris
522 738 824 804 temporibus
855 742 1078 802 spectare
1104 741 1150 784 et
1186 736 1451 800 pertinere,
1492 734 1529 781 si
1558 750 1671 782 vera
1714 734 1834 783 mihi
1861 737 1974 783 sunt

194 825 365 874 relata.

256 908 528 966 Dominica‚
562 906 731 955 ultima
761 905 940 953 mensis
973 902 1202 961 octobriS‚
1232 902 1391 967 vigilia
1421 901 1643 950 omnium
1668 904 1969 959 sanctorum,

193 991 400 1040 mutatio
438 1005 728 1056 capparum3
760 989 876 1038 licet
908 987 1076 1037 RRmi-
1113 990 1211 1036 DD.
1254 986 1531 1035 cardinales
1565 985 1745 1034 scirent
1783 986 1866 1033 SS.
1914 988 1970 1033 D.
2015 1042 2021 1045 .

193 1081 413 1124 nostrum
445 1091 543 1124 non
562 1077 820 1123 venturum
842 1073 903 1121 ad
925 1088 1170 1137 vesperas,
1205 1071 1523 1119 nihilominus
1545 1084 1716 1118 omnes
1740 1074 1974 1118 venerunt

192 1161 252 1208 ad
305 1174 553 1208 cameram
600 1157 862 1222 Papagassi,
910 1158 991 1205 ubi
1038 1160 1212 1220 postea
1263 1158 1666 1218 expectaverant3
1712 1153 1975 1201 cardinalis

190 1243 570 1307 Caputaquensis
590 1243 650 1291 de
667 1257 866 1291 camera
887 1243 1017 1305 Pape
1037 1240 1236 1288 veniens
1258 1255 1317 1288 ex
1339 1237 1685 1287 commissione
1707 1239 1838 1300 Pape
1858 1236 1975 1284 dixit

191 1325 515 1374 cardinalibus
533 1326 661 1389 quod
686 1325 816 1373 irent
837 1325 898 1372 ad
925 1323 1164 1388 capellam
1198 1323 1259 1371 ad
1286 1338 1542 1386 vesperas,
1569 1320 1701 1384 quod
1732 1320 1971 1369 fecerunt.

191 1413 357 1458 Rmus,
394 1412 452 1458 D.
488 1409 748 1458 cardinalis
782 1425 822 1457 s,
851 1407 1088 1457 Praxedis·
1104 1408 1152 1455 in
1186 1407 1448 1455 crastinum
1484 1404 1823 1454 celebraturus
1863 1404 1975 1454 fecit

191 1492 407 1542 officium
428 1509 565 1542 more
585 1493 746 1542 solito.

259 1579 311 1625 ln
349 1593 458 1626 sero
501 1577 726 1626 fecerunt
772 1593 945 1626 cenam
989 1592 1100 1625 cum
1141 1576 1261 1624 duce
1302 1574 1651 1624 Valentinense
1700 1573 1748 1620 in
1778 1587 1976 1622 camera

195 1676 299 1720 sua,
324 1660 373 1708 in
402 1660 586 1724 palatio
605 1661 890 1725 apostolico,
920 1660 1270 1724 quinquaginta
1294 1657 1584 1706 meretrices
1613 1657 1838 1715 honeste,
1864 1671 1976 1704 cor-

196 1743 390 1807 tegiane
416 1747 696 1808 nuncupate
725 1744 805 1810 (1),
831 1759 924 1808 que
946 1748 1056 1808 post
1088 1758 1261 1791 cenam
1296 1745 1619 1791 coreaverunt
1647 1756 1757 1789 cum
1780 1740 1978 1789 servito-

198 1827 330 1875 ribus
358 1832 406 1876 et
434 1827 540 1875 aliis
564 1827 744 1876 ibidem
775 1827 1111 1887 existentibus,
1139 1826 1297 1891 primo
1319 1826 1368 1873 in
1400 1825 1611 1874 vestibus
1642 1825 1765 1883 suis3
1800 1823 1975 1873 deinde

196 1910 342 1960 nude.
378 1912 490 1959 Post
520 1926 693 1960 cenam
729 1911 888 1975 posita
922 1911 1121 1959 fuerunt
1153 1910 1307 1959 cande
1342 1909 1480 1957 labra
1519 1908 1798 1957 communia
1844 1923 1979 1956 men-

194 2009 246 2042 se
270 1994 319 2042 in
340 1994 556 2043 candelis
580 1995 859 2043 ardentibus
891 2011 980 2059 per
1006 1998 1206 2053 terram,
1232 1999 1280 2042 et
1306 1994 1530 2058 projecta
1552 1997 1662 2041 ante
1689 1992 1980 2041 candelabra

193 2093 282 2142 per
314 2082 496 2126 terram
519 2083 746 2127 castanee
764 2094 884 2142 quas
914 2078 1204 2127 meretrices
1232 2077 1335 2142 ipse
1358 2093 1506 2141 super
1531 2077 1756 2124 manibus
1778 2079 1827 2125 et
1846 2075 1980 2140 pedi-

191 2160 296 2218 buS‚
329 2161 473 2220 nude,
510 2161 806 2210 candelabra
825 2165 1245 2226 pertranseunteS,
1272 2161 1585 2226 colligebant,
1615 2163 1762 2224 Papa,
1788 2160 1912 2207 duce
1932 2164 1980 2208 et

194 2247 250 2293 D.
298 2245 524 2294 Lucretia
566 2261 733 2295 sorore
775 2261 861 2294 sua
902 2246 1211 2310 presentibus
1259 2249 1307 2294 et
1350 2245 1718 2309 aspicientibus
1763 2244 1978 2292 Tandem

195 2329 411 2392 exposita
429 2329 557 2377 dona
578 2328 764 2390 ultima,
790 2329 1029 2393 diploides
1051 2328 1110 2378 de
1133 2329 1309 2388 serico,
1333 2329 1471 2393 paria
1501 2328 1783 2392 caligarum,
1827 2327 1979 2376 bireta

195 2416 243 2459 et
264 2411 359 2459 alia
389 2427 478 2474 pro
507 2412 599 2459 illis
636 2413 717 2476 qui
749 2413 930 2477 pluries
964 2413 1115 2461 dictas
1146 2413 1434 2461 meretrices
1462 2408 1720 2460 carnaliter
1742 2426 1979 2474 agnosce-

197 2501 325 2556 rent;
351 2512 445 2560 que
466 2496 662 2545 fuerunt
678 2497 858 2546 ibidem
881 2498 931 2545 in
958 2496 1069 2544 aula
1101 2496 1293 2560 publice
1320 2497 1582 2546 ‘carnaliter
1604 2498 1807 2545 tractate
1846 2495 1979 2544 arbi-

195 2579 286 2628 trio
307 2579 627 2644 presentium,
653 2579 781 2628 dona
801 2579 1058 2628 distributa
1077 2579 1339 2628 victoribus
1363 2579 1444 2645 (2).
1632 2574 1639 2580 “

242 2728 276 2764 1.
303 2727 398 2776 Voy.
420 2727 725 2776 precedemment,
747 2731 774 2764 t.
798 2727 843 2773 11,
866 2739 901 2776 p.
927 2728 1008 2772 442,
1036 2730 1120 2763 note
1143 2729 1176 2772 1,
1197 2727 1241 2763 de
1262 2730 1358 2763 cette
1378 2726 1528 2762 edition.

225 2789 276 2825 2.
303 2787 354 2824 Le
374 2787 536 2836 banquet
555 2786 620 2824 des
641 2787 836 2836 cinquante
856 2786 1085 2823 courtisanes
1109 2790 1166 2823 est
1193 2786 1366 2823 contii-me
1394 2797 1460 2834 par
1486 2785 1691 2823 Matarazzo
1711 2787 1773 2834 qui
1795 2786 1979 2823 substitue

195 2848 260 2884 des
288 2848 416 2884 dames
442 2851 478 2883 et
508 2847 574 2884 des
601 2846 793 2895 seigneurs
813 2847 859 2883 de
886 2846 920 2883 la
948 2858 1037 2882 cour
1068 2858 1139 2883 aux
1171 2846 1399 2883 courtisanes
1433 2850 1468 2882 et
1497 2857 1571 2882 aux
1600 2845 1716 2882 valets
1746 2847 1796 2883 du
1821 2846 1910 2884 recit
1936 2846 1980 2882 de

196 2905 385 2943 Burchard
422 2907 545 2951 (Arch.
568 2907 666 2944 Scor.
685 2907 786 2953 Ital„
808 2911 835 2943 t.
857 2906 954 2952 XVI,
978 2918 1014 2955 p.
1038 2907 1136 2953 189),
1158 2918 1223 2954 par
1241 2905 1276 2942 la
1296 2905 1398 2942 lettre
1422 2906 1466 2942 de
1487 2905 1598 2942 silvio
1619 2906 1752 2943 Savelli
1774 2906 1981 2955 reproduite

194 2966 275 3014 plus
295 2965 369 3002 loin
391 2968 412 3002 a
437 2966 471 3002 la
494 2966 576 3003 date
608 2966 657 3002 du
689 2968 730 3003 15
760 2965 956 3003 novembre
984 2967 1069 3002 1501
1097 2970 1132 3003 et
1164 2966 1304 3002 inseree
1337 2977 1402 3015 par
1432 2965 1572 3002 Sanuto
1602 2966 1695 3002 dans
1728 2978 1795 3003 son
1817 2965 1978 3014 Journal,

194 3025 291 3062 enfin
314 3037 381 3074 par
411 3025 582 3062 l'orateur
605 3025 775 3062 florentin
794 3026 995 3063 Francesco
1022 3025 1126 3074 Pepi,
1156 3026 1248 3062 dans
1274 3025 1308 3062 la
1334 3026 1496 3074 depeche
1524 3025 1692 3062 suivante
1715 3025 1885 3062 adressee
1906 3028 1928 3062 a
1947 3025 1981 3061 la

194 3084 426 3133 Seigneurie.
461 3087 561 3122 Dans
593 3089 686 3122 cette
705 3086 866 3134 depecbe
895 3085 920 3121 il
950 3085 1044 3122 n’est
1064 3085 1129 3122 fait
1154 3085 1324 3131 mention,
1341 3088 1363 3121 a
1391 3085 1426 3122 la
1445 3085 1574 3130 verite,
1595 3097 1666 3134 que
1686 3086 1730 3122 de
1766 3097 1977 3130 coureuses,

194 3146 410 3190 cantom'ere,
435 3148 471 3181 et
497 3145 542 3181 de
556 3145 797 3191 courtisanes,
807 3147 1021 3191 cortiqiane,
1034 3145 1203 3194 appelees
1215 3157 1262 3181 au
1279 3144 1426 3182 Vatican
1438 3157 1503 3193 par
1517 3145 1630 3183 Cesar
1644 3145 1780 3193 Borgia
1794 3145 1854 3193 qui
1868 3156 1981 3193 passa

198 3202 233 3238 la
251 3203 333 3240 nuit
348 3215 393 3240 en
414 3204 630 3253 compagnie
653 3204 699 3241 de
720 3216 786 3241 son
807 3208 892 3253 pere
911 3207 933 3241 a
953 3205 1088 3241 danser
1107 3209 1144 3241 et
1164 3208 1186 3241 a
1204 3204 1274 3241 rire
1296 3216 1384 3241 avec
1403 3216 1462 3241 ces
1489 3204 1684 3241 dernieres.
1710 3219 1774 3242 «...
1799 3205 1839 3240 In
1860 3207 1981 3252 questi

196 3261 234 3296 (Ιί
254 3267 290 3299 et
313 3263 358 3299 de
378 3263 503 3300 Sancti
531 3268 568 3300 et
592 3263 637 3300 de
654 3264 764 3301 Morti
784 3263 808 3300 il
829 3265 930 3312 Papa
957 3276 1030 3300 non
1055 3275 1074 3300 e
1103 3268 1237 3301 venuto
1264 3275 1285 3300 o
1306 3264 1341 3299 in
1362 3263 1409 3300 S.
1435 3264 1542 3300 Piero
1569 3275 1590 3300 ο
1615 3264 1649 3299 in
1671 3263 1843 3312 Cappella
1863 3275 1928 3312 per
1948 3263 1981 3299 la

199 3331 303 3367 scesa
320 3321 441 3358 bebba
459 3334 481 3359 a
499 3323 619 3371 questi
651 3323 700 3368 di,
721 3323 842 3372 quale,
878 3325 1008 3361 bench&
1034 3324 1068 3360 lo
1087 3324 1285 3370 impedisce
1315 3324 1363 3360 du
1390 3328 1532 3370 questo,
1561 3334 1633 3360 non
1661 3325 1750 3369 pero*
1770 3325 1803 3359 lo
1839 3324 1978 3368 impedi

200 3379 384 3416 domenica
413 3386 514 3418 nocte
528 3393 599 3428 per
617 3383 653 3419 la
674 3385 763 3419 vilia
783 3383 865 3431 (sic)
887 3383 1131 3430 d’oqnisancti
1150 3384 1307 3429 veqliarc
1335 3385 1449 3429 infino
1469 3395 1491 3418 a
1516 3383 1583 3419 XII
1607 3383 1692 3417 hore
1719 3393 1783 3417 con
1812 3382 1840 3417 il
1869 3382 1978 3429 duca,

201 3439 307 3484 quale
331 3439 442 3476 havea
479 3441 574 3485 sacto
601 3443 721 3478 venire
749 3444 790 3478 in
816 3444 945 3478 Palazo
968 3443 1005 3478 la
1029 3447 1130 3478 nocte
1161 3453 1298 3478 ancora
1330 3444 1552 3485 rumonim-e,
1573 3442 1788 3486 cortigiam,
1823 3445 1855 3476 et
1883 3444 1979 3476 lucta

200 3501 301 3533 nocte
331 3499 489 3534 stierono
520 3501 558 3535 in
593 3501 752 3546 veqqhia
777 3505 811 3537 ec
833 3502 921 3538 balli
941 3507 973 3537 et
997 3504 1137 3538 νὶεο...
1164 3501 1292 3545 Rome,
1320 3500 1376 3536 die
1400 3501 1421 3535 4
1450 3499 1664 3535 Novembris
1694 3500 1797 3545 MDI,
1820 3499 1982 3537 Servitor
