2228 3938
321 352 390 389 224
929 350 1163 388 JOHANNIS
1200 348 1496 396 BURCHARDI,
1765 349 1981 393 [Decembre
2003 356 2099 397 1502]

322 455 512 503 duobus
543 455 757 502 millibus
791 455 976 503 ducatis
1005 453 1236 502 vendidit.
1267 456 1370 502 Non
1393 453 1461 501 fui
1496 458 1693 503 vocatus
1726 455 1787 503 ad
1810 455 1905 504 hoc
1930 456 2096 514 sunus3

326 535 410 585 sed
449 540 504 585 D.
538 538 879 598 Bernardinus,
915 538 1073 587 socius
1113 553 1250 586 meus
1276 536 1374 600 qui,
1411 542 1463 585 ut
1495 540 1666 601 postea
1693 538 1928 597 intellexi,
1967 555 2101 588 com-

324 619 454 668 misit
476 635 698 668 errorem
720 639 728 668 :
747 621 863 669 fecit
877 621 1006 669 enim
1024 636 1107 668 seu
1127 618 1564 683 permisitnepotes
1578 623 1626 668 et
1640 620 1872 668 familiam
1883 615 2100 670 ⁴defuncti

322 717 410 765 per
446 702 671 766 prelatos
706 703 929 752 invitatos
956 703 1014 751 de
1040 702 1334 752 ecclesia-ad
1351 704 1551 752 domum
1576 703 1795 768 ejusdem
1821 704 2103 753 reassociari

323 790 487 847 preter
509 786 687 834 bonam
718 786 1122 835 c'Onsuetudinem
1151 786 1281 850 quod
1301 787 1390 835 fuit
1422 787 1734 851 postmodum
1762 782 2015 851 receptum
2044 787 2104 836 ab

323 868 430 916 aliis
456 868 503 915 in
529 870 823 933 exemplum.

388 952 518 1000 Obiit
552 953 702 1001 etiam
731 954 809 1001 his
840 953 1009 1002 diebus
1042 954 1346 1002 venerandus
1370 957 1527 1017 pater,
1558 953 1711 1002 frater
1731 952 1978 1002 Johannes
2007 956 2106 1003 An-

324 1036 482 1084 tonius
501 1037 827 1086 Viterbiensis
857 1036 1041 1085 ordinis
1074 1038 1462 1101 predicatorum,
1495 1039 1730 1103 magister
1762 1039 1889 1088 sacri
1917 1032 2102 1103 palatii,

321 1121 460 1185 cujus
482 1120 644 1169 anima
667 1121 945 1184 requiescat
969 1122 1017 1169 in
1041 1136 1174 1185 pace.
1199 1123 1373 1170 Amen.

388 1202 514 1252 Obiit
537 1219 727 1267 quoque
749 1207 860 1252 ante
886 1204 1095 1252 reditum
1118 1219 1283 1251 meum
1305 1204 1366 1252 ad
1385 1205 1583 1264 Urbem,
1611 1208 1665 1253 R.
1690 1207 1740 1253 P.
1768 1205 2098 1267 Sebastianus,

321 1286 719 1351 archiepiscopus
735 1287 1027 1337 Nicosiensis
1045 1288 1093 1335 in
1113 1288 1260 1346 Urbe,
1281 1304 1369 1351 per
1388 1288 1729 1353 cujus-obitum
1751 1290 1834 1336 SS.
1857 1290 1914 1336 D.
1936 1291 2104 1336 noster

320 1368 527 1432 providit
548 1369 752 1438 ecclesie
778 1370 1046 1419 Nicosiensi
1072 1373 1129 1418 D.
1154 1370 1575 1418 Aldobrandinum
1603 1370 1782 1430 Orsini,
1814 1371 1987 1420 solute.

387 1452 617 1511 Sabbato,
658 1457 719 1501 26
759 1454 979 1518 ejusdem
1016 1453 1196 1503 mensis
1230 1453 1526 1512 novembris,
1560 1457 1709 1502 Rmus
1749 1457 1804 1502 D.
1845 1454 2103 1503 cardinalis

320 1536 380 1583 de
410 1535 658 1596 Farnesio,
688 1536 875 1600 legatus
903 1536 1119 1584 Marchie
1143 1535 1446 1584 Anconitane
1477 1536 1535 1584 de
1560 1534 1727 1585 mense
1755 1536 1967 1585 octobris
1996 1552 2104 1600 pro-

319 1617 445 1664 xime
471 1617 704 1681 preterito
731 1617 1012 1682 designatus
1038 1621 1085 1666 et
1116 1616 1403 1680 publicat'uS,
1441 1620 1643 1668 recessit
1677 1637 1735 1668 ex
1769 1621 1914 1680 Urbe,
1950 1620 2103 1668 iturus

321 1701 700 1765 adlegationem
722 1717 860 1750 suam
885 1701 1133 1765 provincie
1158 1702 1392 1765 predicte.
1922 1699 1925 1701 ’

386 1785 642 1834 Dominica
673 1786 835 1850 prima
863 1786 1096 1834 adventus
1125 1785 1335 1846 Domini,
1371 1788 1429 1833 27
1457 1785 1572 1834 dicti
1597 1785 1778 1835 mensis
1803 1780 2100 1845 novembris,

315 1872 374 1916 R.
398 1871 449 1916 P.
477 1871 532 1916 D.
556 1870 742 1926 Petrus,
765 1868 1023 1932 episcopus
1039 1868 1320 1927 CalmensiS,
1342 1868 1597 1918 celebravit
1618 1870 1817 1918 missam
1836 1864 2105 1918 solemnem

321 1967 407 2001 seu
443 1952 690 2015 publicam
722 1952 770 1999 in
802 1952 989 2016 capella
1017 1952 1208 2016 majori,
1230 1943 1375 2015 'Papa
1407 1956 1663 2016 presente:
1693 1953 1962 2002 orationem
1984 1947 2107 2001 'fecit

318 2038 613 2099 procurator
637 2035 817 2084 ordinis
842 2035 1219 2099 predicatorum.
1246 2038 1363 2084 Cum
1395 2037 1523 2099 Papa
1547 2035 1735 2085 veniret
1760 2036 1821 2085 ad
1846 2036 2100 2100 capellam,

320 2119 424 2167 ..vidi
450 2123 560 2167 ante
587 2135 696 2167 eum
719 2122 968 2168 oratorem
992 2118 1370 2178 Bononiensem,
1398 2118 1474 2167 cui
1502 2119 1598 2166 dixi
1631 2120 1759 2183 quod
1786 2134 1883 2167 non
1905 2119 2107 2167 intraret

329 2203 564 2267 capellam
593 2203 706 2266 quia
732 2219 830 2251 non
854 2203 1055 2251 haberet
1078 2202 1126 2249 in
1153 2218 1210 2250 ea
1233 2202 1424 2260 locum;
1461 2201 1542 2265 qui
1565 2198 1819 2260 obediens,
1841 2219 1936 2251 non
1961 2196 2108 2250 intra-

328 2286 419 2343 vit;
457 2285 630 2334 deinde
667 2288 723 2334 D.
763 2286 1053 2334 Franciscus
1089 2285 1312 2343 Trochia,
1351 2284 1644 2333 secretarius
1681 2281 1831 2349 Pape,
1872 2284 2108 2333 intellexit

328 2367 709 2431 prohibitionem
731 2368 950 2432 predicto
976 2368 1157 2416 oratori
1180 2368 1357 2416 factam
1379 2384 1391 2415 :
1416 2368 1534 2416 dixit
1555 2368 1711 2417 eidem
1734 2368 1863 2431 quod
1882 2361 2103 2426 intraret,

326 2451 428 2514 qui,
456 2452 711 2500 dominicis
745 2452 1076 2516 sequentibuS,
1104 2437 1296 2501 intravit
1333 2455 1380 2501 et
1410 2452 1538 2500 stetit
1572 2452 1620 2499 in
1651 2467 1847 2500 scamno
1872 2446 2106 2500 consueto

329 2539 594 2596 oratorum,
618 2540 727 2600 post
752 2552 938 2586 omnes.
1902 2534 1907 2539 ’

321 2608 324 2609 ⁷
396 2619 625 2679 Sabbato‚
669 2623 694 2668 3
719 2621 901 2669 mensis
926 2621 1214 2681 decembris,
1243 2625 1409 2670 Rmus.
1445 2624 1502 2670 D.
1533 2621 1790 2670 cardinalis
1820 2616 2108 2668 Arborensis

318 2704 531 2752 ‘recessit
561 2719 616 2753 ex
641 2705 786 2764 Urbe,
816 2704 974 2752 iturus
999 2705 1248 2753 Perusiam
1273 2705 1334 2753 ad
1356 2702 1654 2769 legationem
1684 2719 1822 2753 suam
1848 2700 1938 2750 sibi
1962 2699 2108 2749 desti-

320 2790 509 2835 natam.
2004 2781 2006 2783 ’

399 2870 670 2930 Dominica‚
703 2875 729 2918 4
756 2870 870 2919 dicti
899 2871 1081 2919 mensis
1112 2871 1403 2931 decembris,
1437 2876 1485 2919 et
1514 2870 1728 2919 secunda
1757 2869 1989 2917 adventus
2015 2869 2109 2915 Do-

329 2954 463 3014 mini,
495 2957 550 3002 R.
583 2956 638 3001 D.
669 2956 837 3002 Petrus
863 2956 1082 3012 Gormaz,
1114 2954 1370 3018 episcopus
1395 2952 1693 3011 Narniensis,
1723 2952 1930 3015 scriptor
1955 2966 2110 3014 apos-

323 3037 521 3096 tolicUS,
558 3037 764 3085 cantavit
800 3037 999 3090 missam
1035 3037 1276 3100 publicam
1317 3037 1367 3085 in
1415 3036 1602 3100 capella
1634 3035 1821 3099 majore
1860 3033 2103 3097 predicta3

331 3122 459 3182 Papa
491 3123 748 3182 presente:
784 3135 1058 3167 sermonem
1099 3119 1212 3167 fecit
1246 3120 1442 3183 quidam
1473 3118 1622 3167 frater
1655 3117 1836 3166 ordinis
1867 3116 2107 3164 minorum

331 3219 417 3266 pro
445 3204 761 3265 procuratore
787 3202 1004 3266 ejusdem
1027 3203 1227 3250 ordinis.
1255 3202 1359 3250 Alia
1378 3218 1512 3249 more
1536 3201 1694 3250 solito.

321 3302 327 3325 ³
398 3285 538 3334 Feria
562 3289 751 3348 quarta,
783 3288 807 3331 7
832 3284 943 3332 dicti
968 3285 1148 3333 mensis
1170 3285 1462 3343 decembriS,
1493 3285 1615 3352 sesto
1644 3301 1681 3332 5.
1711 3282 1950 3332 Ambrosii
1977 3281 2106 3346 epis-

330 3353 455 3432 copi,
484 3371 537 3416 R.
561 3371 612 3416 P.
638 3373 695 3418 D.
720 3367 1060 3426 Bernardinus,
1096 3364 1349 3432 episcopus
1374 3366 1676 3426 lsclanensis,
1711 3366 1972 3416 celebravit
1995 3364 2100 3412 mis-

331 3466 433 3499 sam
460 3452 729 3500 solemnem
750 3449 800 3499 vin
816 3449 1021 3500 ecclesia
1038 3450 1294 3515 hospitalis
1317 3449 1723 3509 Lombardorum,
1750 3452 1973 3514 presente
1999 3446 2102 3498 solo
