2228 3938
314 393 382 430 138
919 392 1153 429 JOHANNIS
1186 391 1482 436 BURCHARDI,
1889 395 1973 436 [Mai
1995 399 2089 438 ¹501]

315 493 583 551 Dominice,
626 493 818 555 quando
850 493 983 541 venit
1016 493 1066 541 in
1089 492 1353 551 dominica,
1396 496 1443 540 et
1471 490 1593 539 alias
1629 492 1822 555 quando
1848 497 2083 553 occurrit,

316 577 532 641 equitent
555 575 630 623 bis
655 577 715 624 ad
739 576 994 639 palatium.

380 660 561 707 Eadem
587 659 683 718 die,
710 658 872 722 vigilia
893 659 1204 707 Ascensionis
1229 658 1442 718 Domini,
1470 658 1669 706 fuerunt
1689 674 1889 723 vespere
1915 662 2090 711 solem-

315 759 400 791 nes
425 743 474 790 in
504 742 692 806 capella
720 742 905 806 majore
936 742 1125 805 palatii,
1159 745 1291 806 Papa
1314 746 1561 806 presente,
1595 742 1770 805 quibus
1804 744 1952 792 etiam
1977 761 2087 794 cum

312 827 420 875 aliis
445 827 722 875 oratoribus
747 826 1075 875 interfuerunt
1099 826 1389 890 magnificus
1420 827 1476 873 D.
1513 826 1759 873 Johannes
1783 827 1968 887 Coviez,
1996 829 2090 876 mi-

311 911 400 970 leS,
437 910 673 975 magister
709 912 1054 974 requestarum
1085 914 1129 957 et
1161 912 1326 957 orator
1364 909 1506 957 lllmi.
1547 909 1775 973 Philippi,
1815 911 2090 960 archiducis

308 994 520 1053 Austrie,
549 992 848 1058 Burgundie,
877 995 940 1051 et,
972 992 1108 1041 ducis
1129 992 1210 1056 qui
1235 992 1471 1055 precessit
1494 995 1689 1050 extunc,
1715 996 1763 1041 et
1787 993 2010 1056 proxime
2033 1010 2090 1042 ac

311 1077 418 1124 aliis
455 1076 767 1141 sequentibus
803 1076 975 1124 diebus
1014 1079 1062 1124 et
1095 1075 1418 1139 temporibuS,
1463 1075 1694 1138 quamdiu
1729 1075 1817 1124 fuit
1853 1077 1902 1124 in
1941 1079 2086 1137 Urbe,

312 1163 559 1208 oratorem
582 1151 902 1218 Venetorum,
938 1159 1017 1223 qui
1049 1175 1099 1207 se
1124 1175 1222 1207 non
1254 1157 1482 1222 opposuit
1504 1158 1579 1206 vel
1609 1159 1806 1222 aliquod
1837 1160 2093 1210 minimum

311 1245 512 1292 verbum
538 1243 849 1292 contradixit.

376 1326 505 1374 ,Iovis
527 1325 793 1389 sequentiS,
818 1328 878 1373 20
893 1324 1030 1384 maii,
1050 1325 1172 1373 festo
1193 1322 1524 1383 AscensioniS,
1553 1326 1720 1372 Rmus.
1746 1327 1804 1373 D.
1831 1325 2093 1375 cardinalis

312 1427 350 1458 s.
382 1409 550 1458 Crucis
575 1408 838 1456 celebravit
859 1408 1060 1455 missam
1084 1408 1352 1456 solemnem
1374 1407 1423 1455 in
1443 1408 1614 1455 eadem
1636 1408 1862 1470 predicta
1881 1408 2090 1471 capella,

312 1496 445 1556 Papa
468 1494 717 1556 presente,
741 1494 789 1538 et
810 1506 907 1539 non
931 1491 1021 1538 fuit
1045 1507 1208 1539 sermo
1230 1490 1346 1554 quia
1366 1493 1497 1554 Papa
1516 1490 1697 1549 noluit;
1721 1490 1853 1538 facta
1877 1491 2092 1540 celebra-

312 1576 445 1623 tione
479 1573 796 1631 sacramenti,
830 1575 963 1636 Papa
995 1573 1241 1621 commisit
1268 1573 1493 1620 nunciari
1532 1572 1781 1622 canonicis
1817 1573 2018 1621 basilice
2050 1590 2088 1622 s,

314 1658 464 1718 Petri,
505 1657 636 1720 quod
673 1657 992 1704 ostenderent
1030 1656 1212 1719 populo
1249 1656 1453 1706 Vultum
1488 1655 1700 1715 Domini,
1740 1656 1870 1719 quod
1910 1655 2093 1705 factum

313 1746 402 1791 est.
433 1741 583 1788 Missa
614 1740 770 1798 finita,
799 1742 930 1803 Papa
960 1739 1215 1787 descendit
1243 1739 1303 1787 ad
1332 1739 1494 1789 locum
1518 1738 1712 1803 publice
1737 1738 2094 1788 benedictionis

313 1829 360 1874 et
384 1823 631 1872 benedixit
654 1823 854 1886 populo,
878 1837 1016 1870 more
1042 1822 1200 1882 solito,
1229 1822 1563 1871 cardinalibus
1587 1822 1637 1869 in
1655 1837 1827 1869 eorum
1853 1821 2025 1885 cappis
2047 1826 2093 1871 et

314 1906 518 1971 prelatis
543 1905 633 1953 sibi
660 1904 1016 1953 assistentibus
1043 1905 1255 1952 Medices
1279 1902 1619 1967 pronunciavit
1645 1904 1824 1967 populo
1842 1904 2094 1968 indulgen-

316 1990 406 2038 tias
430 1990 596 2048 latine,
626 1992 674 2036 et
698 2005 736 2036 s,
766 1987 984 2036 Severini
1006 1987 1056 2035 in
1078 1987 1282 2051 vulgari.

380 2072 523 2120 Feria
545 2071 716 2135 quinta
746 2074 803 2119 27
838 2070 1020 2118 mensis
1049 2070 1163 2118 maii
1196 2069 1420 2133 predicti,
1452 2069 1810 2132 proclamatum
1843 2073 1890 2119 et
1919 2070 2091 2119 banni-

315 2161 417 2204 tum
441 2155 531 2203 fuit
556 2154 750 2218 publice
776 2170 864 2218 per
889 2154 1089 2213 Urbem,
1122 2154 1269 2216 quod,
1305 2152 1550 2201 dominica
1582 2154 1896 2201 Pentecostes
1931 2154 2091 2217 proxi-

314 2255 412 2298 ma,
446 2241 577 2302 Papa
607 2237 792 2285 veniret
822 2237 884 2285 ad
910 2236 1163 2285 basilicam
1194 2252 1233 2284 S.
1266 2236 1397 2284 Petri
1428 2236 1489 2284 ad
1518 2235 1718 2284 missam
1747 2237 2090 2300 processiona-

304 2322 435 2381 liter,
473 2325 521 2369 et
554 2323 665 2385 post
691 2320 975 2369 ostendetur
1000 2320 1159 2368 vultus
1189 2319 1384 2368 Domini
1409 2322 1458 2367 et
1485 2319 1675 2367 ferrum
1704 2319 1876 2367 lancee
1907 2319 2085 2369 Christi

304 2409 352 2453 et
371 2409 503 2469 Papa
522 2405 658 2452 dabit
680 2405 952 2452 solemnem
973 2404 1367 2453 benedictionem
1387 2403 1437 2451 in
1456 2403 1566 2452 loco
1585 2403 1728 2452 solito
1750 2406 1798 2451 et
1818 2403 2085 2467 plenariam

299 2488 654 2553 indulgentiam
675 2488 1079 2535 interessentibus
1101 2486 1406 2551 processioni
1427 2503 1519 2550 que
1542 2487 1618 2534 die
1640 2487 1754 2535 lune
1771 2490 2085 2536 Pentecostes

302 2572 409 2619 fieri
452 2572 576 2620 solet
619 2572 680 2619 ad
722 2574 946 2620 sanctum
990 2571 1254 2634 Spiritum;
1304 2574 1352 2618 et
1383 2570 1622 2619 concessit
1663 2571 1886 2619 eamdem
1923 2570 2084 2619 indul-.

305 2655 518 2717 gentiam
555 2655 783 2703 euntibus
818 2671 927 2703 cum
963 2654 1278 2718 processione
1315 2655 1445 2702 dicta
1480 2654 1557 2701 die
1593 2656 1906 2703 Pentecostes
1943 2655 2004 2702 de
2040 2670 2079 2701 s.

305 2741 450 2786 Petro
483 2739 544 2787 ad
577 2755 615 2787 s.
652 2739 885 2802 Spiritum
916 2755 1063 2802 quam
1096 2738 1346 2787 consecuti
1378 2738 1579 2786 fuissent
1609 2738 1731 2785 alias
1761 2751 1900 2785 more
1938 2737 2080 2785 solito

303 2821 669 2885 processionem
710 2821 990 2886 hujusmodi
1035 2821 1315 2884 sequendo;
1363 2821 1587 2883 quodque
1631 2820 1680 2866 in
1720 2820 1892 2867 eadem
1932 2819 2081 2867 missa

302 2904 632 2967 publicabitur
661 2904 800 2952 fedus
832 2905 1006 2953 initum
1038 2905 1164 2952 inter
1194 2907 1378 2967 Papam
1409 2906 1457 2950 et
1486 2918 1655 2967 regem
1680 2902 1892 2966 Ungarie
1922 2908 1967 2950 et
1997 2903 2081 2950 do—

301 2987 484 3034 minum
519 2991 820 3037 Venetorum
857 2991 1030 3036 contra
1067 2989 1275 3045 TurcaS,
1315 2990 1362 3034 et
1398 2986 1528 3049 quod
1561 2986 1623 3032 ·in
1661 3001 1771 3032 sero
1813 2986 1942 3034 illius
1978 2986 2073 3034 diei

304 3069 514 3117 debeant
538 3070 645 3117 fieri
669 3087 756 3134 per
783 3071 967 3119 Urbem
992 3071 1128 3135 ignes
1153 3073 1201 3118 et
1224 3085 1312 3133 per
1337 3073 1500 3118 turres
1522 3069 1784 3118 luminaria
1810 3069 1860 3117 in
1890 3069 2079 3134 signum

306 3153 468 3216 gaudii
496 3156 544 3200 et
566 3153 738 3202 letitie.

367 3235 451 3282 His
499 3235 696 3295 diebuS,
745 3236 924 3284 fratres
969 3237 1337 3300 predicatorum
1389 3236 1763 3284 celebraverunt
1813 3235 2080 3299 capitulum

302 3318 532 3383 generale
562 3322 712 3367 Rome
744 3319 792 3367 in
826 3323 1063 3368 conventu
1093 3319 1309 3367 Minerve
1337 3334 1427 3382 pro
1454 3318 1689 3367 electione
1714 3318 1824 3366 novi
1856 3318 2078 3383 magistri

251 3407 256 3411 ”
298 3402 347 3448 in
387 3402 550 3450 locum
586 3402 824 3461 defuncti,
868 3406 915 3450 et
954 3403 1139 3451 electus
1187 3406 1260 3450 est
1297 3402 1452 3450 frater
1488 3402 1772 3452 Vincentius
1809 3402 1869 3450 de
1905 3403 2078 3450 Castro

298 3486 446 3544 Nom,
489 3487 627 3533 Rmo.
673 3488 728 3533 D.
773 3486 1007 3533 cardinali
1039 3486 1376 3549 Neapolitano,
1413 3487 1694 3548 protectore
1723 3485 1840 3533 dicti
1871 3484 2074 3543 ordinis,
