2228 3938
315 384 383 422 10ss
921 383 1154 420 JOHANNIS
1189 381 1484 426 BURCHARDI,
1819 382 1973 422 [Janvier
1990 386 2087 429 1501]

313 488 471 535 siones
494 485 887 546 admitteremini,
918 486 1048 549 quod
1073 502 1101 534 a
1127 486 1258 534 nullo
1289 484 1553 534 confitente
1583 483 1761 547 aliquid
1780 500 1867 548 pro
1890 486 2085 536 absolu-

314 571 441 618 tione
465 570 666 634 exigatis
688 574 769 618 aut
795 569 1108 634 penitentiam
1142 567 1474 633 pecuniariam
1506 567 1640 614 vobis
1674 571 1753 615 aut
1788 567 1932 615 alicui
1954 575 2085 619 certe

313 668 518 718 persone
541 652 874 717 applicandam
897 653 1174 718 imponetiS,
1203 655 1330 702 salvo
1352 652 1481 716 quod
1502 654 1672 713 sponte
1691 651 1850 700 oblata
1869 653 2084 717 recipere

314 736 535 801 possetis,
561 739 629 784 De
667 736 1045 785 restitutionibus
1079 738 1309 786 faciendis
1341 752 1424 784 vos
1462 750 1560 782 non
1594 735 1922 783 intromittetis
1945 736 2084 785 aliter

313 835 457 883 quam
486 819 782 884 injungendo
817 821 945 883 quod
977 821 1333 869 restitutionem
1365 818 1541 867 faciant
1573 817 1648 865 his
1671 817 1843 880 quibus
1866 818 2085 868 facienda

313 908 401 951 est.
426 906 475 950 In
498 903 694 951 incertis
730 908 889 951 autem
918 919 1001 952 vos
1031 904 1221 968 penitus
1250 918 1348 950 non
1379 900 1708 950 intromittetis
1740 900 1829 948 nisi
1860 901 1909 948 in
1929 902 2085 965 parvis

311 986 471 1044 rebus,
509 986 809 1050 injungendo
847 987 976 1050 quod
1020 987 1189 1035 saltem
1230 985 1433 1050 propriis
1477 983 1640 1032 usibus
1683 988 1730 1032 et
1763 983 2085 1048 eleemosynis

311 1069 619 1133 elargiantur.
651 1089 672 1112 »
1271 1127 1273 1129 ι

380 1173 402 1196 «
429 1153 565 1209 Quod
595 1153 653 1201 de
689 1152 1129 1217 dispensationibus
1150 1168 1295 1216 super
1321 1151 1673 1216 irregularitate
1692 1157 1739 1200 et
1759 1150 2082 1209 matrimonio,

311 1240 356 1283 et
378 1236 652 1285 homicidiis
685 1236 961 1285 voluntariis
997 1243 1044 1286 et
1077 1235 1679 1295 excommunicationibus,
1709 1251 1792 1283 vos
1818 1251 1916 1282 non
1937 1234 2087 1282 intro-

312 1320 530 1380 mittetis,
558 1320 644 1368 sed
661 1321 916 1369 remittetis
938 1321 997 1368 ad
1018 1320 1303 1368 ordinarios.
2065 1366 2088 1371 n

376 1423 398 1446 «
424 1403 562 1459 Quod
585 1403 742 1451 nullos
764 1403 1043 1451 henselinos
1073 1403 1132 1468 (1)
1155 1403 1376 1452 habeatis
1405 1403 1478 1452 vel
1508 1402 1698 1451 habetis
1724 1418 1811 1466 per
1838 1400 2082 1459 tabernas,

310 1485 385 1533 vel
406 1485 521 1533 alias
543 1501 630 1548 pro
653 1485 948 1534 adducendis
970 1486 1331 1535 confitentibus.
1976 1536 1981 1537 ⁷

381 1588 400 1611 «
430 1567 568 1623 Quod
590 1584 688 1615 non
716 1567 919 1615 audiatis
941 1568 1274 1616 confessiones
1295 1567 1386 1615 nisi
1409 1567 1467 1614 de
1497 1567 1690 1616 natione
1711 1583 1798 1632 pro
1829 1582 1924 1630 qua
1953 1565 2084 1615 eritis

312 1650 543 1714 deputati.

381 1756 400 1779 «
429 1735 566 1791 Quod
587 1735 635 1782 in
657 1751 771 1783 casu
793 1751 888 1798 quo
911 1735 1057 1800 (quod
1072 1736 1211 1801 absit)
1231 1741 1398 1784 contra
1417 1736 1631 1800 predicta
1648 1734 1718 1783 vel
1740 1734 1900 1797 aliquo
1916 1749 2085 1782 eorum

311 1818 633 1878 excesseritis,
660 1819 787 1882 quod
822 1834 968 1882 super
995 1818 1090 1867 hoc
1125 1819 1275 1868 velitis
1311 1819 1507 1868 obedire
1541 1818 1744 1882 collegio
1777 1817 1827 1864 in
1848 1817 2085 1866 solvendis

308 1902 445 1965 penis
466 1902 601 1950 vobis
623 1918 708 1964 pro
731 1902 960 1965 qualitate
987 1903 1311 1966 imponendis,
1337 1907 1383 1952 et
1402 1903 1461 1951 ab
1482 1903 1576 1950 hoc
1603 1918 1701 1950 non
1722 1900 1971 1959 recedere,
1994 1900 2085 1949 nisi

310 1985 442 2049 prius
463 2002 543 2033 vos
572 1985 777 2033 dominis
812 1986 1160 2049 penitentiariis
1192 1987 1265 2034 vel
1293 1987 1353 2034 ad
1379 1987 1539 2034 minus
1570 1986 1811 2050 deputatis
1832 1989 2084 2049 presenta-

308 2069 487 2123 veritis,
514 2072 562 2117 et
598 2069 657 2116 ab
679 2068 747 2116 eis
779 2068 1024 2117 licentiam
1057 2070 1376 2128 obtinueritis,
1416 2070 1624 2117 audituri
1655 2073 1702 2118 et
1731 2068 2009 2132 responsuri
2045 2068 2082 2116 si

309 2152 423 2215 quid
444 2152 563 2200 sorte
589 2152 721 2199 vobis
744 2168 889 2216 super
910 2153 1068 2216 aliquo
1093 2169 1295 2201 excessu
1317 2158 1599 2218 perpetrato
1616 2153 1883 2217 objicietur.
1904 2152 2082 2200 Ultimo

308 2235 547 2284 indicatur
567 2236 763 2285 cuilibet
785 2251 970 2296 eorum,
1002 2237 1129 2300 quod
1156 2238 1195 2284 si
1226 2237 1348 2285 forte
1377 2237 1519 2285 alicui
1542 2254 1599 2286 ex
1620 2237 1860 2301 deputatis
1878 2240 1956 2284 aut
1978 2235 2082 2283 aliis

307 2319 661 2382 penitentiariis
696 2320 874 2383 aliquid
911 2321 1024 2368 dare
1065 2321 1382 2384 promisisset,
1429 2325 1510 2370 aut
1549 2322 1588 2368 si
1636 2320 1912 2384 obligasset,
1955 2318 2083 2383 quod

308 2402 520 2464 deputati
541 2405 587 2449 et
608 2401 863 2466 collegium
886 2402 1102 2450 omnium
1123 2403 1400 2451 nominibus
1422 2403 1630 2452 reddunt
1649 2408 1695 2450 et
1715 2402 1896 2450 faciunt
1917 2417 1999 2451 eos
2021 2401 2081 2449 ab

303 2483 433 2531 oinni
477 2485 752 2548 hujusmodi
790 2485 1110 2550 promissione
1152 2490 1198 2534 et
1238 2486 1531 2550 obligatione
1565 2486 1756 2550 penitus
1793 2485 1990 2544 liberos,
2035 2489 2081 2534 et

303 2568 676 2627 admoneantur,
703 2569 833 2632 quod
862 2569 985 2618 sicut
1018 2585 1115 2617 non
1147 2570 1261 2618 licet
1290 2570 1339 2617 in
1371 2569 1697 2633 spiritualibus
1732 2574 1778 2617 et
1804 2568 2013 2616 maxime
2030 2567 2080 2617 in

309 2651 605 2700 admittendo
646 2653 705 2700 ad
749 2653 1041 2701 audiendum
1082 2658 1226 2717 pacta
1278 2653 1436 2702 facere
1485 2669 1630 2717 super
1659 2652 1818 2715 aliquo
1855 2650 2079 2700 donando

307 2734 487 2798 absque
509 2735 774 2784 simoniaca
805 2736 931 2796 labe,
979 2737 1043 2784 ita
1076 2737 1295 2800 iniquum
1332 2752 1438 2785 esse
1472 2737 1733 2799 ingratum,
1767 2750 1878 2782 cum
1909 2733 1989 2798 qui
2020 2733 2079 2782 de

308 2818 443 2866 altari
465 2819 619 2867 vivere
634 2819 856 2879 debeant,
881 2823 1140 2883 propterea
1150 2820 1396 2884 preteritis
1412 2818 1726 2882 temporibus
1746 2832 1832 2881 pro
1844 2817 1939 2864 hoc
1956 2821 2080 2865 tem-

306 2916 422 2964 pore
447 2901 710 2962 substituti,
746 2918 843 2950 non
874 2918 933 2950 ex
962 2902 1124 2965 aliquo
1154 2905 1315 2965 pacto,
1360 2901 1445 2950 sed
1469 2901 1656 2965 justitia
1686 2900 1792 2965 ipsa
1815 2904 1863 2949 et
1886 2900 2081 2964 propria

306 2984 606 3032 conscientia
638 2984 916 3048 instigante,
955 3000 1005 3032 se
1047 3000 1162 3048 erga
1203 2984 1459 3047 collegium
1494 2986 1878 3048 recognoverunt
1911 2986 1959 3032 et
1987 2998 2077 3047 pro

307 3067 670 3115 conservatione
692 3071 739 3115 et
760 3068 1111 3116 restauratione
1134 3082 1300 3115 eorum
1316 3067 1499 3130 capelle
1518 3066 1699 3130 aliquid
1714 3067 2082 3115 contribuerunt

307 3148 365 3196 de
389 3148 712 3213 eleemosynis
734 3150 855 3209 suis;
878 3149 988 3198 ideo
1017 3149 1275 3213 collegium
1300 3164 1397 3197 non
1424 3149 1625 3207 dubitet,
1653 3165 1763 3197 cum
1783 3149 1872 3213 ipsi
1889 3148 2082 3213 justitia

308 3235 355 3279 et
377 3231 675 3279 conscientia
695 3231 958 3291 mediante,
980 3248 1030 3279 se
1058 3235 1286 3295 tanquam
1314 3247 1409 3280 non
1444 3247 1553 3281 reos
1576 3232 1936 3296 ingratitudinis
1958 3230 2081 3281 libe-

306 3313 470 3362 raliter
488 3313 902 3362 demonstrabunt.
933 3334 952 3356 »

357 3499 385 3532 1.
418 3500 490 3540 sia»,
514 3498 605 3533 «lans
623 3497 654 3532 10
675 3497 780 3543 Cbigi
802 3501 836 3533 et
858 3498 887 3533 le
904 3499 990 3540 1513
1013 3498 1233 3542 bensiffinos,
1252 3499 1394 3538 5522-4.
1418 3499 1548 3534 13737.
