2228 3938
325 405 393 442 104
930 406 1163 445 JOHANNIS
1198 407 1493 454 BURCHARDI,
1829 410 1980 450 [Janvier
2003 412 2098 453 1501]

324 506 529 555 insolitis
550 523 638 566 per
658 521 745 554 nos
768 506 996 556 etsedem
1018 508 1283 571 predictam
1325 511 1585 569 concessiS,
1612 515 1660 560 et
1692 511 1751 559 de
1779 510 1951 574 quibus
1985 525 2097 574 pre-

324 589 538 638 sentibus
561 589 707 638 etiam
733 589 791 638 de
813 590 957 639 verbo
977 592 1036 638 ad
1059 591 1259 639 verbum
1282 607 1368 655 pro
1390 593 1581 642 illorum
1609 593 1868 642 sufficienti
1892 593 2096 657 deroga-

324 671 454 719 tione
475 672 698 721 habenda
718 678 845 722 esset
867 673 1049 721 mentio
1073 673 1312 736 specialis,
1337 691 1431 738 que
1447 676 1607 739 quoad
1628 676 1855 740 cuiquam
1873 675 2095 724 nolumus

324 755 565 804 ullotenus
587 757 836 820 suffragari
858 756 1111 805 contrariis
1145 757 1550 822 quibuscumque,
1574 763 1654 808 aut
1678 759 1717 807 si
1738 758 1993 822 aliquibus,
2023 759 2096 807 vel

325 853 493 886 eorum
516 839 763 888 ordinibus
783 839 857 888 vel
875 839 1060 887 divisim
1084 839 1143 887 ab
1165 839 1336 888 eadem
1358 840 1417 889 sit
1439 841 1552 890 sede
1571 841 1827 901 indultum,
1853 840 1982 904 quod
2002 841 2093 904 ipsi

324 925 405 970 aut
426 922 665 971 dictorum
685 923 906 971 ordinum
928 938 1140 986 persone
1162 923 1221 971 ad
1241 924 1553 987 publicandas
1581 925 1763 992 aliquas
1796 924 1978 973 litteras
2010 939 2095 973 seu

323 1004 648 1069 indulgentias
670 1005 949 1070 hujusmodi
972 1005 1140 1054 muniti
1163 1006 1386 1070 compelli
1423 1023 1508 1057 seu
1542 1008 1671 1072 quod
1708 1007 1949 1067 interdici,
1987 1023 2095 1055 sus-

323 1089 468 1152 pendi
490 1089 563 1137 vel
586 1089 994 1138 excommunicari
1009 1105 1107 1137 non
1133 1095 1332 1154 possent
1357 1107 1443 1154 per
1457 1091 1640 1140 litteras
1661 1091 1971 1155 apostolicas,
1996 1106 2093 1139 non

325 1172 557 1221 facientes
577 1173 771 1236 plenam
794 1175 842 1220 et
862 1187 1158 1236 expressam,
1185 1188 1242 1220 ac
1263 1173 1322 1222 de
1337 1174 1482 1222 verbo
1505 1174 1565 1222 ad
1584 1174 1801 1233 verbum,
1826 1173 1884 1222 de
1907 1173 2092 1222 indulto

324 1255 603 1319 hujusmodi
625 1256 941 1305 mentionem.
960 1258 1143 1306 Verum
1162 1257 1274 1319 quia
1297 1256 1491 1307 difficile
1514 1257 2096 1323 foretpresenteslitteras
2140 1296 2147 1301 .

325 1339 384 1386 ad
415 1339 601 1403 singula
629 1339 738 1388 loca
766 1339 815 1386 in
856 1339 1029 1402 quibus
1064 1340 1325 1404 expediens
1358 1341 1502 1390 fuerit
1538 1341 1745 1401 deferre,
1788 1340 2005 1389 volumus
2041 1355 2097 1389 ac

326 1423 472 1470 etiam
501 1424 561 1471 de
595 1423 723 1471 dicta
750 1423 1033 1471 auctoritate
1064 1424 1372 1472 decernimus
1408 1425 1536 1488 quod
1569 1425 1762 1473 illarum
1789 1421 2098 1487 transcriptis

327 1521 382 1553 ac
408 1505 560 1553 nuntii
583 1520 638 1553 ac
659 1506 978 1555 commissarii
1013 1507 1086 1554 vel
1112 1507 1497 1571 deputandorum
1538 1524 1594 1557 ac
1627 1507 2096 1572 subdelegandorum

327 1589 670 1652 predictorum,
695 1604 750 1637 ac
773 1589 972 1659 alicujus
1002 1590 1174 1653 prelati
1209 1606 1294 1638 seu
1317 1607 1526 1654 persone
1548 1591 1597 1638 in
1633 1589 1841 1638 ecclesia
1864 1589 2095 1653 dignitate

328 1671 584 1720 constitute
608 1671 763 1735 sigillo
785 1673 983 1720 munitis
1005 1689 1064 1721 ea
1084 1688 1284 1737 prorsus
1306 1674 1426 1722 fides
1447 1673 1648 1721 indubia
1670 1673 1956 1722 adhibeatur
1988 1672 2097 1723 ubi-

327 1755 444 1802 libet
471 1770 564 1818 que
582 1754 889 1817 presentibus
911 1755 1231 1804 adhiberetur
1250 1756 1289 1803 si
1312 1761 1476 1804 essent
1500 1747 1713 1805 exhibite
1733 1756 1807 1804 vel
1828 1758 2039 1803 ostense.

398 1858 420 1881 «
446 1838 570 1885 Nulli
610 1853 728 1901 ergo
761 1839 960 1887 omnino
981 1839 1235 1888 hominum
1256 1839 1399 1888 liceat
1425 1840 1551 1889 hanc
1571 1840 1796 1904 paginam
1820 1842 2099 1887 nostrorum

328 1921 511 1980 statuti,
563 1921 895 1981 ordinationiS,
945 1923 1317 1982 constitutionis,
1360 1922 1700 1986 deputationis,
1744 1921 2097 1986 applicationis,

329 2004 678 2068 suspensionis,
731 2004 1048 2063 inhibitionis,
1093 2007 1323 2067 mandati,
1366 2006 1710 2065 concessioniS,
1756 2004 2014 2054 voluntatis
2054 2010 2102 2053 et

329 2088 513 2137 decreti
541 2088 827 2152 infringere,
852 2090 925 2138 vel
947 2090 989 2137 ei
1013 2106 1133 2138 ausu
1164 2090 1426 2139 temerario
1448 2089 1703 2138 contraire.
1730 2088 1778 2136 Si
1812 2087 1918 2151 quis
1936 2091 2096 2135 autem

327 2172 422 2220 hoc
451 2175 738 2235 attemptare
770 2173 1133 2237 presumpserit,
1167 2173 1503 2237 indignitatem
1533 2171 1875 2236 omnipotentis
1917 2171 2004 2219 Dei
2041 2186 2098 2219 ac

328 2255 579 2303 beatorum
609 2255 734 2303 Petri
764 2259 811 2304 et
831 2256 964 2304 Pauli
992 2256 1320 2320 apostolorum
1342 2258 1446 2321 ejus
1477 2273 1528 2305 se
1549 2256 1738 2305 noverit
1763 2255 2093 2304 incursurum.

396 2341 618 2386 «Datum
651 2342 802 2387 Rome
831 2340 956 2403 apud
991 2356 1028 2388 S.
1065 2343 1278 2400 Petrum,
1316 2356 1442 2388 anno
1478 2337 1822 2399 incarnationis
1858 2338 2098 2386 dominice

329 2425 374 2469 M
400 2425 458 2480 D,
482 2422 647 2486 quinto
669 2421 775 2469 idus
798 2422 1067 2471 novembris
1089 2423 1394 2487 pontificatus
1415 2423 1564 2472 nostri
1585 2438 1711 2471 anno
1734 2437 1880 2470 nono.
1909 2442 1930 2465 υ

1550 2545 1572 2569 «
1605 2526 1870 2574 ADRIANUS.

468 2611 489 2635 «
529 2590 798 2654 Registrata
820 2591 947 2653 apud
969 2605 1048 2639 me
1069 2589 1352 2640 Adrianum.

1479 2675 1500 2699 «
1538 2657 1590 2703 P.
1608 2655 1966 2704 ThomarotiuS.
1995 2676 2017 2700 ι»

399 2758 634 2807 Inchoato
658 2773 784 2806 anno
803 2756 972 2822 jubilei
997 2756 1216 2821 proxime
1243 2757 1497 2821 preteritO,
1528 2756 1850 2820 penitentiarii
1872 2756 2103 2804 ordinarii

331 2842 531 2891 basilice
553 2840 783 2905 principis
805 2840 1135 2904 apostolorum
1154 2840 1213 2887 de
1235 2839 1365 2888 Urbe
1387 2841 1718 2902 cognoverunt
1735 2853 1795 2886 ex
1815 2838 2004 2887 casibus
2023 2838 2104 2902 qui

333 2941 419 2988 per
458 2924 816 2973 confessionem
845 2923 913 2972 eis
945 2922 1284 2981 occurrebant,
1322 2921 1573 2970 facultates
1603 2936 1771 2969 eorum
1798 2924 1846 2969 et
1881 2921 1950 2969 eis
1988 2937 2105 2971 con-

332 3025 493 3057 cessas
522 3008 797 3057 absolvendi
829 3022 926 3054 non
948 3021 1055 3054 esse
1094 3005 1208 3053 satis
1240 3004 1451 3068 amplas3
1476 3008 1736 3067 propterea
1773 3011 2104 3068 conceperunt

331 3092 390 3141 de
414 3091 660 3140 communi
692 3105 862 3139 eorum
900 3104 1140 3137 consensu
1172 3087 1453 3137 memoriale
1492 3103 1636 3151 super
1663 3087 1875 3152 petenda
1901 3087 2102 3152 amplia-
2160 3118 2163 3123 ‹

332 3175 463 3224 tione
482 3190 511 3222 a
531 3175 615 3222 SS.
640 3176 697 3222 D.
715 3177 881 3221 nostro
905 3172 993 3220 sub
1014 3171 1091 3219 his
1106 3171 1267 3219 verbis
1293 3187 1303 3219 :

403 3279 424 3302 «
457 3257 708 3306 Absolutio
740 3272 767 3305 a
793 3256 1006 3320 peccatis
1054 3255 1277 3303 omnibus
1315 3258 1760 3318 quantumcumque
1794 3254 2094 3304 enormibus,

332 3371 395 3378 -—
414 3342 486 3389 Ab
507 3341 729 3389 omnibus
743 3339 978 3399 censuriS,
995 3338 1090 3387 sive
1105 3354 1132 3386 a
1150 3353 1357 3398 canone,
1383 3338 1479 3385 sive
1501 3338 1559 3386 ab
1580 3338 1777 3387 homine
1793 3337 1923 3396 latis,
1952 3337 2103 3386 etiam

332 3441 418 3488 pro
455 3425 658 3472 mortuis
693 3424 743 3471 in
789 3421 1289 3472 excommunicatione
1330 3420 1546 3484 sepultis,
1587 3426 1726 3484 pacte
1757 3419 2003 3468 satisfacta
2024 3419 2098 3467 vel

275 3526 279 3530 ·
334 3508 554 3556 cautione
577 3507 745 3555 saltem
776 3505 1011 3570 juratoria
1031 3505 1091 3553 de
1114 3503 1451 3553 satisfaciendo
1476 3503 1605 3563 data,
1629 3504 1776 3552 etiam
1815 3503 1875 3550 ab
1907 3511 2098 3552 excom-
