2228 3938
320 355 389 390 288
925 351 1160 387 ιΙΟΗΑΝΝΙΞ
1194 350 1490 391 BURCHARDI,
1814 352 1980 391 {Octobre
2003 354 2095 392 1503}

321 470 552 519 pannum,
586 454 702 500 licet
745 453 1003 515 episcopus
1038 452 1298 500 Saonensis
1339 452 1527 498 dederit
1566 452 1775 499 rotulum
1804 453 2090 512 camerario,

322 539 443 597 heri,
471 553 558 601 pro
586 535 810 599 personis
833 535 1025 582 circiter
1048 535 1275 583 trecentis
1294 535 1364 581 vel
1387 534 1516 582 circa
1541 550 1549 582 :
1577 534 1655 581 alii
1679 535 1896 582 nondum
1911 534 2094 583 habue-

323 626 433 667 runt
455 623 697 683 pannum.‘
2088 674 2091 677 Ι

392 706 505 751 Post
527 702 740 760 missam,
759 701 844 748 fuit
866 702 1174 764 congregatio
1197 702 1244 748 in
1262 701 1369 748 aula
1390 700 1688 763 pontificum,
1715 701 1789 748 cui
1809 701 1954 747 etiam
1975 701 2095 749 Galli

326 792 372 835 et
396 786 594 848 Hispani
614 785 939 832 interfuerunt
966 802 973 830 :
1000 784 1162 831 Gallos
1185 784 1374 847 appello
1398 784 1854 847 Rothomagensem,
1879 784 2099 831 Volater-

329 884 519 921 ranum,
544 867 825 924 Ascanium,
868 884 905 914 s.
945 867 1158 914 Severini
1184 871 1231 913 et
1263 868 1322 914 de
1360 867 1621 928 Aragonia;
1667 867 1922 929 Hispanos,
1951 865 2101 913 Arbo-

330 967 539 1005 rensem,
568 950 900 1008 Cusentinum,
932 950 1107 996 Montis
1144 950 1354 1013 Regalis,
1392 950 1695 1007 Perusinum,
1724 949 2095 1011 Le‘gionensem,

329 1035 609 1092 Adrianum,
637 1036 949 1090 Casanovam,
978 1033 1202 1096 Borgiam
1224 1037 1270 1080 et
1295 1032 1902 1094 Constantinopolitanum.

392 1118 572 1164 Eadem
596 1117 691 1174 die,
729 1116 930 1163 conveni
964 1131 1073 1162 cum
1106 1116 1333 1178 episcopo
1361 1118 1599 1172 Massano,
1630 1116 1937 1162 thesaurario
1965 1131 2102 1178 apos-

332 1201 496 1258 tolico,
528 1199 657 1262 quod
686 1199 825 1246 daret
851 1198 1134 1245 officialibus
1161 1214 1249 1261 pro
1279 1213 1392 1246 vera
1422 1214 1534 1245 cera
1565 1199 1622 1245 ad
1655 1198 1890 1245 rationem
1923 1198 2102 1246 carleni

331 1300 420 1348 pro
441 1284 581 1340 libra,
612 1287 657 1330 et
679 1283 789 1330 dedi
814 1282 900 1329 sibi
927 1281 1147 1329 cedulam
1178 1286 1318 1344 prout
1347 1282 1394 1328 in
1421 1297 1494 1337 ea,
1530 1285 1572 1327 et
1612 1281 1719 1328 dedi
1749 1282 2103 1329 ordinationem

332 1366 672 1415 celebrationis
695 1365 841 1412 misse
863 1380 1003 1427 quam
1025 1364 1192 1411 RRmi.
1222 1367 1320 1411 DD.
1348 1365 1621 1412 cardinales
1646 1368 1957 1427 acceperunt,
1982 1365 2108 1412 vide-

331 1450 445 1497 licet
484 1449 612 1511 quod
648 1448 953 1495 celebrarent
997 1447 1193 1494 missam
1232 1447 1474 1510 publicam
1503 1447 1668 1494 RRmi.
1708 1450 1806 1495 DD.
1835 1447 2103 1495 cardinales

332 1532 575 1579 dominica
598 1530 818 1593 proxima
846 1529 1072 1583 crastina,
1104 1530 1476 1586 Alexandrinus3
1501 1530 1613 1577 lune
1636 1547 1672 1576 s.
1702 1530 1886 1584 Crucis:
1915 1531 2100 1588 martis,

330 1613 637 1678 Agrigensis3
670 1611 916 1669 mercurii,
952 1611 1235 1670 Grimanus3
1258 1612 1398 1674 jovis,
1433 1612 1861 1675 Rothemagensis;
1894 1597 2142 1666 veneriss

332 1697 642 1754 Arborensis3
669 1695 871 1753 sabbati,
913 1695 1199 1743 Cusentinus
1233 1711 1242 1742 :
1271 1695 1530 1750 dominica,
1567 1711 1603 1741 S.
1647 1695 1873 1742 Praxedis
1894 1700 1942 1743 et
1968 1696 2099 1754 lune,

338 1779 675 1829 Ulixbonensis
701 1779 898 1826 missam
922 1778 981 1825 de
1007 1778 1188 1840 Spiritu
1211 1782 1393 1825 sancto.

399 1863 669 1918 Dominica‚
695 1866 754 1909 22
781 1861 1016 1916 octobris,
1048 1864 1214 1908 Rmus.
1244 1863 1300 1907 D.
1327 1861 1588 1908 cardinalis
1607 1861 1956 1909 Alexandrinus
1982 1863 2106 1910 cele-

334 1947 486 1994 bravit
503 1947 701 1998 missam
723 1944 966 2007 publicam
983 1944 1059 1991 cui
1081 1944 1405 1991 interfuerunt
1424 1943 1791 2006 quatuordecim
1814 1945 2100 2004 cardinales,

332 2029 554 2077 videlicet
574 2027 937 2090 Neapolitanus,
967 2026 1329 2083 Recanatensis,
1359 2042 1397 2072 s,
1424 2027 1673 2085 Praxedis,
1701 2043 1738 2073 s.
1757 2027 1940 2081 Crucis,
1964 2028 2103 2091 Agri-

330 2111 568 2175 gentinus,
599 2109 996 2172 Caputaquensis,
1034 2109 1371 2165 Bononiensis,
1408 2109 1467 2155 de
1502 2109 1674 2167 Flisco,
1702 2125 1739 2155 S.
1766 2110 1978 2173 Georgii,
2003 2113 2105 2157 Me—

298 2192 300 2194 ’
329 2194 477 2250 dices,
509 2193 783 2250 Cesarinus,
818 2192 1091 2249 Farnesius,
1124 2191 1371 2239 Cornelius
1406 2195 1455 2239 et
1479 2192 1768 2239 Grimanus:
1798 2176 2106 2240 absolverunt

334 2292 444 2324 cum
465 2276 743 2323 celebrante
765 2274 1063 2337 Agrigensis,
1081 2275 1479 2337 Caputaquensis,
1498 2274 1835 2333 Bononiensis,
1856 2275 1914 2322 de
1930 2275 2102 2323 Flisco.

335 2359 604 2422 Quingente
641 2357 839 2405 candele
868 2357 1026 2404 medie
1051 2356 1174 2404 libre
1199 2357 1391 2404 fuerunt
1413 2357 1567 2420 posite
1600 2373 1744 2420 super
1778 2360 1992 2404 castrum
2017 2359 2105 2406 do-

334 2442 464 2499 loris,
495 2441 588 2488 alia
615 2446 665 2487 ut
691 2456 835 2503 supra
864 2440 1041 2487 :missa
1067 2440 1218 2499 finita,
1255 2440 1341 2487 fuit
1378 2441 1692 2504 congregatio
1724 2440 2036 2488 cardinalium
2058 2441 2105 2488 in

332 2524 441 2571 aula
462 2523 641 2586 palatii.

399 2607 484 2654 Die
505 2607 633 2663 lune,
667 2609 725 2654 23
753 2606 981 2661 octobris,
1012 2610 1177 2653 Rmus,
1209 2610 1264 2654 D.
1295 2607 1553 2654 cardinalis
1589 2624 1626 2653 s.
1659 2608 1825 2655 Crucis
1851 2607 2108 2657 celebravit

334 2690 530 2736 missam
557 2689 824 2736 solemnem
854 2689 1098 2751 publicam
1135 2690 1209 2736 cui
1241 2689 1565 2736 interfuerunt
1599 2692 1786 2752 septem
1816 2689 2103 2748 cardinales,

333 2771 552 2819 videlicet
585 2771 945 2833 Neapolitanus,
981 2771 1351 2830 Alexandrinus,
1378 2772 1742 2835 Agrigentinus,
1772 2772 1831 2819 de
1858 2772 2031 2830 Flisco,
2063 2787 2101 2818 s.

330 2854 540 2917 Georgii,
566 2854 820 2901 Cesarinus
842 2857 890 2901 et
917 2854 975 2901 de
998 2855 1244 2901 Farnesio.
1275 2857 1386 2902 Post
1412 2855 1629 2913 missam,
1653 2859 1888 2902 venerunt
1911 2870 1948 2913 s.
1980 2853 2105 2901 Petri

336 2938 395 2984 ad
427 2936 646 2994 Vincula,
680 2936 1034 2995 Ulixbonensis,
1077 2938 1439 2995 Recanatensis,
1484 2954 1521 2984 s.
1558 2937 1802 2994 Praxedis,
1839 2936 1918 2998 qui
1960 2937 2107 2984 etiam

336 3035 504 3066 omnes
524 3019 799 3066 habuerunt
822 3019 1068 3066 intorticia
1093 3036 1102 3066 :
1128 3036 1236 3067 cum
1264 3020 1543 3067 celebrante
1574 3019 1881 3067 absolverunt
1901 3019 2107 3066 Alexan-

339 3102 523 3158 drinus,
547 3096 906 3163 Agrigentinus,
931 3103 1251 3149 Bononiensis
1268 3107 1315 3150 et
1331 3102 1389 3148 de
1412 3102 1584 3149 Flisco.
1604 3102 1786 3149 Deinde
1802 3102 1890 3149 fuit
1908 3117 2110 3165 congre-

341 3184 469 3247 gatio
492 3183 540 3229 in
568 3183 676 3229 aula
698 3183 998 3244 pontificum,
1031 3184 1077 3229 in
1101 3200 1194 3245 qua
1223 3187 1277 3231 D.
1316 3184 1563 3247 Alphonso
1592 3187 1832 3232 Recanate
1859 3185 2106 3248 loquente,

342 3264 633 3314 conclaviste
654 3265 893 3327 petierunt
914 3265 954 3311 ei
979 3266 1091 3312 dare
1111 3281 1320 3327 pannum
1348 3281 1598 3314 rosaceum
1625 3283 1682 3315 ex
1705 3267 1939 3316 electione
1962 3267 2030 3315 Pii
2049 3269 2110 3315 111

343 3348 580 3404 delatum;
601 3353 647 3395 et
668 3347 792 3394 facta
813 3347 1181 3405 deliberatione,
1201 3364 1286 3410 per
1305 3349 1574 3396 cardinales
1594 3349 1682 3397 fuit
1703 3350 2013 3398 commissum
2037 3365 2113 3398 ca-

345 3430 551 3481 merario
568 3430 695 3491 quod
718 3429 899 3477 faceret
919 3430 1055 3477 nobis
1075 3431 1281 3493 persolvi
1301 3431 1421 3480 duos
1442 3431 1571 3479 mille
1591 3436 1638 3480 et
1660 3433 1948 3496 quingentos
1970 3433 2114 3481 duca—
