2228 3938
284 332 354 368 226
893 332 909 368 J
916 331 1077 368 OHANN
1083 331 1124 367 IS
1159 328 1451 374 BURCHARDI,
1734 330 1941 371 [Decembre
1966 334 2060 378 1502]

284 433 407 481 duce
443 431 681 490 habitum,
721 431 798 478 eui
835 446 1122 480 eoncessum
1162 436 1235 481 est
1270 431 1401 479 abire
1439 447 1549 479 cum
1589 431 1812 480 omnibus
1839 433 1976 481 bonis
2007 438 2055 483 et

281 516 455 574 rebus;
484 514 612 577 quod
638 516 686 562 et
709 514 840 562 fecit.
879 517 1079 564 Factum
1111 518 1372 579 propterea
1400 514 1450 561 in
1483 516 1642 562 castro
1677 531 1715 562 5.
1747 516 1918 580 Angeli
1952 533 2060 566 ma-

282 614 430 662 gnum
454 597 630 645 festum
653 601 699 645 et
723 597 866 645 tracti
896 598 1117 662 sclopetti
1144 599 1192 646 in
1218 615 1395 662 magna
1420 597 1708 661 quantitate.

348 680 600 728 Dominica
627 680 769 728 tertia
806 679 1057 740 adventus,
1097 685 1147 728 11
1185 682 1406 745 ejusdem
1437 680 1633 740 mensis,
1668 684 1831 730 RmuS.
1863 684 1917 730 D,
1953 699 2063 732 car-

283 761 455 811 dinalis
479 762 860 827 Caputaquensis
885 763 1149 811 celebravit
1181 764 1379 811 missam
1405 763 1648 827 publicam
1673 762 1723 811 in
1747 764 1934 828 capella
1949 782 2063 814 >ma-

276 846 400 910 jore,
438 849 566 910 Papa
596 849 839 910 presente.
870 848 1155 895 Sermonem
1181 847 1295 896 feeit
1318 850 1606 911 procurator
1632 846 1815 894 ordinis
1842 849 2062 897 Heremi-

280 932 441 977 tarum
465 946 503 977 5.
529 929 782 993 Augustini
804 945 812 977 :
843 929 936 977 alia
959 945 1096 978 more
1123 930 1278 979 solito.

347 1012 616 1072 Dominica,
651 1017 678 1060 4
715 1013 962 1073 adventus,
1010 1017 1066 1061 18
1105 1014 1324 1078 ejusdem
1356 1013 1537 1061 mensis
1575 1014 1866 1074 decembris,
1906 1018 1962 1063 R.
2001 1017 2059 1065 D.

282 1096 492 1157 Felinus,
512 1097 768 1161 episcopus
788 1100 1029 1157 Lucanus,
1051 1097 1300 1158 assistens,
1321 1097 1580 1146 celebravit
1597 1098 1796 1146 missam
1818 1099 2062 1162 publicam

279 1179 328 1227 in
364 1179 552 1244 capella
586 1179 821 1244 predicta,
864 1182 991 1244 Papa
1033 1181 1250 1229 absente.
1293 1183 1398 1229 Non
1431 1181 1520 1229 suit
1563 1196 1724 1229 sermo
1762 1181 1877 1245 quia
1914 1181 2064 1230 frater

281 1262 461 1311 ordinis
487 1263 852 1311 carmelitarum
879 1263 1014 1311 illum
1036 1263 1254 1312 facturus
1280 1263 1397 1311 dixit
1423 1263 1552 1312 socio
1580 1279 1707 1323 meo,
1731 1264 1906 1313 deinde
1925 1264 2061 1324 mihi,

281 1346 517 1395 direxisse
542 1362 817 1395 sermonem
841 1363 982 1395 suum
1005 1347 1065 1395 ad
1090 1349 1270 1411 Papam
1295 1347 1394 1410 qui,
1423 1363 1532 1395 cum
1565 1363 1661 1395 non
1690 1350 1818 1396 esset
1842 1363 2061 1411 presens,

286 1433 542 1494 propterea
588 1434 811 1493 oportere
858 1430 960 1493 ejus
1005 1430 1366 1479 inchoationem
1408 1433 1624 1489 mutare3
1665 1433 1833 1494 optare
1877 1448 1926 1479 se
1961 1431 2063 1480 sine

284 1512 510 1561 scandalo
542 1512 700 1560 omitti
733 1513 808 1560 vel
835 1514 996 1576 potius
1021 1529 1118 1561 non
1151 1514 1311 1562 facere
1343 1530 1634 1573 sermonem,
1671 1514 1935 1563 dummodo
1969 1531 2060 1579 pro

284 1611 410 1645 anno
435 1596 596 1644 futuro
628 1611 725 1644 non
750 1595 1021 1659 privaretur
1045 1612 1269 1645 sermone
1293 1597 1534 1660 presentis
1567 1596 1680 1644 diei.
1710 1596 1815 1644 Dixi
1844 1596 1887 1644 ei
1914 1613 2060 1646 exeu-

280 1679 409 1743 quod
441 1679 598 1727 exiret
628 1679 863 1743 capellam
898 1678 947 1726 in
979 1679 1177 1727 nomine
1203 1679 1412 1738 Domini,
1447 1682 1495 1727 et
1528 1695 1618 1744 ego
1651 1694 1810 1727 essem
1841 1680 2059 1728 facturus

281 1763 519 1812 sationem
557 1779 695 1811 suam
739 1762 866 1827 apud
900 1762 1169 1811 cardinales
1213 1779 1301 1827 pro
1337 1763 1522 1811 honore
1560 1778 1646 1811 suo
1683 1763 1813 1827 quod
1851 1779 1900 1811 se
1933 1763 2059 1812 male

278 1847 499 1896 haberet.
528 1846 638 1895 Feci
664 1847 865 1894 verbum
891 1846 1046 1894 tribus
1075 1846 1260 1910 primis,
1289 1846 1511 1895 videlicet
1543 1847 1876 1910 Neapolitano,
1909 1849 2061 1895 Bene—

280 1933 487 1978 ventano
508 1934 552 1978 et
578 1946 615 1977 s.
642 1930 872 1978 Praxedis
896 1929 974 1993 qui
999 1930 1292 1978 remiserunt
1317 1945 1395 1978 me
1419 1930 1479 1977 ad
1505 1930 1643 1989 (11105,
1671 1940 1875 1994 quorum
1899 1931 2060 1995 maj0r

281 2030 393 2079 pars
416 2013 627 2062 laudavit
652 2013 781 2076 quod
803 2028 901 2061 non
927 2017 1055 2061 esset
1087 2029 1263 2061 sermo.
1300 2013 1556 2061 Revocavit
1585 2028 1663 2061 me
1693 2013 2054 2077 Neapolitanus,

280 2097 591 2162 interrogans
623 2096 738 2160 quid
772 2096 875 2144 aliis
910 2096 1236 2145 cardinalibus
1268 2096 1508 2161 placeret3
1545 2096 1774 2160 respondi
1804 2097 1933 2160 quod
1961 2112 2059 2145 non

282 2187 410 2230 esset
437 2196 614 2229 sermo.
652 2180 907 2244 Subjunxit
938 2180 1284 2244 Neapolitanus
1315 2181 1509 2229 turbato
1540 2180 1733 2229 animo:
1771 2200 1794 2224 «
1820 2179 1937 2228 Mihi
1961 2196 2059 2228 non

282 2266 458 2329 placet,
477 2265 583 2314 volo
600 2264 729 2328 quod
743 2264 804 2312 sit
819 2265 1002 2312 sermo!
1024 2284 1046 2307 »
1072 2264 1331 2312 nominans
1346 2279 1425 2312 me
1440 2266 1890 2329 presumptuosum‚
1907 2266 2060 2312 teme-

282 2349 461 2397 rarium
481 2352 528 2397 et
548 2348 856 2407 insolentem,
883 2353 930 2397 et
951 2347 1080 2412 quod
1102 2347 1140 2395 si
1162 2350 1293 2412 Papa
1313 2364 1408 2396 non
1430 2348 1704 2412 injungeret
1724 2346 1841 2395 mihi
1860 2363 2056 2412 gravem

238 2432 243 2438 ’
283 2432 617 2497 penitentiam,
648 2437 775 2481 esset
800 2432 890 2479 sibi
917 2432 1130 2480 facturus
1157 2447 1386 2497 magnam
1410 2431 1784 2496 displicentiam.
1816 2430 2057 2494 Replicavi

282 2519 471 2564 Rmam.
507 2515 899 2564 Dominationem
935 2531 1070 2563 suam
1101 2515 1233 2579 loqui
1267 2519 1432 2580 preter
1468 2515 1728 2564 rationem.
1761 2514 1926 2563 RRmi.
1952 2517 2067 2563 DD,

283 2601 653 2648 Beneventanus
692 2603 739 2647 et
779 2615 816 2647 s.
858 2599 1087 2647 Praxedis
1132 2598 1349 2648 videntes
1385 2599 1521 2647 illum
1562 2602 1860 2647 commotum
1899 2603 1946 2646 et
1981 2613 2058 2646 me

284 2683 601 2742 commoveri,
637 2683 857 2731 fecerunt
886 2682 1005 2730 mihi
1031 2682 1224 2747 signum
1249 2683 1377 2746 quod
1403 2683 1593 2732 silerem
1619 2686 1664 2731 et
1689 2683 1748 2730 ab
1773 2698 1831 2730 eo
1861 2682 2058 2731 recede-

284 2784 404 2826 rem,
432 2767 561 2830 quod
587 2766 676 2814 feci
698 2782 706 2814 :
734 2766 904 2815 habuit
927 2772 1091 2815 tamen
1115 2766 1174 2815 de
1195 2782 1421 2814 sermone
1441 2765 1741 2830 patientiam.

350 2851 576 2910 Sabbato,
618 2854 679 2897 24
722 2850 996 2899 decembris
1038 2850 1318 2914 supradicti,
1362 2849 1524 2912 vigilia
1563 2849 1822 2898 nativitatis
1864 2847 2055 2912 Domini

283 2934 436 2982 nostri
466 2935 579 2982 Jesu
609 2932 800 2993 Christi,
835 2933 1031 2981 fuerunt
1066 2948 1267 2996 vespere
1308 2932 1505 2996 papales
1541 2932 1590 2979 in
1626 2931 1812 2996 capella
1843 2932 2050 2995 majore,

284 3020 411 3082 Papa
433 3019 676 3082 presente.
705 3018 755 3064 In
782 3019 924 3065 nocte
952 3016 1189 3079 sequenti,
1224 3018 1332 3079 post
1359 3015 1532 3063 horam
1563 3031 1760 3074 nonam,
1787 3015 1978 3079 incepte
2008 3019 2056 3063 et

282 3105 386 3149 acte
410 3101 604 3149 fuerunt
624 3100 859 3150 matutine
882 3100 930 3147 in
955 3100 1139 3164 capella
1162 3099 1350 3148 minore
1374 3101 1502 3163 Pape
1529 3099 1589 3147 ad
1614 3098 1887 3147 evitandum
1906 3098 2053 3162 frigus

282 3188 328 3231 et
364 3186 575 3243 ventum,
615 3185 744 3247 Papa
771 3183 986 3232 absente.
1027 3183 1252 3231 Officium
1284 3182 1333 3230 in
1363 3182 1608 3231 matutinis
1645 3181 1759 3230 fecit
1791 3185 1956 3230 Rmus.
1990 3184 2049 3230 D.

281 3266 541 3316 cardinalis
573 3267 862 3315 Cusentinus
897 3266 977 3330 qui
1012 3266 1159 3314 etiam
1192 3266 1400 3315 cantavit
1434 3266 1641 3331 primam
1676 3266 1877 3314 missam
1913 3281 2051 3314 more

281 3354 455 3403 solito:
494 3356 656 3418 preter
687 3352 1019 3412 Cusentinum,
1049 3352 1373 3401 interfuerunt
1402 3357 1604 3416 quatuor
1639 3352 1719 3400 alii
1757 3351 2045 3412 cardinales,

278 3438 503 3487 videlicet
544 3435 921 3497 AlexandrinuS,
963 3437 1368 3502 CaputaquensiS,
1410 3436 1623 3486 Medices
1671 3439 1718 3485 et
1769 3436 2044 3496 Cesarinu5,
