2254 3944
369 392 415 426 28
979 389 1214 427 JOHANNIS
1248 389 1544 436 BURCHARm,
1929 391 2032 433 [Mars
2049 394 2142 436 1500]

366 493 554 542 birreto
580 495 639 541 (le
668 493 942 542 cremesino
984 494 1281 557 supradicto,
1311 494 1443 542 dedit
1475 494 1594 540 illud
1635 497 1762 558 Pape
1799 488 1878 558 Qui
1917 495 2146 560 imposuit

373 593 483 624 eum
511 577 656 640 capiti
682 577 834 636 ducis,
864 577 1030 624 dicens
1059 594 1068 625 :
1103 599 1121 620 a
1150 578 1328 642 Accipe
1353 578 1540 642 insigne
1566 577 1979 626 confaloneriatus
2003 596 2146 643 pree-

372 660 621 719 minentie,
650 661 779 723 quod
804 677 893 724 per
917 677 1005 707 nos
1032 662 1178 724 capiti
1202 665 1284 709 tuo
1310 661 1594 724 imponitur,
1628 661 1673 707 in
1698 661 1892 709 nomine
1918 663 2074 710 Patris
2100 667 2147 712 et

372 744 476 790 Filii
514 747 557 791 et
598 744 806 807 Spiritus
847 745 1038 803 Sancti,
1067 749 1114 793 et
1150 745 1392 809 intelligas
1434 748 1475 791 tc
1505 745 1679 792 amodo
1719 745 1778 791 ad
1815 742 2146 813 defensionem

370 825 480 872 fidei
508 830 555 887 et
581 830 893 875 sacrosancte
918 828 1121 875 ecclesie
1148 827 1254 875 fore
1280 827 1571 885 debitorem,
1604 827 1733 890 quod
1755 830 1806 874 ut
1831 843 1979 890 opere
1997 830 2146 892 perfi-

371 923 483 955 cere
510 909 686 968 valeas,
727 910 807 957 ille
845 910 930 958 tibi
970 911 1242 958 concedere
1269 905 1508 970 dignetur
1546 908 1626 972 qui
1667 913 1732 956 est
1775 910 2061 958 benedictus
2098 912 2146 959 in

370 992 532 1039 secula
558 993 853 1041 seculorum.
877 1013 898 1035 »
2115 992 2121 996 ⁴

434 1075 615 1131 Quibus
647 1076 804 1135 dictis,
840 1078 1053 1124 surrexit
1084 1079 1230 1139 Papa,
1274 1076 1497 1139 deposita
1521 1076 1683 1128 mitra,
1714 1081 1760 1124 et
1793 1094 1940 1140 super
1971 1078 2145 1125 ducem

370 1159 529 1207 adhuc
583 1161 892 1223 genuflexum
930 1161 1048 1208 dixit.
1083 1160 1354 1207 orationem
1392 1163 1712 1223 sequentem:
1758 1182 1778 1204 «
1820 1164 1964 1213 Deus,
2007 1165 2147 1225 pater

366 1246 535 1290 eterne
558 1244 730 1307 glorie,
763 1244 825 1291 sit
853 1245 1048 1308 adjutor
1074 1248 1184 1291 tuus
1210 1247 1255 1291 et
1272 1234 1876 1307 protector,omnipotens
1893 1242 2146 1293 benedicat

374 1327 474 1383 tibi,
526 1344 697 1391 preces
742 1332 849 1376 tuas
891 1329 937 1375 in
965 1328 1149 1376 cunctis
1186 1329 1409 1375 exaudiat
1445 1331 1491 1374 et
1515 1328 1662 1375 vitam
1691 1332 1821 1376 tuam
1847 1329 2148 1391 longitudine

373 1410 561 1458 dierum
590 1412 871 1475 adimpleat,
914 1412 1135 1459 inimicos
1177 1415 1281 1459 tuos
1309 1412 1590 1458 confusione
1626 1412 1810 1470 induat,
1843 1416 1887 1459 et
1927 1429 2072 1476 super
2103 1418 2148 1461 te

380 1494 701 1541 sanctificatio
728 1495 905 1546 Christi
931 1496 1127 1551 floream
1158 1499 1203 1542 et
1231 1495 1309 1558 qui
1340 1495 1423 1542 tibi
1449 1495 1497 1541 in
1529 1495 1674 1542 terris
1707 1494 2149 1544 confaloneriatum

380 1577 601 1635 contulit,
623 1578 725 1640 ipse
753 1578 837 1626 tibi
864 1578 910 1625 in
938 1579 1054 1625 celis
1082 1578 1302 1625 conferat
1337 1581 1559 1625 eternam
1598 1578 1822 1641 gloriam,
1863 1579 1943 1642 qui
1970 1579 2077 1628 vivit
2105 1586 2150 1628 et

377 1663 551 1723 regnat
575 1660 621 1707 in
661 1661 845 1708 unitate
878 1661 1086 1725 Spiritus
1111 1661 1272 1709 Sancti
1302 1663 1445 1711 Deus.
1477 1677 1563 1723 per
1590 1660 1753 1708 omnia
1779 1661 1944 1708 secula
1969 1665 2152 1711 seculo-

381 1759 503 1791 rum.
538 1763 559 1786 »

444 1825 578 1872 Sedit.
603 1827 733 1888 Papa
758 1829 821 1883 et,
852 1829 1054 1889 accepta
1079 1825 1242 1879 mitra,
1272 1828 1474 1888 propter
1500 1826 1907 1888 preeminentiam
1933 1826 2151 1885 confalo-

378 1906 612 1965 neriatus,
652 1907 899 1954 mandavit
937 1907 1043 1954 dari
1080 1907 1243 1954 locun]
1286 1907 1507 1969 predicto
1538 1907 1871 1955 consalonerio
1906 1908 1955 1955 in
1994 1909 2150 1955 banco

377 1990 698 2038 cardinalium
725 1993 833 2053 post
866 1991 1166 2038 cardinalem
1193 1989 1434 2037 ultimum.
1473 1992 1577 2037 Dux
1601 1991 1847 2038 osculatus
1877 1994 1949 2038 est
1973 1991 2147 2054 pedem

378 2075 505 2136 Pape
531 2074 578 2120 in
606 2074 783 2122 biretto
816 2074 1245 2127 confaloneriatus,
1277 2075 1405 2137 quod
1429 2089 1525 2120 non
1550 2073 1805 2137 deposuit.‘
1827 2074 2066 2133 Surrexit,
2104 2078 2150 2122 et

376 2157 421 2203 in
450 2158 622 2204 eodem
646 2158 833 2205 birreto
866 2157 1017 2206 locavi
1050 2174 1160 2205 eum
1186 2160 1293 2221 post
1320 2158 1543 2204 ultimum
1566 2157 1825 2204 diaconum
1848 2157 2149 2205 cardinalem

377 2241 455 2304 qui
483 2244 594 2289 tunc
621 2245 728 2289 erat
751 2244 917 2288 Rmus
947 2242 1005 2288 de
1030 2242 1262 2288 Farnesio
1290 2244 1333 2288 et
1360 2242 1519 2288 stabat
1544 2240 1743 2288 ultimus
1768 2241 1817 2288 in
1841 2242 1996 2288 banco
2028 2241 2152 2304 epis-

375 2340 612 2387 coporum
638 2328 685 2372 et
707 2326 1111 2389 presbyterorum
1138 2325 1479 2382 cardinalium,
1501 2323 1613 2387 quia
1637 2327 1743 2371 erat
1764 2324 1894 2371 solus
1916 2323 2150 2372 diaconus

376 2411 540 2471 preter
567 2408 688 2455 duos
715 2408 1012 2466 assistentes,
1040 2411 1186 2470 prout
1212 2410 1342 2470 Papa
1364 2408 1697 2454 mandaverat.

440 2492 544 2546 Quo
569 2490 716 2545 facto,
748 2493 973 2538 cantores
997 2490 1286 2554 inceperunt
1310 2490 1563 2537 introitum
1589 2490 1750 2549 misse,
1781 2494 1828 2538 et
1845 2493 1976 2554 Papa
1991 2490 2148 2554 impo-

373 2573 465 2621 suit
497 2574 771 2632 incensum;
802 2574 1057 2621 celebrans
1082 2573 1301 2621 ascendit
1332 2574 1391 2620 ad
1417 2573 1588 2631 altare,
1631 2573 1898 2622 incensavit.
1934 2573 2072 2631 illud,
2101 2576 2148 2621 et

374 2657 653 2704 continuata
676 2660 748 2704 est
770 2657 917 2704 missa
937 2673 1076 2704 more
1103 2657 1262 2715 solito,
1295 2660 1341 2704 et
1374 2673 1472 2704 non
1496 2656 1585 2704 fuit
1619 2673 1780 2705 sermo
1818 2659 1877 2705 de
1916 2658 2147 2706 mandato

372 2743 519 2803 Pape.
551 2743 726 2788 Parata
750 2741 896 2787 etiam
921 2740 1116 2787 fuerunt
1147 2743 1258 2787 ante
1284 2740 1481 2787 missam
1518 2741 1614 2787 duo
1661 2741 1833 2787 vexilla
1873 2741 1967 2787 sive
2005 2744 2147 2788 sten-

372 2823 541 2882 darda,
573 2838 722 2870 unum
750 2825 895 2885 Pape,
922 2823 1054 2869 aliud
1079 2822 1313 2880 Ecclesie,
1336 2824 1384 2868 et
1409 2822 1502 2868 due
1528 2822 1666 2869 haste
1690 2822 1834 2885 longe
1849 2823 2022 2885 quibus
2039 2828 2147 2886 post

372 2906 762 2954 benedictionem
795 2909 936 2953 erant
966 2905 1287 2968 imponenda;
1333 2905 1428 2951 duo
1466 2905 1685 2952 totaliter
1723 2905 1899 2953 armati
1928 2906 2007 2969 qui
2044 2906 2148 2970 ipsa

371 2987 606 3034 deberent
633 2988 825 3034 deferre
848 2990 959 3034 ante
985 2988 1182 3046 ducem;
1212 2986 1413 3034 baculus
1441 2987 1578 3035 albus
1595 3003 1809 3051 grossus,
1829 2981 2147 3052 longitudinis

370 3073 589 3135 quatuor
605 3071 881 3133 palmorum
905 3071 977 3117 vel
1001 3071 1148 3118 circa.

433 3153 591 3200 Finita
616 3153 780 3211 missa,
817 3156 864 3200 et
896 3154 1021 3201 datis
1052 3170 1140 3217 per
1166 3157 1346 3218 Papam
1373 3154 1712 3220 benedictione
1739 3158 1786 3201 et
1810 3154 2140 3217 indulgentiis,

371 3240 417 3284 et
438 3236 533 3283 illis
564 3252 651 3299 per
685 3235 1015 3284 celebrantem
1049 3238 1324 3300 publicatiS,
1374 3238 1627 3285 celebrans
1659 3236 1806 3283 rediit
1836 3237 1896 3283 ad
1931 3236 2147 3284 faldisto-

368 3319 513 3377 rium,
544 3318 767 3382 deposuit
792 3334 957 3366 sacras
979 3324 1133 3368 vestes
1149 3324 1197 3368 et
1220 3321 1423 3369 accessit
1439 3321 1499 3368 ad
1517 3320 1636 3367 alios
1663 3318 1954 3366 cardinales,
1975 3322 2139 3366 Rmus.

371 3406 427 3450 D.
457 3400 717 3450 cardinalis
744 3416 781 3448 s.
812 3401 1074 3450 Clementis
1108 3404 1253 3450 rediit
1284 3404 1341 3451 ad
1384 3403 1684 3460 Pontificem,
1713 3418 1879 3449 coram
1916 3418 2011 3464 quo
2048 3402 2143 3448 duo

371 3485 533 3531 clerici
560 3499 754 3531 camere
784 3488 1168 3547 apportaverunt
1190 3486 1416 3533 vexillum
1443 3485 1652 3533 Ecclesie
1680 3488 1726 3532 et
1742 3485 1871 3532 aliud
1897 3488 2024 3546 Pape
2050 3484 2142 3546 pli-
