2228 3938
326 324 396 361 240
931 305 1164 362 JoHANle
1197 324 1494 367 BURCHARDI,
1883 325 1991 369 [Amat
2011 326 2104 371 15⁰3]

327 443 414 491 pro
437 425 763 475 cardinalibus
787 425 835 473 in
859 427 1059 489 quadro.
1090 429 1206 491 Ego,
1232 431 1488 491 postquam
1516 427 1624 474 veni
1660 428 1720 489 ad
1744 430 1939 491 Papam,
1970 429 2104 478 indui

328 525 438 558 eum
469 508 767 573 paramentis
795 508 959 556 rubeis
990 510 1214 558 omnibus
1249 511 1307 557 de
1338 510 1598 558 brocatello
1635 515 1681 558 et
1713 511 1938 574 phanone
1974 511 2105 560 brevi

327 595 512 641 tantum
540 596 586 641 et
609 591 808 656 pulchra
830 592 1027 657 planeta
1052 596 1097 639 et
1118 593 1310 658 caligis3
1338 596 1386 642 et
1409 594 1522 656 quia
1554 594 1701 642 calcei
1733 609 1829 642 non
1860 579 2106 644 habebant

326 691 542 735 crucem,
569 675 678 724 loco
704 675 1012 723 sandalorum
1036 675 1245 740 imposui
1277 677 1320 725 ei
1352 677 1586 740 planellas
1613 677 1919 739 quotidianas
1943 677 2002 726 de
2025 694 2106 725 ve-

325 760 445 807 lluto
468 759 743 808 cremesino
767 774 877 806 cum
900 774 1046 807 cruce
1073 775 1222 808 aurea
1246 763 1449 820 tantum,
1478 764 1526 808 et
1551 776 1660 808 cum
1686 760 1870 808 duabus
1896 761 2105 825 stringlis

325 843 466 906 ligavi
499 846 635 891 retro
657 843 718 890 ad
742 841 1018 901 calcaneos3
1049 843 1223 891 defecit
1249 843 1291 890 ei
1315 843 1521 891 annulus
1547 859 1691 907 quem
1717 858 1804 907 pro
1840 858 1898 892 eo
1923 844 2104 892 habere

325 943 422 974 non
462 926 614 990 potui.
657 926 741 974 His
766 925 989 989 peractiS,
1024 927 1320 989 portavimus
1360 943 1469 974 eum
1506 943 1591 991 per
1637 927 1755 975 duas
1792 943 2012 975 cameras
2058 930 2107 975 et

323 1011 482 1059 aulam
507 1009 807 1074 pontificiam
829 1012 877 1057 et
901 1025 1145 1058 cameram
1167 1010 1407 1059 audientie
1443 1011 1502 1058 ad
1528 1011 1837 1075 papagallum
1867 1010 1948 1059 ubi
1969 1027 2106 1075 para-

322 1095 476 1142 vimus
502 1110 721 1142 mensam
743 1094 884 1142 unius
909 1110 1063 1142 canne
1088 1093 1342 1157 pulchram
1373 1098 1421 1142 et
1441 1097 1720 1158 coopertam
1745 1095 1803 1142 de
1829 1094 2100 1143 cremesino

323 1181 370 1226 et
395 1177 569 1226 deinde
599 1193 710 1226 cum
747 1177 950 1241 pulchro
976 1180 1154 1241 tapete,
1191 1182 1237 1225 et
1259 1178 1538 1241 accepimus
1569 1182 1776 1241 quatuor
1798 1178 2018 1226 cussinos
2040 1178 2100 1225 de

321 1261 552 1309 broccato
582 1264 628 1309 et
650 1276 797 1308 unum
833 1261 891 1307 de
918 1260 1093 1308 velluto
1127 1261 1401 1309 cremesino
1425 1277 1556 1319 raso,
1592 1264 1638 1308 et
1661 1276 1809 1309 unum
1831 1261 1890 1308 de
1925 1260 2101 1308 velluto

321 1345 593 1393 cremesino
619 1345 815 1407 antiquo
836 1344 1123 1392 retinuimus
1148 1360 1299 1392 unum
1325 1345 1382 1392 de
1408 1345 1637 1393 broccato
1665 1349 1711 1392 et
1735 1345 1794 1393 de
1825 1344 2100 1393 cremesino

318 1444 426 1476 raso
448 1428 699 1491 antiquum
721 1428 972 1491 posuimus
998 1428 1086 1475 sub
1118 1428 1320 1491 spatulis
1350 1430 1495 1491 Pape,
1525 1432 1573 1476 et
1599 1429 1695 1476 duo
1719 1429 1856 1492 juxta
1877 1430 1925 1476 et
1949 1435 2099 1475 unum

318 1512 528 1574 desuper
548 1511 598 1558 in
617 1510 753 1558 initio
780 1510 868 1557 sub
893 1510 1048 1574 capite
1074 1513 1202 1574 Pape
1229 1514 1276 1558 et
1298 1512 1503 1574 desuper
1531 1527 1641 1559 cum
1666 1511 1759 1559 alio
1786 1510 2098 1574 tapete'anti-

318 1611 413 1658 quo
438 1594 519 1650 ubi
545 1593 677 1644 stetit
701 1593 783 1641 illa
808 1598 951 1642 nocte
985 1609 1096 1641 cum
1131 1593 1317 1641 duobus
1342 1593 1610 1652 intorticiiS,
1641 1598 1688 1642 et
1712 1611 1857 1642 nemo
1884 1610 1994 1642 cum
2018 1609 2093 1652 eo,

315 1678 428 1726 licet
453 1678 632 1726 fuerint
658 1678 815 1726 vocati
847 1677 1206 1741 prothonotarii
1237 1677 1297 1725 ad
1334 1677 1595 1725 dicendum
1633 1677 1850 1725 officium
1879 1680 2099 1725 mortuo-

316 1777 442 1823 rum.
471 1763 572 1825 Ego
602 1761 685 1809 illa
718 1764 860 1809 nocte
892 1760 1017 1808 redii
1055 1760 1115 1808 ad
1140 1760 1322 1808 Urbem
1353 1764 1462 1824 post
1492 1760 1688 1809 tertiam
1716 1761 1887 1809 horam
1925 1759 2096 1819 noctiS,

317 1845 584 1893 associatus
626 1845 685 1893 ab
710 1847 820 1893 octo
845 1845 904 1892 de
923 1854 925 1856 ’
944 1844 1166 1893 custodia
1190 1844 1371 1908 palatii,
1402 1847 1449 1893 et
1470 1844 1710 1904 mandavi,
1742 1843 1937 1893 nomine
1970 1843 2100 1893 vice-

322 1928 614 1983 cancellarii,
643 1928 813 1977 Carolo
841 1928 1028 1976 cursori
1054 1928 1184 1991 quod
1203 1928 1403 1977 deberet
1429 1944 1538 1975 cum
1574 1928 1716 1976 sociis
1741 1928 1829 1976 sub
1853 1943 1979 1991 pena
2002 1927 2101 1991 pri-³

322 2012 526 2061 vationis
552 2011 699 2060 officii
725 2011 952 2060 intimare
975 2011 1062 2059 toti
1092 2011 1221 2059 clero
1247 2011 1407 2070 Urbis,
1445 2012 1686 2076 religiosis
1707 2014 1755 2060 et
1779 2011 2096 2071 secularibus,

324 2097 452 2161 quod
489 2103 594 2144 cras
640 2095 930 2144 duodecima
968 2095 1109 2154 hora,
1149 2099 1309 2144 essent
1344 2095 1393 2142 in
1432 2095 1608 2159 palatio
1654 2098 1781 2158 Pape
1819 2094 2100 2143 associaturi

324 2181 465 2228 funus
503 2196 531 2228 a
568 2179 750 2243 capella
796 2178 971 2244 majori
1014 2178 1076 2226 ad·
1118 2178 1367 2228 basilicam
1415 2195 1453 2227 s.
1495 2178 1640 2227 Petri.
1690 2181 1865 2226 Parata
1907 2178 2101 2226 fuerunt

324 2264 539 2312 ducenta
562 2262 805 2311 intorticia
831 2278 920 2326 pro
947 2264 1076 2326 Papa
1101 2262 1403 2311 associando.

316 2411 323 2418 ι
386 2350 439 2396 111
465 2355 605 2396 mane
628 2346 864 2410 sequenti,
888 2350 943 2395 19
961 2347 1168 2411 augusti,
1189 2346 1281 2394 feci
1303 2349 1502 2410 portare
1526 2344 1880 2394 catalectumin
1902 2358 2101 2392 camera

326 2431 589 2495 Papagalli,
614 2433 661 2478 et
683 2429 821 2494 posui
837 2430 1073 2494 desuper3
1093 2429 1414 2478 subdiaconus
1434 2429 1521 2478 fuit
1536 2432 1731 2493 paratus
1753 2445 1839 2493 pro
1860 2428 2103 2492 portanda

323 2531 468 2563 cruce
493 2530 604 2564 cum
622 2530 707 2562 sua
727 2530 901 2578 cappa3
934 2513 1019 2561 sed
1039 2529 1135 2562 non
1151 2513 1399 2577 potuimus
1423 2513 1607 2562 habere
1633 2528 1830 2562 crucem
1856 2511 2095 2576 papalem.

323 2598 666 2646 Hinc'fuerunt
703 2598 858 2647 vocati
894 2597 1109 2646 scutiferi
1147 2602 1192 2645 et
1223 2597 1419 2661 quidam
1455 2597 1738 2645 cubicularii
1770 2595 1848 2660 qui
1880 2598 2099 2659 portave-

322 2687 434 2731 runt
459 2682 776 2746 quadraginta
800 2681 893 2730 tria
914 2681 1173 2741 intorticia,
1203 2685 1250 2729 et
1274 2684 1480 2744 quatuor
1505 2679 1849 2745 penitentiarii‚
1881 2678 2100 2727 videlicet
2168 2715 2172 2717 »

323 2766 578 2830 episcopus
629 2765 1063 2829 Milopotamensis,
1112 2767 1167 2812 D.
1223 2764 1461 2813 Claudius
1488 2764 1722 2823 Cataleni,
1769 2766 1825 2811 D.
1875 2762 2096 2810 Andreas

322 2849 517 2896 Frisner
569 2854 614 2897 61
657 2849 903 2897 Arnoldus
921 2855 925 2858 ’
944 2849 1004 2897 de
1049 2848 1287 2907 Bedietto,
1336 2848 1517 2896 ordinis
1559 2847 1830 2905 minorum3
1865 2848 1914 2894 et
1953 2848 2095 2892 nocte

321 2932 544 2980 dixerunt
569 2931 783 2980 officium
809 2936 1112 2980 mortuorum
1144 2931 1368 2979 sedentes
1386 2930 1434 2978 in
1459 2930 1611 2994 gradu
1636 2929 1846 2978 fenestre
1871 2930 1919 2975 et
1943 2941 2094 2990 appo—

322 3018 522 3062 suerunt
546 3029 719 3062 manus
747 3014 806 3062 ad
830 3014 1065 3061 feretrum
1091 3016 1238 3077 Pape,
1267 3014 1396 3076 quod
1425 3015 1739 3076 portaverunt
1763 3010 1831 3058 illi
1854 3025 2092 3074 pauperes

319 3097 398 3160 qui
418 3097 597 3145 ibidem
615 3097 891 3155 adstabant,
919 3099 1097 3159 Papam
1123 3096 1357 3144 videntes,
1388 3095 1700 3143 Postmodum
1725 3092 1863 3157 posui
1888 3092 1937 3139 in
1965 3094 2094 3140 cata·

317 3179 457 3227 lecto
485 3184 806 3228 matarazzum
851 3178 1148 3242 duplicatum
1195 3182 1242 3226 et
1287 3178 1493 3241 desuper
1536 3176 1796 3241 pulchrum
1844 3174 2090 3239 palliolum

318 3277 495 3310 novum
525 3263 584 3310 de
615 3260 910 3310 broccatello
938 3261 1150 3309 violaceo
1179 3261 1310 3308 claro
1342 3275 1450 3308 cum
1483 3259 1673 3307 duabus
1694 3258 1803 3307 telis
1821 3257 1956 3307 novis
1979 3271 2089 3305 cum

319 3345 465 3393 armis
499 3349 626 3410 Pape
653 3343 932 3402 Alexandri,
972 3348 1019 3392 et
1040 3344 1259 3407 desuper
1296 3345 1492 3407 Papam,
1530 3358 1639 3390 cum
1681 3342 1878 3406 antiquo
1903 3342 2084 3404 tapete,

318 3426 509 3478 cussino
535 3428 733 3493 antiquo
766 3427 853 3476 sub
884 3427 1083 3491 spatulis
1109 3430 1157 3475 et
1186 3426 1372 3476 duobus
1397 3425 1456 3473 de
1500 3424 1729 3475 broccato
1764 3423 1869 3493 sub⁸
1888 3422 2048 3487 capite
2072 3438 2081 3469 :
