2228 3938
176 403 333 455 [lanvier
352 416 447 457 1503]
630 415 799 454 RERUM
833 415 1134 454 URBANARUM
1159 416 1511 458 COMMENTARH«
1882 421 1948 456 231

179 520 373 579 Ursino,
402 522 453 568 ut
476 520 733 584 prefertur,
762 533 928 566 rumor
952 520 1167 568 surrexit
1181 536 1268 583 per
1293 521 1475 569 Urbem
1501 524 1681 585 Papam
1700 537 1807 570 esse
1822 537 1954 571 mor-

177 608 312 652 tuum
338 607 386 653 et
415 603 666 668 Neapolim
704 603 765 650 ab
790 602 1015 666 Hispanis
1048 607 1262 667 captum,
1292 605 1376 652 sed
1405 605 1593 653 nullum
1620 605 1798 654 horum
1827 609 1952 654 erat.

177 687 446 736 Cardinalis
461 686 740 744 CesarinuS,
768 685 1013 734 intellecta
1038 687 1315 735 detentione
1346 688 1606 736 cardinalis
1634 688 1811 748 Ursini,
1840 689 1954 737 fecit

175 771 358 835 pulsari
401 785 686 834 campanam
719 785 856 817 suam
896 770 957 817 ad
983 769 1316 833 equitandum,
1355 775 1403 820 et
1439 772 1542 819 sine
1568 787 1703 820 mora
1737 772 1955 821 ascendit

176 854 358 902 mulam
382 858 430 903 et
450 870 539 918 per
561 853 741 901 viculos
778 856 827 901 et
861 852 1013 901 bivios
1050 853 1279 916 equitavit
1310 855 1371 903 ad
1415 855 1646 919 palatium
1682 855 1913 904 velociter
1940 873 1950 903 ε

176 939 408 1002 gravitate
437 941 547 1002 post
582 937 764 996 habita,
801 937 994 985 modica
1030 953 1167 986 mora
1196 941 1461 998 transacta,
1490 939 1633 987 rediit
1669 940 1729 988 ad
1755 941 1954 988 domum

177 1023 350 1071 eodem
375 1023 521 1070 modo
547 1026 599 1070 ut
619 1026 831 1070 venerat.

246 1109 346 1156 Hac
386 1107 463 1155 die
500 1110 547 1155 et
581 1110 724 1155 nocte
765 1106 1002 1170 sequenti,
1043 1106 1242 1155 Carolus
1278 1108 1480 1156 Ursinus
1515 1108 1741 1156 detentus
1780 1108 1869 1156 fuit
1908 1108 1957 1156 in

177 1206 372 1238 camera
397 1190 677 1254 supradicte
702 1190 871 1249 turris,
897 1189 1009 1238 etin
1029 1189 1106 1237 die
1122 1191 1345 1254 sequenti
1368 1191 1540 1239 ductus
1558 1190 1647 1240 fuit
1663 1191 1724 1239 ad
1740 1206 1957 1239 cameras

176 1290 326 1337 supra
350 1274 587 1338 capellam
614 1274 855 1338 majorem
881 1277 928 1321 et
951 1272 1130 1320 ibidem
1159 1274 1431 1322 custoditus
1456 1291 1608 1338 usque
1643 1275 1703 1322 ad
1730 1290 1957 1339 vesperas

174 1357 268 1405 diei
280 1357 402 1421 jovis
419 1356 645 1420 proximi.
670 1357 852 1413 Quibus
874 1356 923 1404 in
944 1356 1128 1420 capella
1150 1356 1327 1417 ductis,
1350 1357 1438 1405 fuit
1459 1358 1634 1406 ductus
1657 1358 1718 1406 ad
1741 1361 1957 1406 castrum

175 1457 212 1489 s.
241 1441 410 1504 Angeli
437 1441 516 1489 ubi
547 1440 840 1489 castellanus
864 1440 1051 1505 recepit
1075 1457 1187 1489 eum
1212 1442 1260 1489 in
1286 1457 1535 1490 cameram
1561 1458 1726 1501 suam;
1754 1441 1958 1507 protho-

173 1523 391 1572 notarius
430 1527 478 1572 et
516 1524 663 1572 abbas
701 1524 831 1573 ducti
868 1524 1068 1573 fuerunt
1101 1541 1274 1588 parum
1305 1529 1415 1589 post
1441 1529 1694 1589 capturam
1732 1525 1791 1573 ad
1828 1525 1957 1573 idem

174 1611 412 1666 castrum;
440 1608 650 1656 Jacobus
676 1609 735 1656 de
761 1610 939 1656 Sancta
961 1610 1116 1656 Cruce
1143 1608 1367 1656 detentus
1393 1609 1484 1656 fuit
1503 1609 1552 1656 in
1577 1608 1775 1673 palatio.

240 1691 410 1740 Modus
440 1694 603 1739 autem
640 1706 736 1754 quo
763 1692 860 1739 dux
895 1708 1009 1739 usus
1034 1695 1107 1740 est
1142 1692 1366 1756 capiendi
1392 1693 1657 1756 predictos,
1701 1692 1789 1740 fuit
1818 1711 1827 1740 :
1858 1693 1956 1741 dux

176 1774 408 1823 assistens
444 1778 554 1824 ante
594 1790 759 1823 arcem
803 1775 1217 1840 Senogalliensem
1268 1792 1380 1824 cum
1416 1776 1682 1835 Vitellotio,
1724 1776 1874 1824 Paulo
1911 1781 1959 1825 et

178 1857 284 1907 aliis
310 1858 563 1922 predictis,
595 1858 729 1906 tinxit
766 1874 864 1906 nou
888 1858 1010 1907 'velle
1037 1875 1145 1907 eam
1167 1859 1251 1908 illa
1272 1859 1397 1907 hora
1422 1859 1686 1919 debellare,
1717 1859 1803 1907 sed
1821 1859 1957 1923 prius

175 1941 340 1989 facere
365 1941 675 1990 collationem
699 1942 756 1990 ad
784 1957 928 2005 quam
954 1942 1167 1991 invitavit
1191 1958 1360 1991 omnes
1384 1943 1651 2007 predictos.
1681 1945 1786 1990 Dux
1812 1942 1959 1991 intra-

177 2025 244 2072 vit
269 2025 483 2084 domum,
510 2041 655 2088 quem
688 2028 884 2073 secutus
910 2029 984 2073 est
1005 2026 1181 2074 Paulus
1210 2042 1238 2074 a
1262 2027 1385 2075 duce
1409 2026 1685 2090 specialiter
1709 2026 1952 2085 invitatus,

172 2107 451 2158 Vitellotius
471 2113 670 2156 vocatus
696 2124 724 2156 a
748 2108 897 2156 Paulo
923 2114 971 2156 et
995 2109 1078 2157 alii
1105 2109 1215 2157 illos
1241 2109 1414 2158 secuti.
1445 2111 1562 2157 Cum
1589 2112 1751 2158 essent
1775 2108 1824 2157 in
1848 2109 1960 2157 aula

175 2192 366 2252 domuS‚
413 2176 509 2240 dux
555 2193 750 2241 intravit
794 2194 855 2241 ad
892 2209 1140 2242 cameram
1170 2210 1179 2241 :
1209 2194 1437 2242 adstatim
1475 2193 1805 2241 Michellottus
1845 2209 1957 2241 cum

173 2276 339 2325 multis
365 2277 817 2341 appropinquantes
844 2293 913 2336 se,
941 2277 1091 2341 aliqui
1114 2277 1384 2337 Vitellotio‚
1412 2278 1495 2326 alii
1520 2276 1686 2335 Paulo,
1719 2276 1798 2325 alii
1829 2280 1958 2325 cete-

172 2359 241 2407 ris
277 2359 527 2423 predictiS,
568 2360 797 2408 dixerunt
833 2360 902 2408 eis
931 2379 940 2408 :
974 2362 1123 2410 «Vos
1165 2361 1281 2409 estis
1321 2361 1450 2424 capti
1470 2376 1518 2419 »;
1559 2359 1619 2408 ad
1652 2375 1745 2423 que
1783 2359 1952 2418 verba,

173 2443 450 2492 Vitellotius
495 2446 715 2491 extracto
752 2444 963 2507 pugione
997 2444 1267 2493 vulneravit
1298 2460 1355 2492 ex
1385 2443 1687 2492 irruentibus
1715 2443 1765 2490 in
1800 2458 1912 2491 eum
1939 2459 1951 2490 :

172 2524 490 2573 nihilominus
514 2525 617 2589 ipse
644 2530 690 2574 et
715 2526 795 2573 alii
820 2526 1020 2574 fuerunt
1052 2527 1256 2586 detenti,
1285 2532 1332 2576 et
1357 2528 1417 2576 de
1444 2527 1514 2575 eis
1538 2531 1700 2576 actum
1732 2530 1784 2574 ut
1809 2541 1958 2590 supra

173 2607 287 2656 dixi.
1491 2616 1495 2619 '

238 2692 375 2740 Feria
400 2695 594 2755 quarta,
620 2695 648 2739 4
666 2692 899 2756 januarii,
928 2692 1139 2739 Jacohus
1161 2692 1220 2738 de
1247 2692 1428 2738 Sancta
1451 2692 1606 2738 Cruce
1622 2691 1755 2739 dedit
1777 2692 1957 2740 securi·
2026 2701 2030 2703 ’

174 2778 325 2823 tatem
351 2775 571 2839 pontifici
599 2775 658 2822 de
674 2775 1060 2838 representando
1086 2790 1136 2821 se
1161 2774 1339 2822 totiens
1361 2773 1587 2837 quotiens
1606 2776 1654 2822 et
1678 2774 1757 2822 ubi
1775 2757 1950 2831 *vellet;

173 2862 289 2907 etse
308 2848 583 2923 'propterea
608 2875 664 2907 ac
690 2858 855 2907 omnia
889 2875 976 2907 sua
1006 2859 1095 2906 sub
1120 2858 1258 2922 penis
1285 2873 1480 2905 camere
1506 2856 1759 2921 obligavit;
1795 2862 1840 2906 et
1864 2875 1954 2922 pro

172 2959 230 2991 eo
257 2943 479 2991 nonnulli
504 2943 630 2991 cives
657 2943 746 2990 sub
776 2958 902 3006 pena
926 2942 1092 3006 viginti
1116 2941 1271 2989 millia
1289 2942 1598 2999 ducatorum,
1622 2946 1665 2989 et
1690 2942 1858 2990 eadem
1876 2942 1954 2992 die

171 3026 261 3074 fuit
286 3026 539 3074 liberatus.
569 3028 683 3074 Post
707 3040 953 3089 vesperas,
978 3025 1127 3072 rediit
1153 3025 1202 3072 in
1227 3025 1428 3072 domum
1455 3039 1610 3072 suam.

236 3112 287 3157 In
314 3125 425 3158 sero
448 3110 668 3174 ejusdem
699 3109 812 3168 diei,
840 3110 1138 3173 gubernator
1167 3108 1255 3157 fuit
1288 3109 1338 3156 in
1371 3124 1569 3156 camera
1598 3108 1951 3173 archiepiscopi

171 3193 459 3252 Florentini,
495 3197 541 3241 et
570 3185 691 3242 cena
722 3193 866 3254 facta,
895 3193 1011 3242 fecit
1048 3193 1299 3257 exportari
1338 3192 1502 3241 omnia
1536 3192 1665 3240 bona
1689 3193 1953 3241 cardinalis

172 3275 334 3323 Ursini
364 3278 412 3324 et
440 3276 801 3340 archiepiscopi
834 3276 1170 3341 predictorum
1208 3276 1258 3324 in
1289 3292 1462 3324 eorum
1495 3275 1745 3340 [carrucis]
1771 3279 1817 3323 et
1844 3275 1952 3323 aliis

172 3357 337 3405 multis
361 3358 421 3406 ad
444 3359 675 3422 palatium
700 3362 829 3424 Pape
854 3364 902 3408 et
927 3360 1128 3408 domum
1151 3375 1305 3418 suam,
1334 3362 1481 3423 prout
1515 3357 1688 3415 voluit.;
1720 3363 1767 3404 et
1801 3358 1954 3406 multa

172 3442 300 3489 bona
325 3442 612 3491 eorumdem
637 3443 832 3491 fuerunt
857 3458 946 3506 per
972 3443 1188 3491 soldatos
1212 3448 1258 3491 et
1285 3442 1405 3491 alios
1432 3442 1677 3489 abstracta
1701 3443 1749 3487 et
1772 3441 1953 3507 depor-

172 3528 292 3574 tata.
