2228 3938
180 355 374 389 Decembre
395 354 490 393 1501]
595 350 766 388 RERUM
798 346 1102 386 URBANARUM
1135 345 1484 383 COMMENTARM.
1880 349 1947 385 175

164 457 302 522 galis,
331 456 528 505 nomine
558 454 779 519 ejusdem
805 449 1071 500 cardinalis
1099 449 1300 498 infirmi.
1331 450 1463 498 Idem
1501 450 1725 499 fecerunt
1751 466 1948 499 succes--

169 542 266 590 sive
291 540 474 589 familia
502 542 795 588 RRmorum.
827 538 930 584 DD.
957 534 1281 583 cardinalium
1313 535 1680 596 Recanatensis,
1719 534 1953 600 Ulissipo-

168 624 331 674 nensis
357 627 405 673 et
431 641 470 671 s.
493 622 683 686 Angeli.
712 623 817 669 Non
842 619 986 683 longe
1011 619 1071 666 ab
1091 618 1264 667 eodem
1285 621 1451 682 ponte,
1481 619 1783 684 gubernator
1809 619 1952 668 Urbis

170 726 283 759 cum
312 711 539 757 senatore
566 709 614 754 et
639 703 1065 755 conservatoribus
1092 719 1287 752 camere
1321 703 1463 752 Urbis
1493 703 1717 752 similiter
1749 720 1953 769 recepe-

169 796 285 842 runt
300 791 600 842 cardinalem
617 788 906 846 venientem,
926 790 972 835 et
993 791 1103 851 post
1125 802 1209 835 eos
1233 786 1636 851 archiepiscopus
1659 787 1952 852 Ragusinus,

172 893 349 942 regens
385 873 678 925 cancellarie
713 888 825 921 cum
862 871 1217 936 protonotariis
1252 871 1662 936 participantibus
1698 875 1746 920 et
1782 872 1959 920 abbre—

173 961 443 1010 viatoribus
458 960 517 1008 de
531 973 682 1023 parco
698 956 874 1021 majori
891 974 900 1014 ;
920 958 1024 1004 tum
1040 959 1097 1004 D.
1116 956 1394 1004 Alexander
1413 956 1472 1004 de
1499 955 1827 1015 Buccabellis,
1854 956 1958 1004 vice

173 1044 617 1104 rescribendarius,
640 1060 752 1093 cum
774 1041 1099 1106 scriptoribus
1115 1040 1400 1105 apostolicis
1421 1041 1689 1105 separatim
1712 1057 1740 1089 a
1762 1043 1961 1105 regente

174 1129 332 1179 etillis
347 1129 406 1178 de
423 1145 573 1194 parco
590 1129 796 1192 maj0re,
823 1129 932 1192 post
965 1142 1048 1175 eos
1076 1125 1288 1190 quinque
1312 1126 1561 1174 auditores
1586 1129 1712 1184 rote,
1736 1125 1962 1174 videlicet

178 1216 235 1262 D.
265 1216 435 1262 Petrus
466 1213 525 1262 de
550 1212 784 1277 accolytis
810 1210 1043 1270 decanus,
1069 1210 1286 1258 Achilles
1314 1210 1372 1258 de
1402 1211 1606 1270 Grassis,
1638 1210 1879 1259 Antonius
1904 1209 1964 1258 de

178 1284 342 1345 Monte
374 1300 422 1345 et
453 1297 699 1350 Johannes
731 1294 989 1353 Vanulius‚
1019 1296 1067 1342 et
1098 1310 1209 1342 cum
1245 1293 1314 1341 eis
1345 1297 1402 1342 D.
1437 1294 1733 1360 Burgundus
1769 1294 1963 1353 LeoluS,

179 1378 441 1429 advocatus
471 1378 847 1437 consistorialis,
890 1378 971 1441 qui
1007 1377 1245 1426 cardinali
1284 1377 1493 1426 venienti
1529 1377 1858 1426 reverentiam
1896 1377 1967 1426 fa-

179 1462 363 1511 cientes
386 1462 510 1511 nihil
536 1462 785 1510 dixerunt.
808 1461 1026 1509 Tandem
1052 1476 1206 1525 prope
1229 1460 1422 1509 vineam
1447 1461 1715 1509 cardinalis
1740 1460 1969 1509 Senensis

179 1546 309 1595 venit
345 1546 442 1595 dux
484 1546 774 1598 Valentinus
812 1561 921 1594 cum
961 1560 1141 1608 magna
1180 1559 1375 1608 pompa,
1424 1545 1729 1608 equestribus
1773 1545 1970 1594 circiter

183 1627 405 1678 ducentis
432 1646 544 1678 cum
568 1647 653 1678 suo
689 1628 975 1678 conestabili
1001 1630 1228 1690 equestre
1262 1643 1345 1675 eos
1376 1627 1772 1690 precedentibus,
1803 1631 1851 1677 et
1884 1645 1970 1693 pe-

185 1711 431 1760 destribus
453 1713 698 1771 stafferiis,
724 1711 986 1760 allabardis
1006 1727 1117 1759 cum
1140 1727 1236 1758 una
1253 1710 1405 1758 divisa
1425 1726 1548 1759 nova
1567 1713 1750 1761 vestitis
1772 1712 1971 1760 circiter

186 1800 400 1855 centum,
438 1796 651 1845 tibicinis
688 1796 952 1856 sexdecim,
995 1798 1043 1843 et
1082 1795 1150 1842 ibi
1185 1794 1376 1858 accepit
1415 1795 1733 1844 cardinalem.
1772 1800 1891 1846 Cum
1921 1812 1971 1845 se

186 1881 356 1928 mutuo
377 1879 621 1938 viderunt,
641 1880 702 1928 ad
724 1882 938 1927 tractum
960 1877 1152 1943 lapidis,
1179 1879 1471 1927 detexerunt
1493 1879 1655 1943 capita
1675 1883 1723 1928 et
1742 1880 1973 1944 approxi-

188 1962 305 2011 mati
333 1978 382 2010 se
413 1966 583 2011 mutuo
621 1965 733 2010 sunt
764 1961 988 2011 osculati.
1026 1964 1132 2010 Dux
1155 1961 1386 2025 equitavit
1419 1962 1480 2010 ad
1515 1962 1782 2023 sinistram,
1813 1962 1975 2011 cardi-

187 2045 312 2093 nalis
335 2046 396 2093 ad
418 2046 698 2105 dexteram;
720 2061 831 2094 cum
855 2046 979 2094 duce
1003 2048 1241 2093 venerunt
1262 2061 1432 2094 omnes
1457 2046 1778 2096 referendarii
1800 2052 1847 2097 et
1863 2064 1976 2112 pre-

186 2129 271 2178 lati
295 2130 465 2194 palatii
491 2147 698 2179 numero
719 2130 889 2195 viginti
907 2130 981 2178 vel
1006 2131 1157 2189 circa,
1187 2130 1478 2179 cubicularii
1505 2134 1553 2180 et
1579 2132 1797 2181 scutiferi
1824 2136 1972 2198 Pape,

187 2218 235 2263 et
260 2218 431 2282 orator
456 2215 610 2263 laicus
631 2213 760 2279 regis
786 2214 990 2262 Francie
1017 2217 1065 2262 et
1083 2218 1252 2262 orator
1275 2214 1406 2278 regis
1432 2215 1661 2279 Hispanie
1682 2231 1692 2276 ;
1722 2231 1833 2265 cum
1866 2233 1976 2264 car—

189 2298 350 2347 dinale
382 2301 547 2347 autem
580 2301 823 2346 venerunt
857 2298 953 2346 duo
987 2297 1169 2346 fratres
1194 2298 1268 2345 sui
1297 2299 1535 2363 germani,
1571 2300 1908 2348 Ferdinandus
1930 2303 1979 2348 et

191 2382 544 2446 Sigismundus,
567 2382 664 2431 duo
690 2381 909 2446 episcopi
933 2385 980 2430 et
996 2398 1120 2430 unus
1142 2383 1511 2446 protonotarius
1535 2387 1581 2432 et
1597 2384 1796 2448 quidam
1818 2382 1979 2433 consi-

192 2465 363 2513 liarius
373 2466 510 2514 ducis
520 2466 767 2514 Ferrarie.
782 2466 1278 2530 Ordinavimusigitur
1291 2484 1350 2515 ex
1366 2468 1567 2532 speciali
1585 2469 1814 2517 mandato
1830 2472 1976 2534 Pape,

194 2549 327 2597 socio
349 2564 460 2597 meo
480 2548 529 2596 id
545 2549 807 2607 referente,
834 2548 1087 2598 introitum
1110 2549 1407 2613 hujusmodi,
1433 2555 1640 2611 aretro,
1670 2552 1766 2601 hoc
1791 2551 1957 2601 modo.

260 2634 376 2681 Post
405 2631 707 2681 cardinalem
742 2634 789 2680 et
817 2632 1009 2691 ducem,
1039 2633 1321 2696 equitarunt
1344 2633 1440 2681 duo
1469 2635 1648 2683 fratres
1678 2635 1840 2694 simul,
1870 2638 1979 2699 post

195 2732 279 2766 eos
304 2721 529 2765 oratores
554 2715 765 2780 predicti
789 2716 920 2781 regis
946 2717 1153 2765 Francie
1180 2733 1208 2764 a
1231 2717 1433 2776 dextris,
1461 2721 1509 2765 et.
1538 2718 1666 2783 regis
1701 2719 1927 2783 Hispanie
1956 2736 1983 2768 a

195 2797 404 2848 sinistris
424 2816 433 2859 3
463 2799 721 2864 episcopus
743 2800 1027 2848 Andriensis
1044 2800 1253 2863 quicum
1276 2801 1525 2849 cardinale
1542 2804 1743 2850 Estense
1762 2806 1980 2864 venerat,

197 2901 226 2932 a
246 2884 430 2933 dextris
449 2887 497 2932 et
517 2884 814 2947 gubernat-or
835 2883 991 2943 Urbis,
1017 2900 1044 2931 a
1065 2883 1274 2931 sinistris
1295 2901 1304 2943 ;
1331 2884 1590 2949 episcopus
1613 2886 1979 2945 Comacliensis‚

199 2969 280 3032 qui
303 2968 452 3017 etiam
476 2984 588 3017 cum
615 2968 788 3016 eadem
822 2967 1054 3016 cardinali
1086 2973 1303 3028 venerat,
1332 2985 1360 3017 a
1382 2968 1615 3028 dexteris,
1650 2974 1697 3018 et
1728 2971 1987 3035 episcopus

201 3051 577 3117 Wigorniensis,
607 3055 768 3100 orator
797 3051 930 3115 regis
962 3051 1135 3116 Anglie
1169 3068 1198 3100 a
1231 3052 1470 3112 sinistris,
1502 3053 1788 3102 Franciscus
1819 3054 1986 3118 Niger,

205 3136 587 3198 protonotariUS,
629 3134 710 3198 qui
742 3151 855 3183 cum
889 3135 1063 3183 eodem
1101 3136 1344 3184 cardinale
1388 3140 1603 3196 venerat,
1649 3153 1677 3185 a
1710 3137 1907 3197 dextris,
1948 3142 1996 3186 et

206 3221 372 3266 orator
395 3218 605 3283 Philippi
632 3218 911 3266 archiducis
932 3219 1127 3266 Austrie
1150 3236 1178 3267 a
1204 3219 1409 3267 sinistris
1429 3237 1438 3279 ;
1461 3221 1659 3284 quidam
1684 3222 1995 3270 consiliarius

207 3297 344 3348 ducis
369 3301 693 3353 Ferrariensis
719 3301 801 3365 qui
824 3302 986 3360 etiam,
1019 3305 1069 3350 ut
1092 3303 1359 3367 prefertur,
1387 3310 1604 3364 venerat,
1634 3321 1662 3352 a
1684 3305 1914 3363 dexteriS,
1947 3308 1993 3352 et

208 3387 372 3431 orator
397 3383 698 3434 Venetorum
736 3401 764 3433 a
799 3385 1009 3433 sinistris
1039 3386 1184 3450 primi
1221 3388 1425 3452 palatini
1457 3388 1650 3452 prelati,
1688 3390 1735 3436 et
1766 3390 1876 3451 post
1908 3403 1991 3437 eos

208 3465 381 3529 prelati
410 3466 623 3529 palatini,
654 3469 702 3515 et
723 3466 822 3526 alii,
851 3467 950 3516 bini
976 3471 1024 3515 et
1048 3468 1163 3528 bini,
1193 3485 1280 3518 suo
1306 3469 1491 3518 ordine.
