2274 3932
377 369 448 393 mm
898 332 901 335 ’
975 351 1147 390 norma
1168 352 1560 399 ›BloeRAPHIQUa

1160 456 1302 523 copie
1329 459 1359 506 a
1385 459 1542 507 Rome
1573 474 1668 525 par
1699 456 1962 520 PanviniO,
1994 474 2058 508 en
2087 458 2151 509 14

1157 545 1256 598 vol.
1285 546 1447 597 in—fol.
1480 544 1762 612 (132-145),
1796 564 1919 597 avec
1951 564 2006 597 ce
2037 548 2152 598 titre

1157 635 1434 703 generique
1461 626 1531 687 2'«
1551 635 1700 686 Libri
1717 635 2152 687 caeremonz'aram

1164 723 1351 776 Curiae
1387 724 1649 800 Romanae
1686 725 2000 788 vetustioreS,
2033 724 2152 776 item

1153 812 1340 865 Diaria
1391 814 1756 882 maqistrorum
1812 814 2153 867 caeremonia—

1156 920 1294 955 rum.
1328 903 1544 971 Colleqit
1573 911 1623 955 et
1646 902 1792 954 tomis
1816 903 1922 955 XII
1948 903 2046 971 (hie
2071 922 2151 956 vo-

1158 992 1437 1043 luminibus
1474 992 1616 1059 XIV)
1657 993 1711 1044 in
1750 1011 1900 1044 usum
1936 993 2152 1046 Joamzz's

1153 1082 1388 1151 Fuqqerz'
1461 1082 1786 1150 transcripsit
1859 1082 2151 1151 Onupkrz'us

1154 1171 1444 1222 Panvz'nz'us
1497 1171 1608 1222 ord.
1657 1188 1808 1223 erem.
1853 1172 1907 1223 S.
1949 1173 2153 1240 Auqus-

1151 1260 1249 1312 tini
1272 1261 1363 1328 (1).
1395 1283 1418 1308 ›)
1783 1270 1786 1271 ⁷

415 1450 451 1486 1.
836 1460 855 1479 «
882 1442 1106 1483 ILLVSTRI
1132 1443 1190 1479 ET
1218 1442 1469 1480 GENEROSO
1498 1442 1684 1479 DOMINO

807 1505 868 1542 10.
896 1504 1073 1542 IACOBO
1099 1503 1324 1541 FVGGERO
1350 1502 1694 1540 KIRCHBERGAE

865 1563 1237 1602 WEISSENHORNI
1258 1563 1315 1599 ET
1333 1562 1435 1599 CET.
1463 1562 1650 1599 DOMINO

591 1624 865 1663 ONVPHRIVS
892 1623 1152 1661 PANVINIVS
1176 1621 1477 1660 VERONENSIS
1504 1622 1697 1660 FRATER
1719 1621 1934 1661 EREMITA

963 1681 1348 1721 AVGVSTINIANVS
1370 1681 1410 1718 S.
1437 1683 1480 1719 P.
1503 1681 1550 1719 D.

416 1803 435 1822 «
461 1788 519 1824 Ad
540 1786 777 1830 orthodoxae,
803 1783 1004 1822 catholicae
1023 1787 1061 1821 et
1089 1783 1260 1821 salutaris
1281 1782 1479 1828 doctrinae,
1503 1795 1612 1832 quam
1633 1783 1799 1821 Christus
1820 1783 1997 1823 Dominus
2023 1791 2148 1824 noster

367 1847 444 1885 vice
458 1847 539 1884 viva
558 1845 664 1884 nobis
683 1844 834 1883 tradidit
845 1841 1157 1880 conservationem
1172 1845 1208 1878 et
1227 1844 1491 1889 augumentum
1511 1840 1603 1877 nihil
1622 1840 1753 1878 fecisse
1773 1853 1882 1889 quam
1899 1842 2147 1890 apostolorum

367 1910 403 1942 et
423 1904 730 1952 evangelistarum
750 1901 1010 1941 commentaria
1025 1900 1160 1949 scripto
1181 1900 1305 1937 relicta
1318 1904 1500 1938 testantur
1510 1899 1642 1937 eximia
1660 1900 1747 1938 fidei
1765 1906 1914 1939 nostrae
1926 1901 2147 1940 incrementa

366 1975 521 2012 quorum
541 1962 644 2000 initia
662 1962 796 2000 Christi
817 1967 853 2000 et
871 1961 1134 2009 discipulorum
1151 1960 1390 1998 concionibus
1407 1961 1507 2009 jacta
1526 1960 1650 1997 tenuia
1675 1963 1710 1997 et
1729 1960 1836 1997 exilia
1854 1961 2010 2009 primum
2030 1964 2143 2007 fuere,

365 2022 499 2059 deinde
537 2021 799 2071 scriptionibus
832 2032 1051 2070 comprensa
1086 2024 1203 2058 totum
1231 2025 1412 2057 terrarum
1447 2019 1571 2056 orbem
1605 2018 1888 2068 compleverunt.
1923 2021 2039 2066 Quam
2070 2034 2145 2058 rem

365 2080 478 2130 impii,
499 2085 536 2119 et
567 2081 694 2119 nefarii
721 2086 868 2120 nostrae
894 2078 1083 2129 religionis
1115 2080 1242 2117 hostes
1282 2079 1543 2125 Diocletianus,
1565 2083 1602 2116 et
1632 2077 1877 2117 Maximianus
1906 2080 2144 2129 Imperatores

366 2141 712 2187 animadvertentes,
730 2154 844 2190 quum
856 2140 1102 2180 Christianam
1116 2139 1293 2189 pietatem
1312 2140 1477 2177 funditus
1497 2140 1709 2177 exscindere
1721 2139 2010 2181 constituissent.
2029 2140 2144 2189 primo

366 2200 635 2249 persequtionis
656 2201 692 2238 in
713 2213 782 2238 nos
808 2201 999 2246 excitatae,
1023 2198 1142 2237 edicto
1163 2199 1300 2248 scripta
1318 2203 1445 2236 nostra
1472 2199 1517 2235 ad
1543 2210 1687 2236 omnem
1709 2198 1895 2248 religionis
1915 2199 2144 2238 Christianae

313 2252 314 2255 ¹
365 2259 571 2297 memoriam
591 2260 791 2298 tollendam
811 2259 913 2297 exuri
929 2260 1135 2309 jusserunt.
1159 2259 1264 2304 Quod
1283 2258 1329 2296 ob
1355 2259 1509 2296 eandem
1529 2270 1699 2295 caussam
1718 2257 1802 2296 olim
1818 2259 1863 2295 de
1883 2257 1985 2296 libris
2006 2258 2142 2297 Mosai-

366 2319 417 2356 cis
446 2324 482 2357 et
502 2319 723 2368 propheticis
743 2318 964 2357 Antiochum
984 2318 1237 2368 Ephiphanem
1257 2318 1364 2355 simili
1383 2318 1503 2355 furore
1534 2316 1682 2363 fecisse,
1704 2330 1817 2366 quum
1835 2318 1854 2354 J
1861 2318 2036 2355 udeorum
2060 2318 2142 2368 pie-

366 2383 478 2416 tatem
498 2379 711 2428 extinguere
728 2378 928 2422 moliretur,
950 2383 1134 2416 testantur
1152 2378 1435 2415 Machabeorum
1461 2376 1541 2414 libri
1560 2381 1597 2414 et
1616 2376 1771 2414 Romani
1790 2376 1875 2426 ipsi,
1898 2389 1944 2414 ne
1970 2377 2042 2424 sui,
2062 2378 2142 2426 qui-

371 2438 453 2474 dem
482 2437 579 2486 regis
600 2438 738 2476 Numae
752 2430 920 2487 Pompilii
939 2437 1206 2475 commentariis
1226 2437 1264 2474 in
1285 2449 1372 2486 agro
1392 2438 1550 2486 quodam
1574 2437 1611 2473 in
1630 2436 1796 2474 Janieulo
1822 2437 1991 2486 repertis,
2010 2437 2143 2485 quibus

362 2490 439 2538 jam
458 2502 603 2546 recepta
622 2510 726 2535 saera
747 2497 958 2535 labefactari
991 2497 1218 2544 videbantur,
1240 2500 1492 2545 pepercerunt,
1513 2497 1577 2534 sed
1596 2496 1713 2534 medio
1742 2497 1780 2533 in
1804 2497 1881 2534 foro
1907 2508 1970 2534 eos
1990 2496 2141 2533 cremari

364 2555 524 2594 voluere.
547 2558 709 2594 Fuerunt
730 2557 839 2595 etiam
861 2557 1011 2605 quidam
1031 2557 1094 2606 qui
1114 2556 1228 2594 libros
1262 2555 1447 2594 Ciceronis
1467 2557 1512 2593 de
1539 2561 1669 2593 natura
1690 2558 1861 2602 Deorum,
1883 2557 1982 2606 quod
2000 2557 2140 2595 fabulo·

365 2627 442 2653 sam
463 2617 620 2653 Deorum
646 2617 846 2655 vanitatem
867 2617 1045 2654 refelleret
1066 2618 1282 2654 damnantes
1304 2628 1367 2653 eos
1392 2615 1560 2653 incendio
1582 2617 1747 2654 consumi
1774 2617 1904 2654 debere
1936 2615 2142 2663 indicarint,

364 2679 509 2712 tantum
535 2676 671 2725 scripta
690 2677 736 2714 ad
756 2677 969 2726 religionem
992 2676 1190 2715 tollendam
1210 2675 1268 2713 vel
1289 2677 1577 2713 conservandam
1603 2676 1719 2714 facere
1748 2675 2019 2717 existimarunt.
2046 2677 2142 2722 Qum

364 2746 384 2771 e
403 2740 529 2773 contra
548 2735 633 2785 pius
654 2737 854 2785 Imperator
875 2736 1156 2782 Constantinus,
1171 2748 1282 2784 quum
1304 2747 1375 2783 quo
1396 2735 1515 2773 animo
1535 2739 1570 2772 et
1589 2735 1739 2773 consilio
1760 2735 1966 2784 superiores
1981 2735 2143 2784 Tyranni

366 2806 491 2832 sacros
519 2795 634 2833 libros
654 2796 758 2833 exuri
783 2796 985 2844 Jussissent
1007 2795 1162 2842 (scilicet
1193 2799 1234 2832 ut
1258 2794 1413 2832 sublatis
1441 2795 1627 2832 codicibus
1659 2795 1799 2832 facilius
1831 2795 2000 2832 universa
2017 2793 2144 2843 religio

367 2853 578 2892 Christiana
598 2855 821 2902 concideret)
846 2855 1117 2892 considerasset
1135 2853 1329 2902 praecipuo
1351 2853 1472 2891 studio
1494 2866 1603 2902 quam
1622 2854 1895 2892 accuratissime
1915 2853 2142 2892 Christiano-

366 2924 447 2950 rum
466 2915 726 2953 commentaria
740 2914 921 2952 conscribi
929 2914 1043 2964 jussit
1061 2914 1175 2951 multa
1189 2913 1408 2961 exemplaria
1424 2913 1518 2959 fecit,
1540 2925 1655 2962 eaque
1681 2913 1725 2950 ad
1751 2918 1965 2962 perpetuam
1985 2911 2142 2962 posteri-

366 2972 454 3010 tatis
475 2974 684 3012 memoriam
706 2974 811 3022 (nihil
838 2973 956 3022 magis
975 2972 1226 3010 necessarium
1242 2984 1323 3010 esse
1343 2973 1387 3009 ad
1412 2971 1561 3021 pietatis
1591 2973 1901 3011 conservationem
1927 2971 2140 3023 prudentis-

369 3031 458 3069 sime
478 3032 709 3081 existimans)
725 3033 851 3083 reponi
866 3032 991 3082 jussit.
1006 3032 1074 3070 Hic
1084 3044 1162 3070 mos
1173 3032 1210 3068 in
1223 3030 1429 3081 praecipuis
1447 3035 1482 3069 et
1495 3032 1712 3069 necessariis
1724 3032 1909 3082 religionis
1918 3031 2143 3071 Christianae

366 3091 550 3139 mysteriis
568 3092 724 3141 primum
736 3093 928 3142 diligenter
942 3095 1122 3139 servatus,
1134 3096 1265 3141 postea
1278 3091 1345 3129 Dei
1363 3091 1464 3128 cultu
1484 3096 1590 3129 aucto
1610 3093 1657 3129 ad
1678 3092 1902 3130 ceremonias
1924 3096 1960 3129 et
1973 3091 2142 3129 solennes

366 3149 470 3197 ritus,
492 3151 626 3199 quibus
648 3153 864 3202 populorum
885 3153 1004 3201 pietas
1032 3157 1069 3190 et
1090 3152 1217 3201 religio
1249 3151 1407 3189 maxime
1434 3151 1640 3189 custoditur
1668 3152 1870 3190 translatus
1902 3155 1967 3196 est,
1989 3149 2143 3198 librique

366 3209 482 3255 multi,
501 3220 598 3258 ‘quos
619 3211 768 3249 rituales
787 3217 929 3250 veteres
958 3212 1193 3260 appellabant
1211 3212 1258 3249 ab
1277 3210 1467 3260 Episcopis
1486 3210 1775 3249 Christianorum
1800 3210 1994 3260 gentilium
2020 3221 2142 3250 exem-

365 3268 425 3318 plo
451 3269 537 3306 editi
567 3274 652 3307 sunt
679 3270 812 3319 quibus
845 3271 1150 3308 caeremoniarum
1184 3283 1369 3309 sacrarum
1401 3270 1437 3307 in
1462 3275 1771 3308 sacramentorum
1804 3268 2143 3308 Ecclesiasticorum

364 3327 559 3366 exibitione
575 3334 788 3378 perpetuus,
805 3334 993 3373 constans,
1010 3334 1046 3367 et
1069 3330 1256 3367 uniformis
1271 3330 1358 3366 ordo
1374 3329 1421 3366 ad
1432 3321 1615 3366 Ecclesiae
1631 3330 1857 3377 majestatem
1871 3334 1907 3367 et
1926 3328 2143 3378 populorum

367 3386 596 3425 devotionem
624 3388 851 3426 retinendam
884 3388 1214 3436 comprenderetur.
1243 3388 1311 3424 Hic
1336 3387 1530 3424 missarum
1557 3387 1604 3424 S.
1630 3387 1756 3425 Jacobi
1787 3388 1966 3437 Apostoli,
1992 3388 2011 3425 J
2018 3386 2141 3431 ustini,

369 3446 582 3490 Clementis,
614 3447 837 3494 Tertulliani,
872 3447 1055 3495 Dionysii,
1088 3446 1355 3496 Chrysostomi,
1379 3445 1506 3483 Basilii
1533 3446 1668 3494 magni,
1702 3448 1918 3495 Innocentii,
1944 3446 2077 3485 Gelasii
2109 3446 2145 3483 et

368 3506 537 3555 Gregorii
562 3507 657 3556 libri,
674 3520 766 3557 quos
781 3506 920 3556 antiqui
934 3506 1094 3552 rituales,
1110 3506 1305 3544 Christiani
1318 3517 1402 3545 vero
1423 3505 1568 3543 ordines
1586 3505 1662 3543 sive
1675 3508 1957 3547 caeremoniales
1973 3517 2143 3545 vocavere
