<?xml version="1.0" encoding="UTF-8"?>
<!DOCTYPE html PUBLIC "-//W3C//DTD XHTML 1.0 Transitional//EN"
    "http://www.w3.org/TR/xhtml1/DTD/xhtml1-transitional.dtd">
<html xmlns="http://www.w3.org/1999/xhtml" xml:lang="en" lang="en">
 <head>
  <title>
</title>
<meta http-equiv="Content-Type" content="text/html;charset=utf-8" />
  <meta name='ocr-system' content='tesseract 3.04.00' />
  <meta name='ocr-capabilities' content='ocr_page ocr_carea ocr_par ocr_line ocrx_word'/>
</head>
<body>
  <div class='ocr_page' id='page_1' title='image "./diariumsivererum03burcuoft_0211.png"; bbox 0 0 2228 3938; ppageno 0'>
   <div class='ocr_carea' id='block_1_1' title="bbox 178 349 1958 391">
    <p class='ocr_par' dir='ltr' id='par_1_1' title="bbox 178 349 1958 391">
     <span class='ocr_line' id='line_1_1' title="bbox 178 349 1958 391; baseline 0.004 -9"><span class='ocrx_word' id='word_1_1' title='bbox 178 351 402 391; x_wconf 67' lang='lat' dir='ltr'>{Avr1115011</span> <span class='ocrx_word' id='word_1_2' title='bbox 624 350 791 387; x_wconf 79' lang='lat' dir='ltr'>RERUM</span> <span class='ocrx_word' id='word_1_3' title='bbox 825 349 1128 386; x_wconf 85' lang='lat' dir='ltr'>URBANARUM</span> <span class='ocrx_word' id='word_1_4' title='bbox 1161 350 1510 389; x_wconf 74' lang='lat' dir='ltr'>COMMENTARll..</span> <span class='ocrx_word' id='word_1_5' title='bbox 1891 355 1958 389; x_wconf 75' lang='lat'>129</span> 
     </span>
    </p>
   </div>
   <div class='ocr_carea' id='block_1_2' title="bbox 172 453 1973 3345">
    <p class='ocr_par' dir='ltr' id='par_1_2' title="bbox 172 453 1965 2255">
     <span class='ocr_line' id='line_1_2' title="bbox 174 453 1955 518; baseline 0 -16"><span class='ocrx_word' id='word_1_6' title='bbox 174 453 334 517; x_wconf 89' lang='lat' dir='ltr'>capite</span> <span class='ocrx_word' id='word_1_7' title='bbox 361 458 408 502; x_wconf 92' lang='lat' dir='ltr'>et</span> <span class='ocrx_word' id='word_1_8' title='bbox 431 469 522 518; x_wconf 88' lang='lat' dir='ltr'>pro</span> <span class='ocrx_word' id='word_1_9' title='bbox 545 453 871 501; x_wconf 75' lang='lat' dir='ltr'>cardinalibus</span> <span class='ocrx_word' id='word_1_10' title='bbox 897 468 1096 500; x_wconf 87' lang='lat' dir='ltr'>scamna</span> <span class='ocrx_word' id='word_1_11' title='bbox 1119 454 1279 517; x_wconf 89' lang='lat' dir='ltr'>posita</span> <span class='ocrx_word' id='word_1_12' title='bbox 1303 454 1515 509; x_wconf 85' lang='lat' dir='ltr'>fuerunt,</span> <span class='ocrx_word' id='word_1_13' title='bbox 1537 455 1714 503; x_wconf 87' lang='lat' dir='ltr'>ethinc</span> <span class='ocrx_word' id='word_1_14' title='bbox 1736 455 1847 503; x_wconf 88' lang='lat' dir='ltr'>inde</span> <span class='ocrx_word' id='word_1_15' title='bbox 1865 472 1955 518; x_wconf 90' lang='lat' dir='ltr'>pro</span> 
     </span>
     <span class='ocr_line' id='line_1_3' title="bbox 172 535 1955 599; baseline 0.001 -15"><span class='ocrx_word' id='word_1_16' title='bbox 172 537 371 599; x_wconf 88' lang='lat' dir='ltr'>prelatis</span> <span class='ocrx_word' id='word_1_17' title='bbox 393 541 441 585; x_wconf 89' lang='lat' dir='ltr'>et</span> <span class='ocrx_word' id='word_1_18' title='bbox 462 535 766 592; x_wconf 81' lang='lat' dir='ltr'>oratoribus3</span> <span class='ocrx_word' id='word_1_19' title='bbox 790 535 932 582; x_wconf 86' lang='lat' dir='ltr'>funus</span> <span class='ocrx_word' id='word_1_20' title='bbox 953 551 1102 598; x_wconf 91' lang='lat' dir='ltr'>super</span> <span class='ocrx_word' id='word_1_21' title='bbox 1119 535 1299 584; x_wconf 87' lang='lat' dir='ltr'>lectum</span> <span class='ocrx_word' id='word_1_22' title='bbox 1331 538 1528 585; x_wconf 88' lang='lat' dir='ltr'>solitum</span> <span class='ocrx_word' id='word_1_23' title='bbox 1550 556 1559 595; x_wconf 80' lang='lat'><em>3</em></span> <span class='ocrx_word' id='word_1_24' title='bbox 1587 538 1647 585; x_wconf 88' lang='lat' dir='ltr'>ad</span> <span class='ocrx_word' id='word_1_25' title='bbox 1677 538 1955 592; x_wconf 76' lang='lat' dir='ltr'><strong>distantiam</strong></span> 
     </span>
     <span class='ocr_line' id='line_1_4' title="bbox 172 618 1956 682; baseline 0.002 -16"><span class='ocrx_word' id='word_1_26' title='bbox 172 623 394 682; x_wconf 89' lang='lat' dir='ltr'>quatuor.</span> <span class='ocrx_word' id='word_1_27' title='bbox 417 634 686 668; x_wconf 88' lang='lat' dir='ltr'>cannarum</span> <span class='ocrx_word' id='word_1_28' title='bbox 721 634 750 666; x_wconf 91' lang='lat' dir='ltr'>a</span> <span class='ocrx_word' id='word_1_29' title='bbox 784 618 944 681; x_wconf 89' lang='lat' dir='ltr'>capite</span> <span class='ocrx_word' id='word_1_30' title='bbox 982 618 1110 676; x_wconf 90' lang='lat' dir='ltr'>aule,</span> <span class='ocrx_word' id='word_1_31' title='bbox 1142 620 1203 666; x_wconf 90' lang='lat' dir='ltr'>ad</span> <span class='ocrx_word' id='word_1_32' title='bbox 1233 620 1382 682; x_wconf 88' lang='lat' dir='ltr'>pedes</span> <span class='ocrx_word' id='word_1_33' title='bbox 1407 620 1536 678; x_wconf 86' lang='lat' dir='ltr'>lecti,</span> <span class='ocrx_word' id='word_1_34' title='bbox 1565 621 1821 669; x_wconf 74' lang='lat' dir='ltr'>credentia</span> <span class='ocrx_word' id='word_1_35' title='bbox 1845 637 1956 669; x_wconf 92' lang='lat' dir='ltr'>cum</span> 
     </span>
     <span class='ocr_line' id='line_1_5' title="bbox 178 701 1958 768; baseline 0.002 -20"><span class='ocrx_word' id='word_1_36' title='bbox 178 702 390 760; x_wconf 75' lang='lat' dir='ltr'>tobalea,</span> <span class='ocrx_word' id='word_1_37' title='bbox 435 703 624 750; x_wconf 91' lang='lat' dir='ltr'>duobus</span> <span class='ocrx_word' id='word_1_38' title='bbox 667 701 977 749; x_wconf 77' lang='lat' dir='ltr'>candelabris</span> <span class='ocrx_word' id='word_1_39' title='bbox 1012 702 1183 749; x_wconf 89' lang='lat' dir='ltr'>altaris</span> <span class='ocrx_word' id='word_1_40' title='bbox 1220 702 1440 765; x_wconf 90' lang='lat' dir='ltr'>pulchris</span> <span class='ocrx_word' id='word_1_41' title='bbox 1482 703 1540 751; x_wconf 90' lang='lat' dir='ltr'>de</span> <span class='ocrx_word' id='word_1_42' title='bbox 1585 703 1764 751; x_wconf 86' lang='lat' dir='ltr'>othone</span> <span class='ocrx_word' id='word_1_43' title='bbox 1802 703 1864 768; x_wconf 86' lang='lat'>(1)</span> <span class='ocrx_word' id='word_1_44' title='bbox 1910 706 1958 751; x_wconf 91' lang='lat' dir='ltr'>et</span> 
     </span>
     <span class='ocr_line' id='line_1_6' title="bbox 175 783 1958 849; baseline 0.001 -16"><span class='ocrx_word' id='word_1_45' title='bbox 175 784 364 833; x_wconf 90' lang='lat' dir='ltr'>duabus</span> <span class='ocrx_word' id='word_1_46' title='bbox 399 785 631 841; x_wconf 90' lang='lat' dir='ltr'>candelis,</span> <span class='ocrx_word' id='word_1_47' title='bbox 669 783 882 831; x_wconf 82' lang='lat' dir='ltr'>turibulo</span> <span class='ocrx_word' id='word_1_48' title='bbox 919 787 967 832; x_wconf 93' lang='lat' dir='ltr'>et</span> <span class='ocrx_word' id='word_1_49' title='bbox 1000 784 1224 832; x_wconf 90' lang='lat' dir='ltr'>navicula</span> <span class='ocrx_word' id='word_1_50' title='bbox 1260 785 1463 844; x_wconf 80' lang='lat' dir='ltr'>incensi,</span> <span class='ocrx_word' id='word_1_51' title='bbox 1508 802 1615 834; x_wconf 87' lang='lat' dir='ltr'>vase</span> <span class='ocrx_word' id='word_1_52' title='bbox 1650 802 1772 849; x_wconf 84' lang='lat' dir='ltr'>aque</span> <span class='ocrx_word' id='word_1_53' title='bbox 1808 788 1958 835; x_wconf 91' lang='lat' dir='ltr'>bene-</span> 
     </span>
     <span class='ocr_line' id='line_1_7' title="bbox 175 867 1952 933; baseline 0.001 -18"><span class='ocrx_word' id='word_1_54' title='bbox 175 867 321 926; x_wconf 91' lang='lat' dir='ltr'>dicte,</span> <span class='ocrx_word' id='word_1_55' title='bbox 351 884 462 917; x_wconf 90' lang='lat' dir='ltr'>cum</span> <span class='ocrx_word' id='word_1_56' title='bbox 493 868 804 932; x_wconf 88' lang='lat' dir='ltr'>aspersorio;</span> <span class='ocrx_word' id='word_1_57' title='bbox 833 868 1251 931; x_wconf 90' lang='lat' dir='ltr'>superpellicium,</span> <span class='ocrx_word' id='word_1_58' title='bbox 1282 870 1405 916; x_wconf 88' lang='lat' dir='ltr'>stola</span> <span class='ocrx_word' id='word_1_59' title='bbox 1433 873 1479 916; x_wconf 90' lang='lat' dir='ltr'>et</span> <span class='ocrx_word' id='word_1_60' title='bbox 1506 870 1712 932; x_wconf 88' lang='lat' dir='ltr'>pluviale</span> <span class='ocrx_word' id='word_1_61' title='bbox 1738 870 1952 933; x_wconf 81' lang='lat' dir='ltr'>nigrum,</span> 
     </span>
     <span class='ocr_line' id='line_1_8' title="bbox 174 950 1956 1015; baseline 0.001 -16"><span class='ocrx_word' id='word_1_62' title='bbox 174 952 466 1000; x_wconf 80' lang='lat' dir='ltr'>catalectum</span> <span class='ocrx_word' id='word_1_63' title='bbox 496 951 556 999; x_wconf 89' lang='lat' dir='ltr'>ad</span> <span class='ocrx_word' id='word_1_64' title='bbox 581 950 835 999; x_wconf 88' lang='lat' dir='ltr'>introitum</span> <span class='ocrx_word' id='word_1_65' title='bbox 862 951 1034 998; x_wconf 90' lang='lat' dir='ltr'>domus</span> <span class='ocrx_word' id='word_1_66' title='bbox 1055 951 1292 1014; x_wconf 75' lang='lat' dir='ltr'>3⁴pallium</span> <span class='ocrx_word' id='word_1_67' title='bbox 1318 969 1407 1015; x_wconf 88' lang='lat' dir='ltr'>pro</span> <span class='ocrx_word' id='word_1_68' title='bbox 1439 952 1567 1000; x_wconf 91' lang='lat' dir='ltr'>lecto</span> <span class='ocrx_word' id='word_1_69' title='bbox 1604 953 1652 1000; x_wconf 92' lang='lat' dir='ltr'>in</span> <span class='ocrx_word' id='word_1_70' title='bbox 1677 953 1802 1011; x_wconf 90' lang='lat' dir='ltr'>aula,</span> <span class='ocrx_word' id='word_1_71' title='bbox 1829 954 1956 1015; x_wconf 93' lang='lat' dir='ltr'>quod</span> 
     </span>
     <span class='ocr_line' id='line_1_9' title="bbox 173 1035 1961 1099; baseline 0.001 -17"><span class='ocrx_word' id='word_1_72' title='bbox 173 1038 344 1098; x_wconf 88' lang='lat' dir='ltr'>postea</span> <span class='ocrx_word' id='word_1_73' title='bbox 365 1038 634 1099; x_wconf 77' lang='lat' dir='ltr'>poneretur</span> <span class='ocrx_word' id='word_1_74' title='bbox 654 1051 800 1098; x_wconf 91' lang='lat' dir='ltr'>super</span> <span class='ocrx_word' id='word_1_75' title='bbox 825 1035 1118 1083; x_wconf 88' lang='lat' dir='ltr'>catalectum</span> <span class='ocrx_word' id='word_1_76' title='bbox 1141 1051 1150 1094; x_wconf 90' lang='lat'>;</span> <span class='ocrx_word' id='word_1_77' title='bbox 1181 1051 1329 1098; x_wconf 89' lang='lat' dir='ltr'>capsa</span> <span class='ocrx_word' id='word_1_78' title='bbox 1351 1051 1442 1099; x_wconf 88' lang='lat' dir='ltr'>pro</span> <span class='ocrx_word' id='word_1_79' title='bbox 1468 1036 1734 1099; x_wconf 87' lang='lat' dir='ltr'>sepultura,</span> <span class='ocrx_word' id='word_1_80' title='bbox 1760 1039 1808 1083; x_wconf 92' lang='lat' dir='ltr'>et</span> <span class='ocrx_word' id='word_1_81' title='bbox 1830 1036 1961 1099; x_wconf 92' lang='lat' dir='ltr'>quod</span> 
     </span>
     <span class='ocr_line' id='line_1_10' title="bbox 173 1117 1956 1182; baseline 0.001 -18"><span class='ocrx_word' id='word_1_82' title='bbox 173 1118 487 1180; x_wconf 85' lang='lat' dir='ltr'>providerent</span> <span class='ocrx_word' id='word_1_83' title='bbox 505 1117 564 1166; x_wconf 92' lang='lat' dir='ltr'>de</span> <span class='ocrx_word' id='word_1_84' title='bbox 589 1134 800 1182; x_wconf 87' lang='lat' dir='ltr'>persona</span> <span class='ocrx_word' id='word_1_85' title='bbox 826 1133 918 1181; x_wconf 93' lang='lat' dir='ltr'>que</span> <span class='ocrx_word' id='word_1_86' title='bbox 941 1117 1123 1166; x_wconf 85' lang='lat' dir='ltr'>faceret</span> <span class='ocrx_word' id='word_1_87' title='bbox 1145 1118 1422 1167; x_wconf 87' lang='lat' dir='ltr'>orationem</span> <span class='ocrx_word' id='word_1_88' title='bbox 1441 1119 1488 1166; x_wconf 92' lang='lat' dir='ltr'>in</span> <span class='ocrx_word' id='word_1_89' title='bbox 1511 1119 1587 1166; x_wconf 90' lang='lat' dir='ltr'>die</span> <span class='ocrx_word' id='word_1_90' title='bbox 1613 1119 1925 1182; x_wconf 86' lang='lat' dir='ltr'>exequiarum</span> <span class='ocrx_word' id='word_1_91' title='bbox 1947 1137 1956 1176; x_wconf 80' lang='lat'><em>3</em></span> 
     </span>
     <span class='ocr_line' id='line_1_11' title="bbox 174 1200 1956 1265; baseline 0.001 -19"><span class='ocrx_word' id='word_1_92' title='bbox 174 1200 287 1249; x_wconf 90' lang='lat' dir='ltr'>dedi</span> <span class='ocrx_word' id='word_1_93' title='bbox 326 1200 471 1248; x_wconf 88' lang='lat' dir='ltr'>etiam</span> <span class='ocrx_word' id='word_1_94' title='bbox 505 1201 789 1249; x_wconf 87' lang='lat' dir='ltr'>cursoribus</span> <span class='ocrx_word' id='word_1_95' title='bbox 820 1201 1044 1249; x_wconf 84' lang='lat' dir='ltr'>cedulam</span> <span class='ocrx_word' id='word_1_96' title='bbox 1078 1201 1396 1251; x_wconf 88' lang='lat' dir='ltr'>intimationis</span> <span class='ocrx_word' id='word_1_97' title='bbox 1426 1202 1710 1265; x_wconf 85' lang='lat' dir='ltr'>hujusmodi</span> <span class='ocrx_word' id='word_1_98' title='bbox 1745 1202 1956 1249; x_wconf 86' lang='lat' dir='ltr'>tenoris:</span> 
     </span>
     <span class='ocr_line' id='line_1_12' title="bbox 179 1283 1961 1349; baseline 0.001 -19"><span class='ocrx_word' id='word_1_99' title='bbox 179 1302 201 1325; x_wconf 91' lang='lat'>«</span> <span class='ocrx_word' id='word_1_100' title='bbox 222 1283 479 1331; x_wconf 83' lang='lat' dir='ltr'>Intimetur</span> <span class='ocrx_word' id='word_1_101' title='bbox 505 1299 564 1331; x_wconf 89' lang='lat' dir='ltr'>ex</span> <span class='ocrx_word' id='word_1_102' title='bbox 593 1287 732 1347; x_wconf 90' lang='lat' dir='ltr'>parte</span> <span class='ocrx_word' id='word_1_103' title='bbox 764 1287 1054 1332; x_wconf 87' lang='lat' dir='ltr'>RRmorum.</span> <span class='ocrx_word' id='word_1_104' title='bbox 1085 1287 1185 1332; x_wconf 88' lang='lat' dir='ltr'>DD.</span> <span class='ocrx_word' id='word_1_105' title='bbox 1217 1284 1556 1344; x_wconf 85' lang='lat' dir='ltr'>cardinalium,</span> <span class='ocrx_word' id='word_1_106' title='bbox 1584 1285 1889 1349; x_wconf 89' lang='lat' dir='ltr'>Neapolitani</span> <span class='ocrx_word' id='word_1_107' title='bbox 1915 1290 1961 1332; x_wconf 88' lang='lat' dir='ltr'>et</span> 
     </span>
     <span class='ocr_line' id='line_1_13' title="bbox 174 1366 1956 1429; baseline 0.002 -17"><span class='ocrx_word' id='word_1_108' title='bbox 174 1366 415 1429; x_wconf 77' lang='lat' dir='ltr'>Capuam,</span> <span class='ocrx_word' id='word_1_109' title='bbox 464 1370 780 1415; x_wconf 86' lang='lat' dir='ltr'>executorum</span> <span class='ocrx_word' id='word_1_110' title='bbox 826 1368 1110 1416; x_wconf 85' lang='lat' dir='ltr'>testamenti</span> <span class='ocrx_word' id='word_1_111' title='bbox 1153 1369 1280 1416; x_wconf 91' lang='lat' dir='ltr'>bone</span> <span class='ocrx_word' id='word_1_112' title='bbox 1331 1368 1569 1416; x_wconf 90' lang='lat' dir='ltr'>memorie</span> <span class='ocrx_word' id='word_1_113' title='bbox 1614 1368 1876 1416; x_wconf 86' lang='lat' dir='ltr'>cardinalis</span> <span class='ocrx_word' id='word_1_114' title='bbox 1920 1385 1956 1415; x_wconf 89' lang='lat' dir='ltr'>s.</span> 
     </span>
     <span class='ocr_line' id='line_1_14' title="bbox 175 1448 1962 1500; baseline 0.002 -4"><span class='ocrx_word' id='word_1_115' title='bbox 175 1448 438 1497; x_wconf 88' lang='lat' dir='ltr'>Clementis</span> <span class='ocrx_word' id='word_1_116' title='bbox 479 1450 704 1498; x_wconf 89' lang='lat' dir='ltr'>omnibus</span> <span class='ocrx_word' id='word_1_117' title='bbox 738 1450 931 1498; x_wconf 89' lang='lat' dir='ltr'>RRmis.</span> <span class='ocrx_word' id='word_1_118' title='bbox 974 1454 1073 1499; x_wconf 90' lang='lat' dir='ltr'>DD.</span> <span class='ocrx_word' id='word_1_119' title='bbox 1111 1451 1438 1500; x_wconf 83' lang='lat' dir='ltr'>cardinalibus</span> <span class='ocrx_word' id='word_1_120' title='bbox 1473 1452 1653 1499; x_wconf 87' lang='lat' dir='ltr'>familie</span> <span class='ocrx_word' id='word_1_121' title='bbox 1689 1451 1962 1499; x_wconf 84' lang='lat' dir='ltr'>sanctitatis</span> 
     </span>
     <span class='ocr_line' id='line_1_15' title="bbox 176 1533 1963 1598; baseline 0.001 -19"><span class='ocrx_word' id='word_1_122' title='bbox 176 1533 232 1579; x_wconf 91' lang='lat' dir='ltr'>D.</span> <span class='ocrx_word' id='word_1_123' title='bbox 260 1534 317 1580; x_wconf 92' lang='lat' dir='ltr'>N.</span> <span class='ocrx_word' id='word_1_124' title='bbox 345 1534 493 1596; x_wconf 90' lang='lat' dir='ltr'>Pape,</span> <span class='ocrx_word' id='word_1_125' title='bbox 520 1534 795 1582; x_wconf 88' lang='lat' dir='ltr'>oratoribus</span> <span class='ocrx_word' id='word_1_126' title='bbox 822 1550 991 1598; x_wconf 89' lang='lat' dir='ltr'>regum</span> <span class='ocrx_word' id='word_1_127' title='bbox 1010 1538 1058 1582; x_wconf 91' lang='lat' dir='ltr'>et</span> <span class='ocrx_word' id='word_1_128' title='bbox 1079 1535 1354 1598; x_wconf 85' lang='lat' dir='ltr'>principum</span> <span class='ocrx_word' id='word_1_129' title='bbox 1377 1538 1425 1582; x_wconf 90' lang='lat' dir='ltr'>et</span> <span class='ocrx_word' id='word_1_130' title='bbox 1443 1535 1643 1598; x_wconf 85' lang='lat' dir='ltr'>prelatis</span> <span class='ocrx_word' id='word_1_131' title='bbox 1666 1534 1715 1581; x_wconf 91' lang='lat' dir='ltr'>in</span> <span class='ocrx_word' id='word_1_132' title='bbox 1743 1538 1963 1583; x_wconf 86' lang='lat' dir='ltr'>Romana</span> 
     </span>
     <span class='ocr_line' id='line_1_16' title="bbox 176 1615 1963 1681; baseline 0.001 -18"><span class='ocrx_word' id='word_1_133' title='bbox 176 1615 311 1663; x_wconf 86' lang='lat' dir='ltr'>curia</span> <span class='ocrx_word' id='word_1_134' title='bbox 334 1616 670 1675; x_wconf 84' lang='lat' dir='ltr'>existentibus,</span> <span class='ocrx_word' id='word_1_135' title='bbox 702 1618 830 1679; x_wconf 90' lang='lat' dir='ltr'>quod</span> <span class='ocrx_word' id='word_1_136' title='bbox 857 1617 1021 1675; x_wconf 88' lang='lat' dir='ltr'>hodie,</span> <span class='ocrx_word' id='word_1_137' title='bbox 1048 1618 1170 1666; x_wconf 83' lang='lat' dir='ltr'>hora</span> <span class='ocrx_word' id='word_1_138' title='bbox 1193 1618 1386 1666; x_wconf 89' lang='lat' dir='ltr'>decima</span> <span class='ocrx_word' id='word_1_139' title='bbox 1412 1634 1542 1665; x_wconf 88' lang='lat' dir='ltr'>nona</span> <span class='ocrx_word' id='word_1_140' title='bbox 1568 1617 1828 1681; x_wconf 89' lang='lat' dir='ltr'>incipietur</span> <span class='ocrx_word' id='word_1_141' title='bbox 1853 1618 1963 1666; x_wconf 88' lang='lat' dir='ltr'>offi-</span> 
     </span>
     <span class='ocr_line' id='line_1_17' title="bbox 177 1697 1958 1764; baseline 0.001 -18"><span class='ocrx_word' id='word_1_142' title='bbox 177 1697 307 1751; x_wconf 83' lang='lat' dir='ltr'>cium</span> <span class='ocrx_word' id='word_1_143' title='bbox 342 1703 643 1749; x_wconf 90' lang='lat' dir='ltr'>mortuorum</span> <span class='ocrx_word' id='word_1_144' title='bbox 680 1699 728 1746; x_wconf 92' lang='lat' dir='ltr'>in</span> <span class='ocrx_word' id='word_1_145' title='bbox 769 1699 912 1749; x_wconf 92' lang='lat' dir='ltr'>domo</span> <span class='ocrx_word' id='word_1_146' title='bbox 950 1700 1152 1764; x_wconf 87' lang='lat' dir='ltr'>predicti</span> <span class='ocrx_word' id='word_1_147' title='bbox 1186 1700 1440 1748; x_wconf 87' lang='lat' dir='ltr'>cardinalis</span> <span class='ocrx_word' id='word_1_148' title='bbox 1478 1700 1720 1757; x_wconf 89' lang='lat' dir='ltr'>defuncti;</span> <span class='ocrx_word' id='word_1_149' title='bbox 1763 1701 1958 1759; x_wconf 87' lang='lat' dir='ltr'>deinde,</span> 
     </span>
     <span class='ocr_line' id='line_1_18' title="bbox 176 1780 1962 1848; baseline 0.001 -19"><span class='ocrx_word' id='word_1_150' title='bbox 176 1780 300 1834; x_wconf 85' lang='lat' dir='ltr'>hora</span> <span class='ocrx_word' id='word_1_151' title='bbox 318 1781 553 1846; x_wconf 86' lang='lat' dir='ltr'>vigesima</span> <span class='ocrx_word' id='word_1_152' title='bbox 567 1783 725 1846; x_wconf 89' lang='lat' dir='ltr'>prima</span> <span class='ocrx_word' id='word_1_153' title='bbox 738 1784 1015 1846; x_wconf 88' lang='lat' dir='ltr'>portabitur</span> <span class='ocrx_word' id='word_1_154' title='bbox 1035 1785 1242 1832; x_wconf 84' lang='lat' dir='ltr'>cadaver</span> <span class='ocrx_word' id='word_1_155' title='bbox 1260 1785 1362 1848; x_wconf 88' lang='lat' dir='ltr'>ejus</span> <span class='ocrx_word' id='word_1_156' title='bbox 1383 1785 1444 1831; x_wconf 88' lang='lat' dir='ltr'>ad</span> <span class='ocrx_word' id='word_1_157' title='bbox 1466 1784 1723 1832; x_wconf 88' lang='lat' dir='ltr'>ecclesiam</span> <span class='ocrx_word' id='word_1_158' title='bbox 1739 1785 1786 1831; x_wconf 93' lang='lat' dir='ltr'>b.</span> <span class='ocrx_word' id='word_1_159' title='bbox 1809 1784 1962 1832; x_wconf 86' lang='lat' dir='ltr'>Marie</span> 
     </span>
     <span class='ocr_line' id='line_1_19' title="bbox 178 1863 1963 1928; baseline 0.001 -17"><span class='ocrx_word' id='word_1_160' title='bbox 178 1863 237 1911; x_wconf 90' lang='lat' dir='ltr'>de</span> <span class='ocrx_word' id='word_1_161' title='bbox 265 1864 448 1928; x_wconf 92' lang='lat' dir='ltr'>Populo</span> <span class='ocrx_word' id='word_1_162' title='bbox 475 1865 826 1928; x_wconf 90' lang='lat' dir='ltr'>sepeliendum.</span> <span class='ocrx_word' id='word_1_163' title='bbox 860 1867 1116 1914; x_wconf 89' lang='lat' dir='ltr'>Intimetur</span> <span class='ocrx_word' id='word_1_164' title='bbox 1151 1867 1300 1914; x_wconf 89' lang='lat' dir='ltr'>etiam</span> <span class='ocrx_word' id='word_1_165' title='bbox 1328 1867 1644 1915; x_wconf 89' lang='lat' dir='ltr'>conventibus</span> <span class='ocrx_word' id='word_1_166' title='bbox 1670 1867 1797 1914; x_wconf 84' lang='lat' dir='ltr'>infra</span> <span class='ocrx_word' id='word_1_167' title='bbox 1820 1867 1963 1914; x_wconf 88' lang='lat' dir='ltr'>dictis</span> 
     </span>
     <span class='ocr_line' id='line_1_20' title="bbox 177 1946 1959 2013; baseline 0.003 -20"><span class='ocrx_word' id='word_1_168' title='bbox 177 1947 306 2009; x_wconf 89' lang='lat' dir='ltr'>quod</span> <span class='ocrx_word' id='word_1_169' title='bbox 333 1946 498 2005; x_wconf 90' lang='lat' dir='ltr'>hodie,</span> <span class='ocrx_word' id='word_1_170' title='bbox 530 1947 656 1996; x_wconf 90' lang='lat' dir='ltr'>hora</span> <span class='ocrx_word' id='word_1_171' title='bbox 679 1948 1061 2009; x_wconf 89' lang='lat' dir='ltr'>undevicesima,</span> <span class='ocrx_word' id='word_1_172' title='bbox 1094 1950 1243 1997; x_wconf 86' lang='lat' dir='ltr'>velint</span> <span class='ocrx_word' id='word_1_173' title='bbox 1270 1967 1376 1998; x_wconf 89' lang='lat' dir='ltr'>esse</span> <span class='ocrx_word' id='word_1_174' title='bbox 1405 1950 1455 1997; x_wconf 92' lang='lat' dir='ltr'>in</span> <span class='ocrx_word' id='word_1_175' title='bbox 1484 1951 1631 1998; x_wconf 89' lang='lat' dir='ltr'>domo</span> <span class='ocrx_word' id='word_1_176' title='bbox 1661 1950 1959 2013; x_wconf 75' lang='lat' dir='ltr'>supradicta,</span> 
     </span>
     <span class='ocr_line' id='line_1_21' title="bbox 179 2028 1965 2098; baseline 0.003 -23"><span class='ocrx_word' id='word_1_177' title='bbox 179 2028 353 2076; x_wconf 90' lang='lat' dir='ltr'>dicturi</span> <span class='ocrx_word' id='word_1_178' title='bbox 390 2030 608 2077; x_wconf 85' lang='lat' dir='ltr'>officium</span> <span class='ocrx_word' id='word_1_179' title='bbox 644 2036 951 2080; x_wconf 88' lang='lat' dir='ltr'>mortuorum</span> <span class='ocrx_word' id='word_1_180' title='bbox 989 2037 1036 2081; x_wconf 91' lang='lat' dir='ltr'>et</span> <span class='ocrx_word' id='word_1_181' title='bbox 1069 2033 1352 2081; x_wconf 87' lang='lat' dir='ltr'>associaturi</span> <span class='ocrx_word' id='word_1_182' title='bbox 1386 2033 1547 2093; x_wconf 89' lang='lat' dir='ltr'>funus,</span> <span class='ocrx_word' id='word_1_183' title='bbox 1584 2033 1806 2081; x_wconf 90' lang='lat' dir='ltr'>videlicet</span> <span class='ocrx_word' id='word_1_184' title='bbox 1835 2033 1965 2098; x_wconf 88' lang='lat' dir='ltr'>[con-</span> 
     </span>
     <span class='ocr_line' id='line_1_22' title="bbox 178 2111 1962 2180; baseline 0.004 -23"><span class='ocrx_word' id='word_1_185' title='bbox 178 2111 415 2176; x_wconf 88' lang='lat' dir='ltr'>ventibus]</span> <span class='ocrx_word' id='word_1_186' title='bbox 446 2114 493 2160; x_wconf 85' lang='lat' dir='ltr'>S.</span> <span class='ocrx_word' id='word_1_187' title='bbox 534 2114 756 2177; x_wconf 86' lang='lat' dir='ltr'>Spiritus,</span> <span class='ocrx_word' id='word_1_188' title='bbox 790 2115 1019 2173; x_wconf 88' lang='lat' dir='ltr'>Minerve,</span> <span class='ocrx_word' id='word_1_189' title='bbox 1048 2116 1256 2174; x_wconf 85' lang='lat' dir='ltr'>Araceli,</span> <span class='ocrx_word' id='word_1_190' title='bbox 1291 2133 1329 2163; x_wconf 93' lang='grc'>5.</span> <span class='ocrx_word' id='word_1_191' title='bbox 1366 2116 1644 2180; x_wconf 80' lang='lat' dir='ltr'>Augustini,</span> <span class='ocrx_word' id='word_1_192' title='bbox 1670 2116 1728 2163; x_wconf 92' lang='lat' dir='ltr'>de</span> <span class='ocrx_word' id='word_1_193' title='bbox 1760 2116 1962 2180; x_wconf 88' lang='lat' dir='ltr'>Populo,</span> 
     </span>
     <span class='ocr_line' id='line_1_23' title="bbox 181 2195 955 2255; baseline 0.001 -14"><span class='ocrx_word' id='word_1_194' title='bbox 181 2195 573 2255; x_wconf 76' lang='lat' dir='ltr'>carmelitarum,</span> <span class='ocrx_word' id='word_1_195' title='bbox 601 2214 640 2244; x_wconf 90' lang='lat' dir='ltr'>s.</span> <span class='ocrx_word' id='word_1_196' title='bbox 667 2198 900 2252; x_wconf 84' lang='lat' dir='ltr'>Marcelli.</span> <span class='ocrx_word' id='word_1_197' title='bbox 933 2219 955 2242; x_wconf 84' lang='lat'>»</span> 
     </span>
    </p>

    <p class='ocr_par' dir='ltr' id='par_1_3' title="bbox 183 2279 1973 3345">
     <span class='ocr_line' id='line_1_24' title="bbox 230 2279 1966 2346; baseline 0.003 -21"><span class='ocrx_word' id='word_1_198' title='bbox 230 2280 382 2333; x_wconf 18' lang='lat' dir='ltr'>‘Hora</span> <span class='ocrx_word' id='word_1_199' title='bbox 401 2279 779 2340; x_wconf 86' lang='lat' dir='ltr'>undevicesima,</span> <span class='ocrx_word' id='word_1_200' title='bbox 806 2281 878 2330; x_wconf 93' lang='lat' dir='ltr'>vel</span> <span class='ocrx_word' id='word_1_201' title='bbox 902 2282 1049 2341; x_wconf 88' lang='lat' dir='ltr'>circa,</span> <span class='ocrx_word' id='word_1_202' title='bbox 1085 2288 1318 2331; x_wconf 87' lang='lat' dir='ltr'>venerunt</span> <span class='ocrx_word' id='word_1_203' title='bbox 1342 2283 1605 2331; x_wconf 86' lang='lat' dir='ltr'>cardinalis</span> <span class='ocrx_word' id='word_1_204' title='bbox 1632 2286 1889 2346; x_wconf 83' lang='lat' dir='ltr'>Capuanus</span> <span class='ocrx_word' id='word_1_205' title='bbox 1919 2286 1966 2330; x_wconf 84' lang='lat' dir='ltr'>et</span> 
     </span>
     <span class='ocr_line' id='line_1_25' title="bbox 183 2360 1963 2428; baseline 0.003 -20"><span class='ocrx_word' id='word_1_206' title='bbox 183 2360 417 2425; x_wconf 87' lang='lat' dir='ltr'>religiosi,</span> <span class='ocrx_word' id='word_1_207' title='bbox 457 2367 504 2411; x_wconf 91' lang='lat' dir='ltr'>et</span> <span class='ocrx_word' id='word_1_208' title='bbox 541 2363 789 2428; x_wconf 87' lang='lat' dir='ltr'>inceptum</span> <span class='ocrx_word' id='word_1_209' title='bbox 825 2365 913 2413; x_wconf 88' lang='lat' dir='ltr'>fuit</span> <span class='ocrx_word' id='word_1_210' title='bbox 948 2367 1165 2415; x_wconf 87' lang='lat' dir='ltr'>officium</span> <span class='ocrx_word' id='word_1_211' title='bbox 1200 2367 1571 2423; x_wconf 86' lang='lat' dir='ltr'>defunctorum,</span> <span class='ocrx_word' id='word_1_212' title='bbox 1612 2382 1749 2415; x_wconf 91' lang='lat' dir='ltr'>more</span> <span class='ocrx_word' id='word_1_213' title='bbox 1789 2366 1963 2419; x_wconf 81' lang='lat' dir='ltr'>solito:</span> 
     </span>
     <span class='ocr_line' id='line_1_26' title="bbox 184 2442 1970 2514; baseline 0.004 -24"><span class='ocrx_word' id='word_1_214' title='bbox 184 2442 358 2497; x_wconf 80' lang='lat' dir='ltr'>fratres</span> <span class='ocrx_word' id='word_1_215' title='bbox 383 2447 756 2495; x_wconf 82' lang='lat' dir='ltr'>Carmelitarum</span> <span class='ocrx_word' id='word_1_216' title='bbox 779 2448 1010 2497; x_wconf 85' lang='lat' dir='ltr'>dixerunt</span> <span class='ocrx_word' id='word_1_217' title='bbox 1029 2466 1257 2514; x_wconf 90' lang='lat' dir='ltr'>vesperas</span> <span class='ocrx_word' id='word_1_218' title='bbox 1277 2468 1287 2510; x_wconf 80' lang='lat'><em>3</em></span> <span class='ocrx_word' id='word_1_219' title='bbox 1311 2468 1348 2498; x_wconf 92' lang='grc'>5.</span> <span class='ocrx_word' id='word_1_220' title='bbox 1382 2450 1597 2499; x_wconf 87' lang='lat' dir='ltr'>Marcelli</span> <span class='ocrx_word' id='word_1_221' title='bbox 1624 2450 1834 2513; x_wconf 90' lang='lat' dir='ltr'>primum</span> <span class='ocrx_word' id='word_1_222' title='bbox 1857 2465 1970 2498; x_wconf 89' lang='lat' dir='ltr'>noc-</span> 
     </span>
     <span class='ocr_line' id='line_1_27' title="bbox 187 2530 1966 2597; baseline 0.003 -24"><span class='ocrx_word' id='word_1_223' title='bbox 187 2530 410 2587; x_wconf 85' lang='lat' dir='ltr'>turnum;</span> <span class='ocrx_word' id='word_1_224' title='bbox 447 2545 485 2575; x_wconf 89' lang='lat' dir='ltr'>s.</span> <span class='ocrx_word' id='word_1_225' title='bbox 520 2530 798 2593; x_wconf 87' lang='lat' dir='ltr'>Augustini,</span> <span class='ocrx_word' id='word_1_226' title='bbox 836 2532 1128 2592; x_wconf 84' lang='lat' dir='ltr'>secundum3</span> <span class='ocrx_word' id='word_1_227' title='bbox 1158 2534 1217 2581; x_wconf 91' lang='lat' dir='ltr'>de</span> <span class='ocrx_word' id='word_1_228' title='bbox 1255 2534 1455 2597; x_wconf 86' lang='lat' dir='ltr'>Populo,</span> <span class='ocrx_word' id='word_1_229' title='bbox 1486 2533 1714 2590; x_wconf 84' lang='lat' dir='ltr'>tertiu1n3</span> <span class='ocrx_word' id='word_1_230' title='bbox 1753 2533 1966 2580; x_wconf 82' lang='lat' dir='ltr'>Minerve</span> 
     </span>
     <span class='ocr_line' id='line_1_28' title="bbox 185 2605 1970 2678; baseline 0.003 -22"><span class='ocrx_word' id='word_1_231' title='bbox 185 2612 234 2656; x_wconf 82' lang='lat' dir='ltr'>et</span> <span class='ocrx_word' id='word_1_232' title='bbox 257 2611 471 2670; x_wconf 88' lang='lat' dir='ltr'>Araceli,</span> <span class='ocrx_word' id='word_1_233' title='bbox 504 2611 711 2661; x_wconf 80' lang='lat' dir='ltr'>Laudes.</span> <span class='ocrx_word' id='word_1_234' title='bbox 746 2615 948 2662; x_wconf 88' lang='lat' dir='ltr'>Interim</span> <span class='ocrx_word' id='word_1_235' title='bbox 979 2620 1217 2663; x_wconf 84' lang='lat' dir='ltr'>venerunt.</span> <span class='ocrx_word' id='word_1_236' title='bbox 1245 2605 1534 2674; x_wconf 83' lang='lat' dir='ltr'>cardinales,</span> <span class='ocrx_word' id='word_1_237' title='bbox 1572 2631 1782 2678; x_wconf 88' lang='lat' dir='ltr'>quorum</span> <span class='ocrx_word' id='word_1_238' title='bbox 1818 2615 1970 2663; x_wconf 87' lang='lat' dir='ltr'>inter-</span> 
     </span>
     <span class='ocr_line' id='line_1_29' title="bbox 186 2691 1971 2765; baseline 0.004 -27"><span class='ocrx_word' id='word_1_239' title='bbox 186 2691 378 2765; x_wconf 82' lang='lat' dir='ltr'>fuerunt</span> <span class='ocrx_word' id='word_1_240' title='bbox 403 2694 665 2756; x_wconf 89' lang='lat' dir='ltr'>sexdecim,</span> <span class='ocrx_word' id='word_1_241' title='bbox 690 2696 914 2745; x_wconf 87' lang='lat' dir='ltr'>videlicet</span> <span class='ocrx_word' id='word_1_242' title='bbox 932 2698 1295 2761; x_wconf 86' lang='lat' dir='ltr'>Neapolitanus,</span> <span class='ocrx_word' id='word_1_243' title='bbox 1318 2696 1704 2757; x_wconf 81' lang='lat' dir='ltr'>Beneventanus,</span> <span class='ocrx_word' id='word_1_244' title='bbox 1731 2714 1769 2745; x_wconf 90' lang='lat' dir='ltr'>s.</span> <span class='ocrx_word' id='word_1_245' title='bbox 1798 2700 1971 2745; x_wconf 88' lang='lat' dir='ltr'>Praxe-</span> 
     </span>
     <span class='ocr_line' id='line_1_30' title="bbox 189 2773 1967 2846; baseline 0.004 -25"><span class='ocrx_word' id='word_1_246' title='bbox 189 2773 279 2834; x_wconf 86' lang='lat' dir='ltr'>dis,</span> <span class='ocrx_word' id='word_1_247' title='bbox 301 2775 679 2839; x_wconf 90' lang='lat' dir='ltr'>Alexandrinus,</span> <span class='ocrx_word' id='word_1_248' title='bbox 703 2795 741 2826; x_wconf 89' lang='lat' dir='ltr'>s.</span> <span class='ocrx_word' id='word_1_249' title='bbox 767 2780 952 2840; x_wconf 86' lang='lat' dir='ltr'>Crucis,</span> <span class='ocrx_word' id='word_1_250' title='bbox 976 2781 1344 2846; x_wconf 86' lang='lat' dir='ltr'>Agrigentinus,</span> <span class='ocrx_word' id='word_1_251' title='bbox 1366 2784 1636 2844; x_wconf 86' lang='lat' dir='ltr'>Capuanus,</span> <span class='ocrx_word' id='word_1_252' title='bbox 1657 2781 1967 2838; x_wconf 87' lang='lat' dir='ltr'>Arborensis,</span> 
     </span>
     <span class='ocr_line' id='line_1_31' title="bbox 191 2858 1966 2926; baseline 0.004 -22"><span class='ocrx_word' id='word_1_253' title='bbox 191 2858 504 2919; x_wconf 87' lang='lat' dir='ltr'>Cusentinus‚</span> <span class='ocrx_word' id='word_1_254' title='bbox 545 2862 951 2926; x_wconf 85' lang='lat' dir='ltr'>Caputaquensis,</span> <span class='ocrx_word' id='word_1_255' title='bbox 988 2864 1299 2923; x_wconf 89' lang='lat' dir='ltr'>Mutinensis,</span> <span class='ocrx_word' id='word_1_256' title='bbox 1347 2863 1600 2920; x_wconf 88' lang='lat' dir='ltr'>Senensis,</span> <span class='ocrx_word' id='word_1_257' title='bbox 1646 2863 1883 2921; x_wconf 87' lang='lat' dir='ltr'>Medices,</span> <span class='ocrx_word' id='word_1_258' title='bbox 1927 2880 1966 2911; x_wconf 87' lang='lat' dir='ltr'>S.</span> 
     </span>
     <span class='ocr_line' id='line_1_32' title="bbox 190 2941 1972 3011; baseline 0.004 -24"><span class='ocrx_word' id='word_1_259' title='bbox 190 2941 433 3002; x_wconf 86' lang='lat' dir='ltr'>Severini,</span> <span class='ocrx_word' id='word_1_260' title='bbox 475 2945 731 2992; x_wconf 87' lang='lat' dir='ltr'>Cesarinus</span> <span class='ocrx_word' id='word_1_261' title='bbox 770 2949 817 2994; x_wconf 88' lang='lat' dir='ltr'>et</span> <span class='ocrx_word' id='word_1_262' title='bbox 860 2947 1150 3006; x_wconf 88' lang='lat' dir='ltr'>Farnesius;</span> <span class='ocrx_word' id='word_1_263' title='bbox 1191 2950 1514 3011; x_wconf 86' lang='lat' dir='ltr'>exequutores</span> <span class='ocrx_word' id='word_1_264' title='bbox 1555 2961 1652 2993; x_wconf 90' lang='lat' dir='ltr'>non</span> <span class='ocrx_word' id='word_1_265' title='bbox 1689 2946 1875 2994; x_wconf 88' lang='lat' dir='ltr'>iverunt</span> <span class='ocrx_word' id='word_1_266' title='bbox 1910 2946 1972 2994; x_wconf 86' lang='lat' dir='ltr'>ad</span> 
     </span>
     <span class='ocr_line' id='line_1_33' title="bbox 194 3024 1971 3094; baseline 0.005 -24"><span class='ocrx_word' id='word_1_267' title='bbox 194 3024 460 3087; x_wconf 89' lang='lat' dir='ltr'>Populum;</span> <span class='ocrx_word' id='word_1_268' title='bbox 497 3031 664 3090; x_wconf 89' lang='lat' dir='ltr'>preter</span> <span class='ocrx_word' id='word_1_269' title='bbox 702 3029 969 3077; x_wconf 86' lang='lat' dir='ltr'>cardinales</span> <span class='ocrx_word' id='word_1_270' title='bbox 1012 3031 1209 3079; x_wconf 85' lang='lat' dir='ltr'>fuerunt</span> <span class='ocrx_word' id='word_1_271' title='bbox 1246 3035 1568 3094; x_wconf 88' lang='lat' dir='ltr'>exequutores</span> <span class='ocrx_word' id='word_1_272' title='bbox 1600 3029 1648 3076; x_wconf 90' lang='lat' dir='ltr'>in</span> <span class='ocrx_word' id='word_1_273' title='bbox 1683 3034 1971 3078; x_wconf 80' lang='lat' dir='ltr'>testamento</span> 
     </span>
     <span class='ocr_line' id='line_1_34' title="bbox 194 3106 1970 3178; baseline 0.005 -25"><span class='ocrx_word' id='word_1_274' title='bbox 194 3106 413 3170; x_wconf 90' lang='lat' dir='ltr'>deputati</span> <span class='ocrx_word' id='word_1_275' title='bbox 461 3110 860 3176; x_wconf 86' lang='lat' dir='ltr'>archiepiscopus</span> <span class='ocrx_word' id='word_1_276' title='bbox 906 3114 1202 3178; x_wconf 87' lang='lat' dir='ltr'>Ragusinus,</span> <span class='ocrx_word' id='word_1_277' title='bbox 1255 3117 1309 3162; x_wconf 93' lang='lat' dir='ltr'>D.</span> <span class='ocrx_word' id='word_1_278' title='bbox 1358 3116 1604 3163; x_wconf 85' lang='lat' dir='ltr'>Johannes</span> <span class='ocrx_word' id='word_1_279' title='bbox 1647 3113 1869 3162; x_wconf 84' lang='lat' dir='ltr'>Andreas</span> <span class='ocrx_word' id='word_1_280' title='bbox 1912 3115 1970 3161; x_wconf 86' lang='lat' dir='ltr'>de</span> 
     </span>
     <span class='ocr_line' id='line_1_35' title="bbox 189 3178 1973 3257; baseline 0.005 -22"><span class='ocrx_word' id='word_1_281' title='bbox 189 3189 476 3251; x_wconf 89' lang='lat' dir='ltr'>Aprovanis,</span> <span class='ocrx_word' id='word_1_282' title='bbox 511 3195 790 3257; x_wconf 87' lang='lat' dir='ltr'>prepositus</span> <span class='ocrx_word' id='word_1_283' title='bbox 820 3178 1023 3244; x_wconf 81' lang='lat' dir='ltr'>ecclesie</span> <span class='ocrx_word' id='word_1_284' title='bbox 1054 3198 1378 3246; x_wconf 85' lang='lat' dir='ltr'>Lausanensis</span> <span class='ocrx_word' id='word_1_285' title='bbox 1404 3203 1450 3247; x_wconf 91' lang='lat' dir='ltr'>et</span> <span class='ocrx_word' id='word_1_286' title='bbox 1482 3202 1536 3247; x_wconf 90' lang='lat' dir='ltr'>D.</span> <span class='ocrx_word' id='word_1_287' title='bbox 1565 3201 1812 3248; x_wconf 88' lang='lat' dir='ltr'>Johannes</span> <span class='ocrx_word' id='word_1_288' title='bbox 1835 3201 1973 3245; x_wconf 87' lang='lat' dir='ltr'>Jaco-</span> 
     </span>
     <span class='ocr_line' id='line_1_36' title="bbox 193 3269 1967 3345; baseline 0.005 -28"><span class='ocrx_word' id='word_1_289' title='bbox 193 3269 282 3318; x_wconf 91' lang='lat' dir='ltr'>bus</span> <span class='ocrx_word' id='word_1_290' title='bbox 312 3273 372 3321; x_wconf 93' lang='lat' dir='ltr'>de</span> <span class='ocrx_word' id='word_1_291' title='bbox 405 3277 585 3336; x_wconf 87' lang='lat' dir='ltr'>Ruere,</span> <span class='ocrx_word' id='word_1_292' title='bbox 626 3279 1018 3343; x_wconf 86' lang='lat' dir='ltr'>consanguineus</span> <span class='ocrx_word' id='word_1_293' title='bbox 1054 3281 1287 3340; x_wconf 84' lang='lat' dir='ltr'>defuncti,</span> <span class='ocrx_word' id='word_1_294' title='bbox 1330 3283 1656 3345; x_wconf 84' lang='lat' dir='ltr'>protonotarii</span> <span class='ocrx_word' id='word_1_295' title='bbox 1695 3280 1967 3345; x_wconf 88' lang='lat' dir='ltr'>apostolici.</span> 
     </span>
    </p>
   </div>
   <div class='ocr_carea' id='block_1_3' title="bbox 192 3456 842 3507">
    <p class='ocr_par' dir='ltr' id='par_1_4' title="bbox 192 3456 842 3507">
     <span class='ocr_line' id='line_1_37' title="bbox 192 3456 842 3507; baseline 0.012 -16"><span class='ocrx_word' id='word_1_296' title='bbox 192 3483 195 3485; x_wconf 47' lang='lat'>&gt;</span> <span class='ocrx_word' id='word_1_297' title='bbox 253 3456 291 3494; x_wconf 93' lang='lat'>1.</span> <span class='ocrx_word' id='word_1_298' title='bbox 323 3456 376 3501; x_wconf 90' lang='lat' dir='ltr'>De</span> <span class='ocrx_word' id='word_1_299' title='bbox 394 3456 540 3497; x_wconf 79' lang='lat' dir='ltr'>l&#39;italien</span> <span class='ocrx_word' id='word_1_300' title='bbox 560 3464 688 3507; x_wconf 75' lang='lat' dir='ltr'>ottone,</span> <span class='ocrx_word' id='word_1_301' title='bbox 707 3464 842 3500; x_wconf 68' lang='lat' dir='ltr'>mirre.</span> 
     </span>
    </p>
   </div>
   <div class='ocr_carea' id='block_1_4' title="bbox 385 3545 1782 3578">
    <p class='ocr_par' dir='ltr' id='par_1_5' title="bbox 385 3545 1782 3578">
     <span class='ocr_line' id='line_1_38' title="bbox 385 3545 1782 3578; baseline 0.002 -3"><span class='ocrx_word' id='word_1_302' title='bbox 385 3551 420 3577; x_wconf 86' lang='grc' dir='ltr'>τ.</span> <span class='ocrx_word' id='word_1_303' title='bbox 452 3551 501 3578; x_wconf 83' lang='grc'>111.</span> <span class='ocrx_word' id='word_1_304' title='bbox 1759 3545 1782 3578; x_wconf 77' lang='grc'><strong>9</strong></span> 
     </span>
    </p>
   </div>
  </div>
 </body>
</html>
