2228 3938
291 422 360 458 118
897 418 1128 456 JOHANNIS
1161 418 1456 464 BURCHARDI,
1794 420 1952 460 [remor
1972 423 2066 463 1501]

290 524 441 581 Petri;
472 522 520 569 in
546 520 821 569 summitate
857 521 1002 585 hujus
1032 521 1178 570 corde
1209 524 1316 570 erat
1340 536 1425 584 per
1456 520 1676 569 rotellam
1703 524 1752 569 et
1775 521 1919 570 aliam
1944 537 2059 570 cor-

291 607 401 654 dam
423 606 643 669 apposita
667 605 783 652 sella
807 619 918 653 cum
948 604 1114 665 staffis,
1140 607 1188 653 et
1206 604 1375 653 lancea
1401 603 1628 651 insidenti
1651 604 1770 652 sella
1790 604 2059 654 donabatur

291 689 431 737 alicui
467 688 547 752 qui
592 689 641 736 in
687 688 803 737 sella
849 687 1074 736 dimissus
1123 688 1410 737 decurrebat
1446 691 1494 736 et
1546 700 1657 735 cum
1698 688 1872 737 lancea*
1919 689 2066 738 dabat

293 773 353 820 ad
389 787 582 819 murum
614 771 741 820 dicte
779 771 953 819 domus
980 771 1207 819 distantia
1239 771 1362 818 bene
1395 770 1714 834 competenti;
1744 773 1792 819 et
1815 771 1864 818 in
1897 771 2065 819 sellam

293 855 416 904 bene
447 858 551 903 erat
583 855 778 918 ligatus,
812 854 972 918 itaque
1001 871 1100 902 non
1131 858 1295 919 posset
1326 854 1384 901 de
1414 853 1542 901 facili
1571 853 1766 914 cadere,
1801 869 1861 901 ne
1895 854 2066 903 lancea

294 939 492 986 domum
527 938 670 986 nimis
706 941 943 1001 tangeret.
982 938 1266 1001 Hujusmodi
1301 937 1427 985 ludis
1467 936 1690 985 homines
1739 936 2067 986 incitabantur

290 1023 352 1069 ad
377 1022 541 1069 risum.
561 1024 703 1070 Festa
722 1021 901 1085 Agonis
924 1024 972 1070 et
993 1022 1237 1070 Testaccie
1262 1037 1317 1069 ac
1344 1036 1515 1069 cursus
1539 1020 1797 1084 palliorum
1829 1036 1927 1068 non
1955 1024 2067 1069 sunt

292 1104 455 1152 habita
491 1104 586 1152 hoc
617 1120 768 1163 anno;
798 1105 881 1151 sed
912 1104 960 1151 in
992 1104 1193 1152 diversis
1222 1104 1390 1167 plateis
1428 1102 1718 1152 Ursinorum
1750 1103 1846 1151 sive
1890 1103 2067 1152 Montis

291 1188 493 1236 Jordani
537 1191 584 1236 et
618 1188 808 1236 Sciarre
837 1203 893 1235 ac
917 1188 1047 1246 alibi,
1082 1187 1278 1236 mactati
1304 1188 1448 1236 boves
1482 1189 1530 1234 et
1560 1187 1708 1236 etiam
1733 1186 1958 1235 homines
1979 1186 2062 1247 (1).

359 1271 502 1319 Feria
523 1274 695 1334 quarta
720 1270 959 1330 cinerum,
986 1274 1045 1317 24
1077 1270 1192 1317 dicti
1226 1270 1406 1318 mensis
1431 1269 1680 1330 februarii,
1711 1269 1802 1318 fuit
1825 1269 2003 1317 festum
2022 1285 2062 1318 S.

291 1354 492 1403 Matthie
518 1354 740 1418 apostoli,
767 1354 894 1417 quod
925 1354 1013 1401 fuit
1036 1354 1327 1401 translatum
1348 1353 1397 1400 in
1424 1353 1554 1402 diem
1581 1353 1860 1412 crastinam,
1884 1367 1978 1416 quo
2007 1353 2066 1401 ad

292 1437 509 1486 officium
537 1439 621 1486 SS.
651 1440 707 1485 D.
734 1440 899 1485 noster
912 1437 1158 1485 benedixit
1173 1440 1220 1484 et
1244 1436 1488 1485 distribuit
1503 1436 1599 1485 sive
1625 1436 1856 1500 imposuit
1875 1436 2065 1484 cineres

292 1522 341 1568 in
369 1521 556 1584 capella
573 1520 748 1584 majori
773 1520 1135 1579 accedentibus,
1167 1536 1305 1567 more
1330 1520 1489 1578 solito,
1514 1520 1754 1583 impositis
1781 1520 1942 1583 primo
1971 1519 2062 1567 sibi

292 1620 380 1668 per
399 1603 695 1652 cardinalem
723 1602 1037 1650 Cusentinum
1062 1601 1321 1660 cineribus,
1352 1603 1433 1665 qui
1458 1605 1565 1650 erat
1592 1602 1789 1650 missam
1817 1602 2062 1666 publicam

294 1687 647 1746 celebraturus,
689 1701 835 1749 quem
873 1688 1004 1749 Papa
1042 1684 1197 1733 noluit
1235 1685 1499 1733 scabellum
1545 1685 1828 1744 ascendere,
1878 1689 1930 1734 ut
1975 1684 2064 1733 sibi

284 1770 484 1818 ‘cineres
520 1769 814 1833 imponeret3
854 1772 1116 1833 propterea
1153 1768 1369 1832 oportuit
1401 1768 1530 1832 quod
1561 1771 1691 1832 Papa
1722 1783 1772 1816 se
1809 1767 1879 1815 illi
1913 1768 2068 1833 magis

293 1853 563 1900 inclinaret.
591 1854 764 1900 Orator
784 1851 982 1899 dominii
1018 1855 1314 1901 Venetorum
1339 1851 1468 1900 dedit
1493 1867 1667 1915 aquam
1691 1850 1913 1899 manibus
1941 1853 2068 1915 Pape

294 1938 404 1999 post
425 1935 646 1983 cinerum
661 1934 1048 1998 impositionem3
1079 1934 1348 1982 orationem
1370 1934 1484 1983 fecit
1498 1935 1697 1998 quidam
1715 1934 1866 1982 frater
1886 1933 2067 1982 ordinis

293 2018 560 2076 Minorum,
589 2018 681 2066 alia
705 2032 842 2066 more
866 2017 1021 2066 solito.

359 2101 611 2150 Dominica
634 2101 795 2165 prima
817 2101 1204 2164 quadragesime,
1235 2104 1294 2149 28
1312 2101 1426 2150 dicti
1451 2099 1630 2149 mensis
1646 2100 1898 2160 februarii,
1927 2105 1981 2149 R.
2004 2104 2063 2150 D.

294 2184 582 2248 Stephanus,
606 2184 1000 2247 archiepiscopus
1027 2184 1329 2232 Patracensis
1346 2189 1393 2232 et
1413 2182 1816 2242 Torcellanensis,
1845 2184 2068 2232 celebra-

290 2257 357 2315 vit
380 2267 575 2315 missam
601 2267 846 2330 publicam
861 2267 909 2314 in
936 2267 1121 2330 capella
1143 2267 1332 2331 maJori,
1358 2270 1488 2330 Papa
1505 2271 1731 2330 presente
1753 2283 1763 2326 ;
1785 2282 2060 2316 sermonem

282 2350 404 2398 ffecit
429 2350 624 2413 quidam
650 2350 796 2398 frater
821 2349 1000 2397 ordinis
1026 2349 1267 2398 Minorum
1293 2366 1379 2414 pro
1404 2355 1735 2414 procuratore.

283 2437 307 2447 ²
356 2434 493 2481 Feria
515 2433 662 2482 tertia
690 2436 717 2480 2
740 2432 920 2481 mensis
948 2433 1133 2492 martis,
1160 2433 1302 2481 affixa
1334 2433 1421 2481 fuit
1443 2433 1584 2480 valvis
1615 2433 1905 2481 cancellarie
1932 2448 2068 2497 apos-

292 2516 434 2564 tolice
459 2515 589 2564 bulla
607 2516 933 2579 deputationis
961 2519 1016 2564 D.
1048 2516 1403 2581 archiepiscopi
1423 2516 1667 2565 Tarentini
1684 2516 1732 2563 in
1754 2516 2066 2564 collectorem

293 2584 570 2663 generalem
597 2599 786 2647 decime
813 2603 857 2647 et
892 2599 1065 2647 cedula
1094 2600 1414 2663 impositionis
1441 2599 1722 2663 hujusmodi
1754 2599 1939 2647 decime
1971 2599 2066 2647 sive

293 2688 431 2742 taxe3
462 2699 554 2746 que
580 2685 689 2730 taxe
725 2682 980 2746 registrate
1013 2688 1123 2730 sunt
1153 2699 1301 2747 supra
1330 2683 1443 2731 folio
1471 2686 1556 2749 (2).
1585 2682 1772 2731 Bullam
1799 2698 1897 2730 non
1917 2682 2069 2746 regis-

294 2766 413 2813 travi
439 2781 531 2829 que
561 2768 663 2813 erat
689 2766 776 2813 sub
802 2766 916 2814 data
934 2765 1155 2813 kalendis
1177 2765 1422 2825 februarii,
1446 2780 1573 2813 anno
1595 2780 1742 2823 nono,
1775 2766 1955 2828 scripta
1977 2780 2066 2828 per

297 2852 349 2896 P.
385 2849 772 2908 Thomarosium,
811 2849 1081 2913 subscripta
1109 2849 1352 2897 Adrianus
1381 2852 1428 2897 et
1455 2847 1710 2911 registrata
1741 2847 1867 2911 apud
1898 2846 2065 2895 Adria-

297 2948 431 2979 num.

358 3014 536 3061 Eadem
558 3014 655 3073 die,
680 3019 790 3063 ante
811 3015 984 3063 horam
1001 3014 1210 3079 prandii,
1229 3016 1477 3077 portatum
1505 3013 1592 3060 fuit
1618 3028 1796 3077 corpus
1819 3013 2064 3076 quondam

293 3096 504 3154 Antonii,
534 3096 801 3144 Mirandule
828 3098 1029 3145 secundi
1056 3096 1262 3155 comitis,
1284 3096 1381 3159 qui,
1407 3096 1515 3143 heri
1539 3111 1650 3143 sero
1676 3095 1771 3144 sive
1797 3099 1938 3144 nocte
1962 3111 2068 3160 pre-

295 3179 449 3236 terita,
493 3178 622 3225 diem
657 3179 750 3226 vite
790 3195 873 3227 sue
918 3180 1090 3227 clausit
1123 3184 1414 3238 extre1num3
1453 3179 1511 3225 de
1548 3178 1692 3226 domo
1731 3194 1833 3238 sua,
1873 3179 2066 3228 indutus

293 3262 462 3309 habitu
488 3277 527 3308 s.
559 3261 817 3320 Francisci,
847 3262 1147 3310 discalceatis
1172 3261 1390 3325 pedibuS,
1422 3260 1563 3308 nudis
1593 3260 1806 3310 brachiis
1834 3277 1986 3326 usque
2007 3262 2066 3310 ad

295 3343 500 3404 cubitos,
537 3343 597 3391 ad
620 3345 766 3391 Aram
794 3344 883 3391 celi
916 3347 1131 3407 portatus
1157 3349 1203 3391 et
1230 3343 1306 3391 ibi·
1328 3343 1557 3406 sepultUS,
1588 3343 1853 3392 associatus
1875 3360 1903 3393 a
1926 3343 2066 3391 fami-

343 3473 376 3507 1.
404 3472 493 3519 Voy.
517 3475 530 3508 t
572 3471 601 3517 I,
623 3483 663 3519 p.
686 3470 769 3513 335,
790 3473 871 3505 note
892 3471 924 3505 1.

343 3532 379 3565 2.
407 3529 499 3579 Voy,
517 3530 598 3578 plus
620 3530 719 3575 haut,
736 3540 828 3576 page
844 3529 906 3565 46.
