2228 3938
331 386 397 422 140
780 395 800 430 g
933 385 1175 430 ·JOHANNIS
1211 380 1519 430 BURCHARD1,J
1572 425 1575 427 Α
1901 392 1984 431 [Mai
2007 393 2102 434 1501]

332 487 617 551 approbavit
641 487 820 535 dictum
847 489 1352 554 meum,‘subjungens
1379 490 1524 539 etiam
1554 497 1615 539 se'
1635 498 1888 554 ‘nunquam
1915 493 2096 541 vidisse

330 570 692 635 processionem
728 570 892 619 venire
929 573 988 619 ad
1026 572 1173 620 altare
1211 573 1366 637 majus
1404 573 1803 634 dicte'“basilice‚⁶>
1825 578 1965 640 Papa'
1989 593 2101 640 pre-

333 657 488 702 sente.
515 653 686 701 Omnia
707 653 754 700 in
778 654 852 701 his
879 655 1090 718 vesperis
1115 659 1222 704 acta
1243 661 1353 703 sunt
1377 666 1516 704 more
1541 656 1701 705 solito.

397 737 647 784 Dominica
685 739 1014 798 Pentecostes‚
1059 741 1118 786 30
1155 739 1287 799 maii,
1332 742 1463 802 Papa
1500 741 1631 788 venit
1671 741 1731 788 ad
1767 741 2018 791 basilicam
2058 759 2100 790 s,

331 820 458 867 Petri
481 820 908 883 processionaliter
926 821 1014 868 sub
1035 821 1324 870 baldachino
1345 838 1455 870 cum
1471 823 1633 871 thiara
1654 827 1792 872 extra
1812 824 2100 881 cancellum,

331 919 500 951 omnes
524 904 694 967 prelati
713 904 1043 967 deposuerunt
1056 909 1340 968 ”paramenta
1363 910 1410 953 et
1432 912 1722 969 acceperunt
1745 923 1921 971 cappas
1941 926 1951 966 ;
1975 907 2104 957 idem

331 987 551 1035 fecerunt
572 987 843 1035 cardinales
861 987 909 1034 in
930 988 1048 1035 locis
1070 988 1183 1046 suiS,
1210 988 1332 1036 facta
1356 989 1661 1038 confessione
1683 1007 1770 1054 per
1795 994 1973 1054 Papam
1997 995 2107 1040 cum

332 1071 638 1128 celebrante3
682 1073 807 1133 Papa
843 1070 1060 1118 ascendit
1094 1071 1265 1117 solium
1302 1074 1349 1118 et
1382 1071 1514 1120 facta
1537 1076 1607 1120 est
1647 1073 1690 1120 ei
1727 1074 1992 1123 reverentia
2022 1089 2110 1137 per

333 1154 599 1202 cardinales
625 1154 671 1201 in
695 1155 877 1218 cappis,
905 1169 1039 1202 more
1063 1153 1202 1201 solito
1224 1172 1233 1211 3
1259 1157 1424 1201 Rmus.
1452 1156 1508 1202 D.
1537 1156 1794 1204 cardinalis
1816 1174 1853 1204 s.
1881 1157 2110 1206 Praxedis

333 1238 531 1285 missam
553 1237 810 1285 celebravit
830 1254 839 1296 ;
866 1241 912 1285 et
931 1237 1045 1285 licet
1064 1240 1192 1300 Papa
1211 1237 1313 1284 heri
1334 1253 1441 1285 sero
1458 1238 1727 1287 ordinasset.
1747 1240 2110 1302 processionem

336 1321 449 1368 'cleri
476 1321 652 1368 debere
676 1325 810 1367 extra
833 1320 1098 1368 cancellum
1121 1320 1373 1383 preterire,
1399 1325 1562 1369 tamen
1589 1322 1700 1384 quia
1719 1322 1814 1371 hoc
1841 1339 1986 1372 mane
2010 1339 2111 1371 car-

331 1404 506 1452 dinalis
523 1404 864 1467 Neapolitanus
886 1403 1071 1451 dixerat
1094 1405 1364 1466 Pape'quod
1387 1408 1607 1468 tempore
1625 1405 1873 1453 electionis
1892 1406 2111 1469 ejusdem

334 1487 549 1550 magistri
585 1486 765 1533 ordinis
802 1486 1171 1534 Predicatorum
1212 1490 1260 1534 et.
1295 1487 1493 1534 alterius
1537 1489 1888 1551 cujuscumque
1928 1489 2111 1537 ordinis

334 1571 594 1627 Minorum‘,
625 1570 809 1617 vivente
845 1570 979 1617 Sixto
1014 1572 1139 1632 Papa
1166 1573 1355 1631 quarto,
1389 1571 1754 1633 processionem
1786 1572 1970 1619 ordinis
2001 1589 2110 1620 cum

336 1652 551 1715 generali
580 1652 809 1715 magistro
844 1651 997 1700 electo
1029 1652 1236 1700 intrasse
1267 1653 1328 1699 ad
1362 1653 1518 1701 altare
1552 1654 1728 1716 maJ'US‚
1755 1656 1886 1717 Papa
1917 1654 2113 1702 admisit

338 1736 464 1799 quod
496 1735 642 1783 etiam
663 1735 756 1783 hoc
784 1750 924 1782 mane
950 1735 1016 1783 sic
1039 1734 1194 1782 fieret.
1225 1739 1420 1798 Incepta
1446 1735 1591 1798 igitur
1615 1736 1836 1799 epistola,
1866 1736 2114 1799 processio

337 1818 548 1869 aliorum
574 1818 653 1881 qui
685 1818 906 1866 ordinem
936 1818 1207 1882 predictum
1245 1819 1555 1878 antecedunt,
1594 1819 1966 1881 pertransiverat
1998 1834 2113 1868 can—

338 1902 518 1949 cellum
556 1905 604 1950 et
638 1901 902 1950 diverterat
934 1917 1021 1964 per
1054 1900 1359 1961 Vaticanum,
1399 1901 1523 1949 viam
1566 1917 1732 1960 suam;
1780 1907 1827 1950 et
1867 1900 2114 1966 processio

341 1986 578 2033 dictorum
613 1985 814 2032 fratrum
849 1984 1040 2031 intravit
1069 1984 1336 2031 cancellum
1366 1989 1408 2030 et
1443 1985 1611 2032 circuit
1638 1985 1786 2032 altare
1820 1986 1978 2048 majus
2010 1999 2114 2048 per-

341 2067 630 2117 transeundo
667 2067 792 2114 inter
826 2066 1123 2115 cardinalem
1162 2066 1492 2115 celebrantem
1532 2071 1579 2114 et
1612 2067 1731 2115 alios
1771 2067 2025 2131 episcopos
2067 2071 2113 2115 et

339 2151 647 2215 presbyteros
675 2150 972 2209 cardinales3
1009 2150 1204 2197 exibant
1224 2153 1417 2213 portam
1447 2150 1697 2198 lateralem
1726 2166 1890 2197 versus
1919 2149 2115 2200 Vaticass

340 2250 473 2281 num.
498 2233 636 2281 Multi
659 2249 716 2280 ex
738 2233 961 2281 fratribus
983 2234 1108 2280 inter
1127 2233 1276 2281 altare
1305 2236 1353 2280 et
1380 2235 1558 2296 Papam
1585 2233 1958 2296 prosternebant
1986 2249 2036 2281 se
2067 2234 2116 2281 in

342 2321 526 2364 terram
562 2333 729 2365 versus
763 2319 941 2380 Papam
977 2322 1024 2364 et
1053 2331 1187 2364 more
1228 2319 1495 2364 Turcarum
1527 2317 1871 2364 osculabantur
1899 2322 2113 2373 terram;

342 2401 471 2463 quod
506 2415 616 2447 cum
654 2416 751 2448 non
790 2400 1047 2448 convenire
1086 2400 1204 2446 mihi
1236 2400 1498 2459 videretur,
1534 2399 1756 2463 prohibui
1790 2415 1850 2447 ne
1885 2399 2034 2448 ceteri
2068 2401 2116 2448 id

342 2483 562 2531 facerent
584 2499 593 2542 ;
620 2486 746 2546 Pape
766 2483 1010 2546 displicuit
1030 2483 1308 2545 hujusmodi
1333 2498 1443 2531 mea
1468 2482 1729 2546 prohibitio
1752 2488 1799 2531 et.
1819 2482 1967 2530 voluit
1991 2482 2120 2546 quod

342 2566 672 2630 permitterem
698 2582 780 2613 eos
802 2569 981 2613 terram
1010 2566 1458 2628 deosculari„quod
1488 2566 1597 2613 feci.
1623 2565 1854 2628 Magister
1880 2565 2119 2628 generalis

345 2650 528 2706 electus
554 2664 661 2697 cum
684 2649 902 2712 pluribus
930 2648 1156 2697 fratribus
1184 2649 1560 2712 provincialibus
1590 2649 1660 2696 sui
1692 2648 1873 2696 ordinis
1891 2647 2122 2695 ‘ascendit

344 2733 403 2780 ad
439 2732 740 2790 Pontificem,
777 2737 825 2780 et
864 2748 974 2779 cum
1015 2732 1084 2779 eis
1125 2732 1388 2779 cardinalis
1419 2731 1762 2794 Neapolitanus
1799 2747 1901 2778 rem
1932 2735 2119 2793 gestam

346 2819 471 2879 Pape
497 2815 864 2874 commendans,
893 2831 1062 2862 omnes
1087 2815 1153 2861 illi
1186 2814 1362 2861 fratres
1391 2813 1593 2861 osculati
1623 2817 1734 2860 sunt
1760 2813 1934 2875 pedem
1960 2814 2116 2876 Pape3

344 2898 521 2945 ,deinde
561 2898 711 2946 secuti
752 2897 1115 2959 processionem
1160 2911 1314 2951 suam,
1361 2895 1608 2942 residuum
1645 2895 1972 2958 processionis
2011 2899 2121 2958 post

346 2981 631 3043 magistrum
663 2980 847 3027 ordinis
877 2979 1080 3042 predicti
1110 2993 1208 3025 non
1238 2977 1430 3025 intravit
1460 2977 1731 3025 cancellum
1765 2979 1850 3026 sed
1890 2979 1950 3025 ab
1989 2982 2122 3026 extra

344 3063 538 3123 *divertit
559 3064 619 3110 ad
642 3062 949 3111 Vaticanum.
975 3063 1076 3109 Non
1100 3061 1187 3109 fuit
1213 3076 1371 3108 sermo
1394 3060 1666 3108 ordinarius
1688 3060 1737 3108 in
1758 3051 1906 3108 missa
1925 3063 2123 3123 propter

341 3145 730 3208 processionem,
753 3145 837 3191 sed
864 3160 922 3191 ea
939 3143 1090 3200 finita,
1120 3149 1379 3206 antequam
1403 3145 1530 3207 Papa
1556 3144 1690 3190 daret
1711 3142 2118 3199 benedictionem,

349 3227 606 3290 cardinalis
634 3243 672 3275 s.
699 3227 927 3275 Praxedis
951 3227 1221 3285 celebrans,
1248 3226 1478 3290 depositis
1501 3224 1626 3289 apud
1649 3225 2126 3288 faldistorium-para-

349 3311 525 3374 mentis
547 3311 719 3369 ‘sacris,
752 3311 935 3374 accepit
962 3326 1168 3374 cappam
1196 3315 1243 3358 et
1264 3309 1394 3357 venit
1421 3308 1480 3356 ad
1503 3309 1666 3357 locum
1693 3323 1835 3355 suum
1860 3308 1983 3357 inter
2006 3307 2124 3356 alios

347 3388 636 3456 cardinales.

417 3478 613 3525 Interim
638 3481 691 3525 R.
724 3480 779 3525 D.
807 3479 976 3524 Petrus
1000 3478 1058 3524 dc
1088 3478 1321 3528 Viceutia,
1356 3476 1546 3524 auditor
1573 3491 1762 3523 camere
1793 3475 2122 3537 etepiscopus
