2228 3938
298 356 365 391 146
651 370 655 374 ·
903 357 1136 394 JOHANNIS
1172 357 1467 400 BURCHARDI,
1862 360 1958 399 [Juiu
1979 362 2073 401 1501]

361 458 567 505 Sabbato
603 458 840 519 sequenti,
888 461 943 505 19
980 459 1202 522 ejusdem
1239 457 1420 506 mensis
1452 456 1596 521 junii,
1630 456 1723 506 alia
1757 459 2070 521 proclamatio

297 540 391 588 sive
415 539 626 586 bannum
645 539 826 587 factum
849 543 923 588 est
941 557 1028 604 per
1049 541 1246 600 Urbem,
1271 541 1400 604 quod
1421 555 1590 589 omnes
1611 539 1923 604 insequentes
1946 557 2072 591 cam-

294 639 410 686 pum
434 622 562 686 regis
587 622 804 683 Francie,
833 639 931 671 non
953 623 1189 673 habentes
1219 624 1277 672 ab
1309 640 1367 671 eo
1398 623 1586 672 soldum
1615 623 1690 672 vel
1714 639 1743 672 a
1774 626 1920 688 Papa,
1944 625 2019 674 vel
2047 642 2075 673 a

295 705 417 753 duce
440 705 716 764 Valentino,
743 709 790 754 et
814 705 893 753 alii
918 706 1088 755 soldati
1111 707 1159 754 in
1190 706 1315 756 Urbe
1340 706 1600 755 existentes
1625 723 1654 754 a
1675 707 1806 755 nullo
1823 707 2095 772 predicto--

295 803 401 834 rum
438 787 683 847 conducti,
717 787 950 836 deberent
979 805 1066 852 per
1099 793 1254 837 totum
1292 788 1428 837 illum
1465 788 1593 837 diem
1627 788 1812 837 sabbati
1845 789 1904 838 ab
1944 791 2070 838 Urbe

294 871 525 918 recedere
556 875 603 920 et
633 871 693 919 ad
726 887 833 919 eam
862 887 960 919 non
988 872 1176 932 redire;
1211 876 1257 919 et
1288 871 1327 919 si
1355 871 1433 934 qui
1457 875 1565 935 post
1586 872 1715 920 diem
1739 873 1975 936 comperti
1989 873 2071 942 ‚fo-

292 958 414 1012 rent,
443 952 701 1018 punientur
727 971 822 1019 per·
839 955 1217 1022 gubernatorem
1249 954 1388 1003 Urbis
1421 969 1546 1018 pena
1577 955 1787 1004 carceris
1820 959 1867 1004 et
1890 959 2070 1005 torture

291 1041 338 1084 et
367 1036 488 1096 aliis,
517 1038 852 1102 gubernatoris
890 1038 1091 1087 arbitrio
1112 1055 1122 1098 3
1149 1043 1196 1086 et
1220 1038 1349 1101 quod
1374 1038 1570 1086 tandem
1594 1039 1879 1102 punirentur
1903 1039 1963 1087 ad
1989 1039 2072 1087 tri-

291 1135 468 1180 remes,
494 1120 676 1170 ibidem
700 1126 938 1185 perpetuo
963 1121 1202 1170 servituri.

356 1204 538 1253 Eadem
560 1205 654 1265 die,
687 1205 1224 1270 introivitmonsignore
1249 1205 1307 1254 de
1336 1205 1534 1269 Allegri,
1552 1205 1631 1269 qui
1650 1221 1748 1253 non
1766 1205 1854 1253 fuit
1878 1205 2070 1269 publico

288 1287 474 1336 honore
499 1292 742 1352 receptus.

354 1373 617 1435 Deputatus
639 1371 729 1419 fuit
749 1372 885 1419 locus
904 1370 1031 1435 apud
1052 1372 1241 1435 Aquam
1257 1372 1558 1429 Traversam,
1581 1374 1718 1418 extra
1738 1373 1938 1419 Pontem
1961 1370 2068 1418 Mil-

287 1453 434 1514 vium,
476 1470 568 1519 pro
608 1455 950 1519 allogiamento
984 1455 1203 1518 gentium
1239 1454 1367 1517 regis
1409 1455 1707 1502 Francorum
1750 1453 1966 1501 euntium
2006 1454 2065 1502 ad

286 1552 491 1600 regnum
517 1537 906 1601 Neapolitanum.
941 1536 1124 1584 Ibidem
1155 1537 1281 1584 facta
1307 1537 1498 1584 fuerunt
1516 1536 1757 1600 presepia,
1787 1536 1994 1584 frascate
2015 1536 2064 1583 in

285 1635 464 1684 magno
491 1636 713 1679 numero,
742 1624 937 1669 centum
960 1623 1004 1668 et
1035 1618 1386 1682 quinquaginta
1404 1619 1540 1667 butte
1564 1619 1678 1678 vini,
1705 1618 1925 1667 ordinata
1950 1635 2063 1682 pro-

281 1702 402 1752 visio
424 1704 579 1768 panis,
611 1703 847 1763 carnium,
872 1719 1088 1762 ovorum,
1114 1701 1261 1760 casei,
1283 1701 1527 1750 fructuum
1550 1705 1596 1750 et
1621 1701 1835 1750 omnium
1855 1701 2058 1750 aliorum

284 1788 689 1846 necessariorum,
727 1791 773 1836 et
816 1787 987 1835 ordine
1025 1785 1270 1835 sexdecim
1304 1785 1604 1844 meretriceS,
1646 1801 1739 1849 que
1785 1783 2057 1833 necessitati

283 1869 476 1918 illorum
508 1871 835 1934 providerent.
873 1870 1089 1918 Ordinati
1126 1869 1374 1918 merciarii
1399 1872 1447 1918 et
1473 1884 1530 1917 ex
1552 1868 1683 1917 omni
1714 1871 1815 1917 arte
1846 1867 2059 1916 artifices

282 1952 363 2015 qui
395 1953 576 2001 ibidem
607 1937 903 2002 laborarent.
940 1952 1219 2001 Mandatum
1241 1953 1329 2000 fuit
1371 1969 1458 2016 per
1494 1952 1866 2017 gubernatorem
1915 1950 2057 2000 Urbis

282 2035 634 2084 mercatoribus
650 2036 939 2085 Florentinis
963 2036 1012 2083 in
1030 2039 1177 2099 ponte
1199 2035 1613 2084 commorantibus
1638 2034 1766 2098 quod
1782 2034 2059 2098 reciperent

283 2119 468 2182 aliquos
490 2136 549 2168 ex
571 2119 813 2168 nobilibus
841 2119 1066 2184 gentibus
1099 2118 1254 2186 gentis
1284 2118 1581 2184 hujusmodi,
1613 2118 1750 2176 duos,
1786 2118 1908 2165 alter
1936 2119 2054 2173 tres,

281 2202 400 2250 alius
421 2208 627 2266 quatuor
647 2197 896 2267 equestres
922 2219 1009 2267 pro
1044 2202 1271 2266 qualitate
1306 2202 1494 2250 domus.
1522 2204 1818 2250 Mercatores
1838 2200 2054 2249 volentes

280 2302 330 2333 se
356 2287 415 2334 ab
432 2287 712 2351 hujusmodi
739 2303 885 2336 onere
914 2286 1124 2335 liberare
1153 2286 1451 2334 donaverunt
1484 2284 1792 2349 gubernatori
1822 2283 1965 2332 Urbis
1982 2285 2053 2332 CC

282 2370 499 2430 ducatos,
537 2386 656 2433 quos
690 2371 749 2419 ab
787 2371 856 2419 eis
895 2370 1103 2419 libenter
1140 2370 1327 2433 accepit
1361 2373 1408 2417 et
1450 2368 1764 2417 nihilominus
1798 2372 2053 2432 postquam

282 2457 450 2516 gentes
470 2454 685 2518 predicte
708 2454 769 2502 ad
789 2454 970 2501 Urbem
986 2456 1238 2509 venerunt,
1260 2453 1391 2516 ipsos
1413 2455 1710 2500 mercatores
1729 2451 1790 2499 ad
1811 2449 2054 2513 recipien-

279 2536 394 2584 dum
429 2551 661 2601 personas
691 2536 759 2584 eis
788 2537 1041 2601 deputatas
1079 2541 1127 2584 et
1159 2552 1240 2583 eas
1274 2535 1322 2582 in
1359 2535 1582 2584 domibus
1621 2534 1721 2582 suis
1754 2531 2053 2597 deputandas

282 2620 512 2685 compulit
533 2625 580 2668 et
600 2620 777 2684 coegit,
805 2622 876 2669 CC
899 2619 1101 2676 ducatis,
1131 2619 1225 2668 hoc
1249 2635 1346 2667 non
1368 2619 1609 2677 obstante,
1633 2617 1849 2667 retentis.

345 2703 484 2750 Feria
516 2703 672 2763 tertia,
706 2706 766 2751 22
795 2703 907 2751 dicti
941 2702 1121 2751 mensis
1144 2702 1286 2766 junii,
1317 2701 1517 2750 recessit
1552 2701 1611 2749 ab
1635 2700 1761 2749 Urbe
1792 2702 1959 2747 Rmus.
1994 2700 2050 2746 D.

280 2785 543 2835 Cardinalis
575 2787 877 2845 Cusentinus,
903 2787 1056 2834 iturus
1076 2786 1136 2834 ad
1158 2790 1311 2834 terras
1342 2783 1737 2834 Columnensium
1763 2786 1810 2830 et
1826 2768 2053 2844 receptu-

280 2886 362 2917 rus
382 2870 578 2918 nomine
604 2872 731 2933 Pape
755 2869 1115 2933 possessionem
1134 2868 1327 2916 Rocche
1352 2870 1478 2931 Pape
1503 2871 1550 2915 et
1570 2865 1787 2916 omnium
1811 2869 2051 2912 terrarum

283 2957 330 3000 et
354 2957 622 3000 castrorum
648 2953 1041 3001 Columnensium
1070 2951 1375 3010 eorumdem,
1404 2955 1451 2998 et
1477 2950 1608 2998 duxit
1637 2964 1803 2997 secum
1824 2945 2052 2995 commis-

283 3036 434 3084 sarios
456 3040 502 3084 et
525 3029 691 3100 gentes
715 3039 841 3100 Pape
864 3035 1036 3099 quibus
1051 3037 1204 3082 terras
1230 3038 1276 3082 et
1298 3037 1453 3082 castra
1475 3031 1754 3098 hujusmodi
1776 3029 2052 3080 committe-

280 3124 375 3178 ret,
402 3124 449 3167 et
473 3119 660 3182 accepit
692 3119 1052 3183 possessionem
1082 3117 1322 3177 omnium;
1352 3117 1544 3165 nemine
1567 3115 1654 3164 sibi
1688 3113 2051 3163 contradicente

280 3201 355 3250 vel
378 3217 429 3250 se
451 3201 500 3249 in
525 3201 685 3264 aliquo
705 3205 996 3265 opponente.

344 3284 483 3333 Feria
503 3290 686 3348 quarta,
717 3287 775 3332 23
798 3283 979 3332 mensis
1007 3283 1129 3347 junii
1161 3282 1437 3347 supradicti,
1464 3285 1519 3330 D.
1550 3282 1834 3330 Franciscus
1864 3284 2050 3329 Lucen-

283 3368 425 3427 tinus‚
453 3366 821 3415 archidiaconus
852 3366 1116 3430 Aquilanus
1141 3365 1229 3414 fuit
1258 3381 1515 3430 aggressus
1538 3381 1688 3430 prope
1723 3363 2050 3428 Pellegrinum

279 3455 328 3498 et
348 3450 557 3514 graviter
582 3466 734 3514 usque
759 3450 817 3498 ad
836 3453 1043 3498 mortem
1064 3448 1336 3497 vulneratus
1355 3465 1382 3496 a
1403 3453 1606 3512 quatuor
1623 3446 1937 3496 familiaribus
1962 3455 2047 3493 seu
