2228 3938
94 362 366 405 [Fevrier1503]
542 358 709 396 RERUM
744 355 1047 395 URBANARUM
1079 355 1429 393 COMMENTARII.
1810 358 1879 394 237

102 480 245 513 suum
289 464 350 512 ad
390 479 562 511 manus
602 465 748 527 Pape,
795 461 856 509 ad
893 475 1088 509 omnem
1134 460 1430 510 voluntatem
1474 477 1612 510 suam
1658 464 1706 510 et
1743 460 1880 508 ducis

95 547 490 604 Valentinensis;
533 549 582 594 et
626 545 755 609 quod
803 542 1118 606 pandulphus
1164 543 1471 603 Pe‘truccius,
1534 543 1780 602 SenensiS,
1836 549 1883 590 et

96 631 342 679 Johannes
382 629 554 678 Paulus
591 627 855 686 BallionuS,
886 625 1171 687 Perusinus,
1207 631 1372 676 essent
1415 628 1542 691 capti
1580 627 1631 675 in
1668 625 1883 676 dominio

101 708 517 762 Florentinorum.

166 797 305 845 Feria
329 799 522 860 quarta,
560 798 616 843 15
648 793 871 858 ejusdem
903 794 1084 842 mensis
1121 794 1375 854 februarii,
1412 793 1550 842 finito
1589 793 1885 842 consistorio

101 881 179 928 cui
205 883 370 927 Rmus.
401 881 456 926 D.
485 876 748 926 cardinalis
772 877 988 925 Estensis
1010 877 1250 935 interfuit,
1282 877 1414 925 idem
1437 876 1700 925 cardinalis
1726 892 1889 924 reces-

103 963 164 1011 sit
201 979 259 1010 ex
297 963 442 1020 Urbe,
476 961 723 1010 rediturus
762 960 1038 1009 Ferrariam
1076 963 1281 1024 propter
1316 959 1705 1023 indignationem
1739 975 1888 1023 quam

101 1047 199 1095 dux
220 1045 580 1097 Valentinensis
604 1044 867 1108 assumpsit
899 1044 991 1092 sibi
1023 1047 1198 1092 contra
1224 1060 1354 1102 eum,
1394 1060 1484 1107 pro
1514 1059 1571 1092 eo
1598 1043 1728 1106 quod
1757 1042 1890 1090 idem

103 1129 359 1178 cardinalis
397 1129 632 1193 diligebat
660 1131 708 1175 et
740 1128 1071 1192 cognoscebat
1102 1127 1446 1191 principissam
1480 1142 1687 1175 uxorem
1722 1125 1891 1173 fratris

103 1213 220 1262 dicti
245 1212 380 1261 ducis
407 1228 553 1276 quam
580 1211 728 1260 etiam
753 1212 856 1275 ipse
878 1212 975 1259 dux
997 1211 1265 1260 carnaliter
1288 1211 1639 1277 cognoscebat.

169 1297 312 1355 Jovis‚
347 1299 404 1344 16
429 1295 612 1343 mensis
635 1295 867 1344 februarii
894 1295 1121 1359 predicti,
1151 1297 1234 1344 SS.
1263 1298 1320 1343 D.
1348 1298 1517 1344 noster
1539 1294 1674 1342 misit
1699 1294 1893 1343 obviam

107 1381 216 1430 duci
260 1378 594 1430 Valentinensi
637 1379 938 1427 bombardas
976 1395 1034 1426 ex
1074 1382 1236 1428 castro
1272 1396 1310 1427 s,
1349 1379 1541 1444 Angeli,
1583 1381 1633 1426 ut
1671 1394 1784 1426 cum
1824 1378 1896 1426 eis

109 1466 414 1528 expugnaret
438 1467 654 1511 castrum
679 1462 960 1510 Brachiani.

178 1547 318 1595 Feria
349 1545 579 1604 secunda,
608 1549 668 1593 20
694 1545 913 1609 ejusdem
936 1545 1136 1602 mensis,
1162 1546 1251 1593 suit
1273 1547 1620 1596 consistorium
1647 1554 1895 1599 secretum

111 1631 161 1679 in
185 1646 281 1694 quo
309 1631 393 1678 SS.
422 1631 480 1676 D.
507 1631 675 1676 noster
700 1629 925 1676 recitavit
953 1628 1284 1676 cardinalibus
1303 1630 1433 1692 quod
1462 1632 1618 1679 Ursini
1644 1634 1895 1682 machina-

113 1716 286 1762 rentur
308 1710 580 1776 proditorie
603 1710 784 1758 intrare
806 1711 988 1759 Urbem
1011 1714 1058 1759 et
1083 1711 1202 1758 dare
1228 1711 1277 1758 in
1302 1713 1508 1775 predam
1535 1715 1708 1765 domos
1733 1718 1897 1765 cardi-

110 1796 295 1844 nalium
321 1811 330 1842 :
357 1798 621 1859 propterea
651 1793 1214 1842 admonerecardinales
1235 1796 1366 1858 quod
1391 1796 1567 1861 singuli
1595 1799 1716 1848 bene
1742 1801 1898 1864 previss

111 1879 281 1926 derent
306 1877 533 1926 domibus
564 1876 663 1924 suis
692 1879 739 1924 et
762 1876 1010 1924 munirent
1038 1876 1326 1937 artellariis;
1355 1894 1659 1943 conquerens
1689 1883 1748 1930 de
1773 1883 1896 1931 duce

110 1961 445 2013 valentinensi
477 1960 608 2024 quod
639 1959 795 2008 noluit
828 1958 1067 2007 hactenus
1105 1959 1302 2008 obedire
1339 1963 1580 2011 mandatis
1618 1965 1715 2012 suis
1746 1980 1898 2030 expu-

113 2045 306 2110 gnando
332 2048 549 2092 castrum
575 2042 835 2091 Brachiani
861 2045 910 2090 et
936 2043 1102 2091 omnia
1132 2043 1229 2091 alia
1251 2043 1360 2092 loca
1386 2046 1677 2096 Ursinorum
1701 2049 1784 2097 sed
1811 2065 1899 2114 po-

114 2128 206 2176 tius
231 2127 485 2176 advertere
510 2125 855 2190 persuasiones
880 2125 1009 2191 regis
1034 2128 1353 2188 Francorum,
1383 2128 1498 2177 licet
1529 2130 1589 2179 sit
1614 2132 1899 2196 capitaneus

112 2211 354 2270 Ecclesie3
382 2226 605 2259 asserens
635 2224 686 2257 se
720 2209 920 2257 omnino
954 2209 1076 2258 velle
1107 2211 1236 2274 quod
1269 2217 1570 2277 expugnaret
1606 2219 1822 2263 castrum
1854 2222 1901 2264 et

112 2294 222 2343 loca
259 2293 506 2359 predicta;
535 2297 600 2353 et,
635 2292 765 2358 quod
794 2293 1060 2341 cardinalis
1089 2295 1291 2342 Ursinus
1324 2295 1501 2344 obtulit
1533 2298 1788 2347 Sanctitati
1815 2314 1899 2348 sue

113 2377 279 2441 viginti
318 2377 531 2441 quinque
563 2376 773 2424 millium
805 2376 1096 2425 ducatorum
1127 2378 1316 2427 solvere
1347 2396 1437 2443 pro
1471 2379 1762 2431 liberatione
1793 2400 1897 2441 sua,

116 2460 428 2524 respondisse
473 2463 521 2507 et
557 2459 870 2508 admonuisse
908 2465 955 2508 et
993 2461 1292 2510 confortasse
1336 2465 1563 2512 eumdem
1602 2466 1901 2515 cardinalem

116 2543 243 2607 quod
270 2543 332 2591 sit
356 2543 470 2591 boni
502 2542 651 2590 animi
677 2545 724 2590 et
756 2542 914 2590 solum
945 2547 1083 2591 curet
1114 2536 1370 2594 sanitatem
1402 2563 1562 2606 suam;
1590 2565 1686 2612 qua
1714 2550 1899 2605 habita,

119 2627 284 2676 omnia
314 2625 476 2674 sutura
511 2626 726 2674 secunda
758 2641 767 2672 ε
803 2626 1110 2674 commisisse
1145 2628 1370 2676 omnibus
1402 2621 1608 2678 medicis
1637 2634 1765 2695 quod
1796 2634 1904 2680 dili-

119 2710 401 2774 gentissime
427 2711 599 2757 curent
625 2708 776 2771 ipsius
802 2708 1067 2756 cardinalis
1092 2710 1271 2758 bonam
1297 2711 1642 2761 valetudinem.

190 2793 332 2841 Feria
376 2792 540 2850 tertia,
583 2794 636 2838 21
686 2791 868 2839 mensis
906 2792 1142 2840 februarii
1191 2792 1418 2857 predicti,
1469 2800 1578 2860 post
1621 2797 1900 2861 prandium,

121 2878 261 2927 Judei
306 2880 634 2925 cucurrerunt
664 2875 730 2923 de
770 2875 939 2924 cloaca
974 2875 1362 2926 vicecancellarii
1400 2895 1552 2944 usque
1592 2881 1653 2929 ad
1691 2882 1902 2945 plateam

125 2978 163 3010 s,
199 2961 330 3010 Petri
363 2976 452 3025 pro
485 2959 633 3024 pallio
660 2959 835 3019 solito;
873 2963 921 3008 et
946 2959 1021 3008 die
1050 2962 1279 3009 mercurii
1307 2964 1549 3027 sequenti,
1583 2970 1910 3014 cucurrerunt

126 3060 213 3109 pro
238 3042 385 3108 pallio
407 3040 548 3107 pueri
571 3059 598 3090 a
622 3045 784 3090 castro
811 3059 849 3089 S.
877 3043 1051 3108 Angeli
1077 3043 1138 3091 ad
1164 3046 1387 3094 eamdem
1414 3047 1644 3110 plateam.

193 3130 249 3176 Et
281 3127 451 3175 eadem
484 3126 561 3174 die
594 3126 847 3186 mercurii,
884 3129 944 3174 22
982 3127 1232 3187 februarii,
1269 3132 1436 3178 Rmus.
1473 3133 1528 3179 D.
1565 3131 1827 3180 cardinalis
1853 3132 1909 3181 de

131 3210 318 3259 Ursinis
342 3210 461 3258 obiit
488 3210 537 3258 in
558 3213 718 3258 castro
747 3227 785 3258 s.
814 3210 1002 3274 Angeli,
1031 3211 1171 3277 cujus
1194 3213 1358 3262 anima
1390 3215 1662 3278 requiescat
1688 3216 1735 3263 in
1768 3232 1905 3280 pace.

130 3296 284 3342 Amen
306 3293 387 3358 (1).
419 3295 504 3342 SS.
535 3296 590 3341 D.
620 3297 785 3342 noster
810 3295 1056 3343 commisit
1087 3299 1142 3358 D,
1180 3297 1485 3347 Bernardino
1511 3299 1737 3357 Gutterii,
1776 3299 1908 3347 socio

182 3422 213 3454 1.
242 3418 334 3466 Voy.
355 3417 390 3454 la
401 3417 561 3466 depeche
587 3417 631 3454 de
650 3417 819 3455 l'orateur
838 3418 1020 3461 florentin,
1039 3418 1222 3465 Soderini‚
1240 3420 1410 3458 adi-essee
1427 3423 1449 3458 a
1474 3422 1508 3458 la
1522 3421 1738 3470 Seigneurie
1758 3433 1801 3459 en
1824 3422 1909 3460 date·

131 3478 178 3515 du
199 3478 244 3514 23
259 3476 399 3521 temer,
420 3481 456 3513 et
474 3476 564 3514 citee
585 3487 649 3524 par
667 3476 790 3512 Villari
810 3489 854 3513 en
882 3480 965 3513 note
986 3477 1005 3513 ὲ
1026 3476 1059 3514 la
1079 3478 1239 3526 depeche
1264 3479 1308 3515 de
1329 3479 1563 3526 Giustiniani‚
1591 3485 1618 3518 t.
1642 3481 1670 3524 1,
1692 3493 1730 3529 p.
1752 3482 1832 3518 409.
1857 3483 1906 3521 (Σο
