2228 3938
218 335 440 378 [Septembre
459 335 552 375 1503]
662 330 831 370 RERUM
863 331 1167 369 URBANARUM
1201 331 1552 376 COMMENTARII.
1927 340 1994 377 261

219 439 400 487 Urbem
425 438 474 486 in
498 451 676 501 magna
699 435 984 499 quantitate,
1019 435 1166 482 modo
1193 435 1379 494 decem,
1418 438 1565 486 modo
1590 438 1821 502 quinque,
1846 442 1992 489 modo

214 521 399 584 plures,
434 507 556 568 ade-o
586 518 716 583 quod
744 517 982 565 hactenus
1012 517 1060 564 in
1087 518 1214 565 Urbe
1243 518 1439 566 circiter
1475 520 1569 569 duo
1597 522 1750 570 millia
1776 522 1989 587 [essent],

212 619 309 652 non
334 605 556 652 obstante
579 601 706 665 quod
722 604 943 649 oratores
966 600 1112 647 etiam
1128 603 1431 650 Venetorum
1454 604 1770 666 promiserint
1791 608 1838 652 et
1855 606 1993 669 jura-

211 688 371 735 verint
420 686 549 749 quod
589 684 677 748 ipsi
719 683 842 731 Galli
875 699 973 730 non
1016 683 1253 732 deberent
1289 701 1338 731 se
1382 687 1727 749 approximare
1768 688 1886 736 Urbi
1929 689 1991 736 ad

210 771 379 818 decem
407 769 479 817 vel
500 771 611 816 octo
635 767 865 815 milliaria
887 783 896 814 :
925 766 1053 815 idem
1076 770 1237 830 posset
1264 769 1459 815 evenire
1482 769 1540 816 de
1567 770 1806 833 Hispanis.
1837 774 1992 835 Roga-

209 857 380 901 verunt
406 852 637 901 Dominos
666 855 716 898 ut
753 850 1074 914 dignarentur
1110 851 1367 913 providere
1405 868 1463 899 ne
1500 853 1782 901 scandalum
1819 871 1989 904 succe-

209 938 365 984 deret.
407 935 572 983 RRmi.
608 933 820 992 Domini,
856 933 1025 980 habito
1064 937 1295 991 tractatu,
1347 935 1698 983 commiserunt
1741 940 1836 984 RR.
1884 940 1985 986 DD.

206 1020 384 1068 Achilli
411 1020 470 1067 de
494 1018 677 1066 Grassis
699 1020 747 1065 et
766 1017 1018 1065 Dominico
1042 1017 1100 1064 de
1118 1018 1382 1065 Jacobatiis
1398 1018 1701 1066 auditoribus
1723 1024 1830 1068 rote
1854 1026 1992 1085 (quo-

208 1120 314 1151 rum
350 1119 499 1150 unum
536 1101 760 1150 videlicet
785 1101 1023 1148 Achillem
1063 1101 1122 1148 de
1149 1101 1341 1148 Grassis
1381 1102 1622 1150 miserunt
1658 1104 1719 1151 ad
1757 1105 1917 1152 Gallos
1942 1108 1991 1153 et

206 1187 355 1234 alium
392 1187 452 1233 ad
481 1183 736 1249 Hispanos)
761 1184 1250 1240 cumvcommissione
1290 1188 1338 1232 et
1373 1184 1657 1248 hujusmodi
1702 1186 1990 1236 inhibitione

207 1270 384 1328 fienda,
409 1286 468 1317 ne
491 1272 827 1333 presumerent
849 1267 1028 1316 Urbem
1055 1268 1233 1315 intrare
1253 1286 1261 1315 ε
1302 1268 1381 1331 qui
1408 1269 1658 1317 auditores
1682 1270 1904 1319 exierunt
1928 1272 1989 1319 de

208 1353 336 1401 Urbe
365 1354 412 1400 in
437 1367 580 1400 mane
602 1351 840 1414 sequenti,
870 1351 1124 1400 executuri
1152 1352 1523 1400 commissiones
1543 1369 1672 1400 suas.

274 1438 454 1486 Eadem
482 1438 577 1496 die,
612 1437 736 1485 hora
766 1436 998 1500 vigesima
1029 1436 1193 1494 tertia,
1232 1439 1452 1499 portatus
1484 1436 1572 1484 fuit
1597 1437 1658 1484 ad
1689 1438 1990 1501 sepulturam

206 1523 266 1570 de
294 1522 475 1586 palatio
501 1522 561 1569 ad
588 1538 625 1569 s,
654 1524 855 1569 Petrum
881 1522 938 1567 D.
968 1520 1159 1567 Felinus
1189 1521 1428 1578 Sandeus,
1457 1521 1714 1583 episcopus
1746 1524 1987 1580 Lucanus,

205 1606 285 1669 qui
326 1605 546 1668 sepultus
579 1604 668 1652 suit
699 1607 751 1651 ut
776 1607 886 1666 post
918 1603 1130 1650 triduum
1167 1606 1393 1666 portetur
1428 1603 1488 1650 ad
1524 1606 1753 1662 Luccam,
1791 1610 1991 1668 paratus

204 1688 428 1735 omnibus
454 1687 756 1750 paramentis
780 1685 914 1733 novis
939 1686 998 1733 de
1023 1685 1210 1733 taffetta
1234 1685 1452 1733 violaceo
1478 1689 1525 1733 et
1547 1686 1757 1749 desuper
1781 1687 1989 1750 pluviale

203 1770 417 1818 violaceo
443 1769 655 1833 pretioso
681 1769 741 1816 de
776 1768 1006 1816 broccato
1031 1767 1134 1815 sine
1157 1767 1285 1818 libro
1317 1783 1428 1815 cum
1450 1767 1638 1816 duobus
1664 1768 1896 1832 cappellis
1927 1770 1988 1817 ad

202 1853 370 1916 pedes,
395 1852 476 1915 qui
499 1851 617 1899 obiit
647 1855 790 1898 nocte
825 1850 1062 1913 preterita
1098 1850 1225 1897 inter
1247 1850 1445 1897 tertiam
1474 1853 1522 1897 et
1545 1855 1770 1912 quartam
1790 1851 1984 1903 horam.

203 1935 467 1983 Combusta
501 1934 699 1982 fuerunt
729 1933 1054 1998 quadraginta
1075 1932 1339 1980 intorticia.
1370 1933 1671 1980 Fraternitas
1691 1935 1987 1982 Annuntiate

202 2017 419 2065 interfuit
445 2033 557 2065 cum
585 2017 772 2065 salcolis
804 2021 853 2065 et
884 2009 1082 2064 circiter
1106 2015 1273 2079 viginti
1296 2015 1472 2078 prelati
1499 2018 1548 2063 et
1573 2016 1854 2078 quindecim
1879 2034 1988 2066 ves-

200 2100 271 2149 titi
312 2116 522 2164 quorum
549 2100 644 2148 duo
672 2100 830 2147 ultimi
853 2099 1203 2163 consanguinei
1238 2098 1436 2146 fuerunt
1461 2099 1688 2147 associati
1714 2100 1842 2148 inter
1864 2100 1986 2149 duos

199 2183 428 2246 prelatos.
461 2186 566 2231 Non
604 2183 693 2231 fuit
726 2183 856 2231 facta
889 2183 1042 2232 oratio
1072 2182 1133 2247 ,in
1166 2181 1390 2240 ecclesia,
1439 2184 1487 2229 et
1516 2182 1670 2241 bene;
1715 2183 1810 2231 alia
1845 2199 1984 2231 more

198 2265 357 2314 solito.

263 2349 350 2396 Die
380 2349 587 2407 veneris,
622 2352 650 2397 8
686 2349 995 2412 septembris,
1026 2349 1075 2395 in
1099 2348 1222 2396 festo
1248 2348 1512 2396 nativitatis
1539 2350 1683 2397 beate
1709 2349 1863 2397 Marie
1889 2349 1983 2397 vir-

198 2430 339 2494 ginis,
368 2434 533 2479 Rmus.
564 2435 621 2479 D.
648 2432 911 2479 cardinalis
939 2432 1229 2479 Cusentinus
1258 2432 1520 2480 celebravit
1543 2432 1759 2496 quintam
1781 2433 1981 2480 missam

198 2515 529 2577 exequiarum,
560 2520 606 2563 et
638 2515 968 2563 interfuerunt
1001 2516 1367 2578 quatuordecim
1400 2517 1691 2575 cardinales,
1730 2516 1976 2574 videlicet,

199 2612 238 2642 s.
266 2597 520 2655 Praxedis,
547 2597 724 2644 Montis
758 2597 966 2659 RegaliS,
998 2597 1386 2655 Alexandrinus,
1410 2614 1448 2645 s.
1483 2599 1669 2657 Crucis,
1698 2599 1974 2658 Grimanus,

194 2679 509 2738 ArborensiS,
538 2680 947 2743 Caputaquensis,
978 2680 1320 2738 Bononiensis,
1347 2680 1665 2738 VulteranuS,
1702 2680 1761 2728 de
1791 2682 1970 2740 Flisco‚

197 2763 447 2822 Columna,
472 2764 702 2821 Medices,
729 2779 767 2811 S.
807 2763 1021 2811 Severini
1048 2767 1095 2810 et
1124 2763 1182 2810 de
1209 2763 1466 2811 Alibretto.
1497 2763 1670 2810 Omnia
1699 2763 1898 2812 fuerunt
1923 2768 1976 2812 ut

193 2845 316 2893 heri.
342 2850 459 2895 Cum
483 2847 758 2895 celebrante
788 2846 1098 2894 absolverunt
1121 2847 1400 2906 Grimanus,
1434 2847 1770 2904 Bononiensis,
1796 2848 1973 2895 Montis

193 2929 386 2992 Regalis
415 2932 463 2976 et
494 2930 809 2979 Volteranus.
854 2929 1168 2977 Postmodum
1206 2929 1295 2976 fuit
1329 2930 1641 2993 congregatio
1667 2930 1714 2976 in
1750 2930 1974 2978 sacristia

194 3026 328 3058 more
348 3012 492 3059 solito
514 3030 522 3059 ε
554 3012 646 3060 alia
670 3013 836 3059 omnia
860 3013 918 3060 de
946 3029 1078 3072 cera,
1109 3017 1161 3060 ut
1185 3013 1310 3059 heri.

259 3094 345 3142 Die
380 3095 585 3154 sabbati,
634 3099 661 3143 9
703 3096 1013 3159 septembris,
1062 3099 1228 3143 Rmus.
1273 3099 1329 3143 D.
1377 3097 1644 3144 cardinalis
1679 3097 1972 3144 Arborensis

196 3176 454 3225 celebravit
490 3178 708 3237 missam,
747 3182 794 3226 et
822 3179 1147 3227 interfuerunt
1175 3180 1346 3227 decem
1375 3185 1421 3226 et
1450 3184 1558 3228 octo
1593 3180 1891 3237 cardinales;
1927 3184 1973 3228 et

196 3258 360 3306 omnia
385 3259 444 3308 de
479 3277 595 3308 cera
631 3266 678 3309 et
713 3266 879 3310 cetera
912 3266 1021 3310 acta
1044 3266 1096 3309 ut
1126 3262 1250 3310 heri.
1292 3265 1404 3310 Post
1441 3263 1638 3309 missam
1668 3262 1974 3310 absolverunt

195 3339 568 3402 Alexandrinus,
616 3360 654 3391 s.
698 3344 884 3402 Crucis,
929 3345 1218 3393 Cusentinus
1260 3349 1306 3392 et
1347 3345 1755 3408 Caputaquensis;
1797 3345 1972 3392 deinde

198 3422 325 3469 facta
351 3423 440 3470 suit
461 3428 778 3489 congregatio
803 3427 849 3473 in
872 3443 965 3488 qua
992 3427 1136 3474 etiam
1162 3428 1289 3474 venit
1315 3428 1673 3489 Agrigentinus,
1694 3427 1773 3473 ubi
1799 3427 1893 3474 duo
1912 3427 1971 3475 de
