2228 3938
322 361 371 395 96
946 362 1179 400 JOHANle
1214 363 1509 406 BURCHARDI,
1826 365 1982 405 {Janvier
2006 367 2096 405 1501]

327 462 611 509 affectamus
645 465 691 509 ut
725 461 900 510 Christi
931 463 1146 512 fidelium
1180 466 1462 514 eorumdem
1495 466 1764 514 animarum
1800 466 1938 515 saluti
1969 469 2097 516 salu-

325 545 454 593 brius
477 544 767 604 consulatur,
794 545 950 594 debite
971 548 1222 611 providere
1244 549 1458 597 volentes
1483 566 1537 597 ac
1560 549 1827 613 cupientes,
1846 550 2094 599 immanis-

323 628 556 700 simorum
585 630 851 676 Turcarum
877 629 958 692 qui
984 630 1323 680 inconsutilem
1353 633 1525 680 Christi
1557 633 1770 681 tunicam
1799 633 2017 682 scindere
2039 650 2094 683 ac

323 711 674 774 rempublicam
714 711 1027 761 christianam
1073 719 1287 764 evertere
1322 720 1368 763 et
1409 715 1745 764 cruentissima
1784 716 1901 765 cede
1941 716 2096 765 chris-

326 794 477 842 tianos
498 794 737 843 trucidare
761 812 858 844 non
881 802 1092 857 cessant,
1123 799 1251 862 gravi
1275 799 1375 863 jam
1399 798 1682 848 imminente
1710 815 1950 861 pressura,
1982 800 2095 848 dum

324 878 608 942 expugnatis
633 895 788 944 nuper
809 881 1079 944 Neoponte,
1109 882 1338 930 Mothone
1362 887 1407 929 et
1431 884 1617 930 Corone
1645 882 1916 931 civitatibus
1940 883 2097 930 muni-

322 960 534 1020 tissimis,
584 962 632 1009 in
676 963 862 1026 reliqua
902 963 1010 1012 loca
1047 964 1295 1013 convicina
1335 980 1447 1012 suos
1487 964 1816 1013 formidabiles
1857 965 2096 1013 exercitus

320 1044 596 1108 classesque
624 1046 890 1095 maritimas
921 1063 1109 1095 summa
1137 1047 1385 1111 diligentia
1414 1048 1713 1096 instruerunt
1735 1052 1781 1096 et
1804 1047 1853 1095 in
1875 1048 2098 1096 christia-

322 1144 434 1176 num
456 1129 686 1193 populum
706 1130 878 1178 canina
900 1130 1030 1179 rabie
1052 1131 1206 1194 magis
1225 1134 1366 1195 atque
1389 1130 1541 1194 magis
1562 1131 1716 1179 sevire
1735 1146 1832 1179 non
1851 1130 2093 1190 desinunt,

321 1212 572 1261 conatibus
601 1212 812 1273 obviare,
847 1219 892 1262 et
924 1230 1033 1262 cum
1066 1215 1126 1263 ad
1151 1214 1199 1262 id
1225 1220 1388 1263 nostre
1419 1230 1517 1263 non
1540 1219 1794 1279 suppetant
1824 1214 2092 1272 facultates,

320 1295 464 1344 etiam
487 1296 774 1345 christianos
798 1297 965 1345 fideles
987 1297 1248 1361 predictos,
1268 1298 1327 1345 ad
1342 1297 1670 1362 impendenda
1691 1298 1750 1346 ad
1766 1297 1815 1345 id
1830 1302 2098 1362 opportuna

319 1380 507 1438 auxilia,
536 1384 847 1444 peccatorum
875 1380 1246 1429 remissionibus
1268 1386 1315 1429 et
1344 1381 1654 1445 indulgentiis
1684 1381 1884 1430 incitare
1916 1396 2095 1444 eosque

316 1462 558 1511 favoribus
580 1463 805 1533 prosequi
831 1464 1073 1527 gratiosis.
1109 1463 1279 1512 Habita
1301 1480 1447 1528 super
1474 1462 1568 1513 hoc
1591 1480 1702 1512 cum
1729 1464 1912 1512 eisdem
1938 1463 2096 1512 fratri—

321 1546 406 1592 bus
428 1545 606 1594 nostris
629 1546 974 1594 deliberatione
1001 1552 1188 1594 matura
1209 1551 1256 1595 et
1285 1547 1631 1611 omnipotentis
1655 1547 1740 1595 Dei
1762 1546 2094 1596 misericordia

318 1644 372 1676 ac
400 1628 651 1677 beatorum
680 1629 806 1677 Petri
835 1633 882 1677 et
916 1629 1048 1677 Pauli
1075 1630 1403 1694 apostolorum
1449 1631 1551 1694 ejus
1586 1630 1869 1678 auctoritate
1903 1629 2089 1687 confisi,

319 1712 377 1760 de
404 1713 604 1760 fratrum
631 1711 960 1776 predictorum
989 1712 1211 1773 consilio,
1240 1727 1296 1761 ac
1320 1713 1583 1777 apostolice
1607 1712 1861 1777 potestatis
1889 1712 2094 1776 plenitu-

318 1796 447 1855 dine,
473 1796 758 1844 auctoritate
783 1796 1064 1860 apostolica,
1093 1800 1261 1846 tenore
1290 1796 1588 1861 presentium
1618 1796 1874 1845 statuimus
1893 1800 1939 1844 et
1965 1794 2093 1844 ordi-

321 1895 514 1940 namus3
540 1879 670 1944 quod
687 1895 855 1945 omnes
878 1884 925 1929 et
947 1880 1118 1944 singuli
1140 1880 1313 1929 Christi
1339 1878 1527 1939 fideles,
1553 1880 1698 1929 etiam
1721 1878 2089 1943 archiepiscopi,

318 1962 550 2027 episcopi,
594 1974 767 2027 reges,·
795 1964 981 2027 regine,
1024 1963 1190 2023 duces,
1233 1963 1495 2027 principes,
1541 1963 1868 2022 marchiones,
1911 1961 2091 2011 domini

321 2046 627 2110 temporales,
672 2047 893 2106 comiteS,
941 2047 1166 2106 barones,
1219 2047 1406 2095 nobiles
1446 2046 1694 2110 utriusque
1741 2061 1901 2105 sexus,
1945 2045 2089 2093 etiam

318 2130 664 2195 cujuscumque
688 2129 950 2193 dignitatis,
979 2134 1148 2188 status,
1175 2130 1371 2194 gradus,
1399 2129 1596 2189 ordiniS,
1623 2128 1928 2187 conditionis,
1952 2126 2090 2176 nobi—

316 2213 462 2262 litatis
505 2218 552 2262 et
591 2213 965 2277 preeminentie3
1014 2212 1349 2272 ecclesiastici,
1397 2214 1541 2262 etiam
1590 2211 1822 2277 religiosi,
1870 2211 2085 2262 abbates.

313 2297 496 2359 priores
518 2301 566 2346 et
588 2297 834 2360 priorisse,
862 2313 918 2345 ac
946 2296 1024 2344 alii
1056 2297 1299 2346 seculares
1321 2312 1406 2360 per
1427 2297 1581 2361 ipsam
1610 2296 1797 2345 Italiam
1821 2292 2086 2352 constituti,

316 2397 424 2429 vere
446 2380 719 2444 penitentes
742 2386 789 2429 et
812 2381 1018 2429 confessi
1044 2381 1124 2445 qui
1151 2386 1259 2446 post
1287 2382 1554 2430 solemnem
1583 2377 1881 2444 presentium
1909 2377 1958 2425 in
1985 2377 2091 2440 ipsa

318 2464 452 2512 ltalia
472 2465 650 2512 factam
668 2464 1063 2528 publicationem,
1090 2480 1241 2529 usque
1261 2465 1322 2513 ad
1341 2466 1516 2514 festum
1540 2467 1853 2513 pentecostes
1871 2460 2088 2526 proxime

317 2548 529 2595 futurum
554 2547 800 2606 inclusive,
833 2548 1187 2597 ecclesiasticos
1213 2549 1261 2596 in
1287 2548 1415 2597 dicta
1437 2548 1572 2596 ltalia
1592 2562 1713 2611 quos
1736 2546 1938 2594 dilectus
1965 2542 2088 2591 tilius

315 2630 440 2678 della
459 2633 628 2689 Turre,
656 2630 835 2678 ordinis
861 2631 1063 2679 fratrum
1088 2632 1331 2680 minorum
1358 2631 1415 2679 de
1446 2630 1762 2679 Observantia
1791 2629 2090 2697 nuncupato·

316 2730 418 2762 rum
463 2715 709 2778 professor
746 2718 794 2763 et
840 2714 1059 2779 ejusdem
1106 2715 1289 2764 ordinis
1323 2715 1446 2763 citra
1477 2718 1667 2762 montes
1707 2712 1910 2761 vicarius
1943 2710 2089 2775 gene·

317 2797 446 2858 ralis,
474 2813 618 2861 quem
647 2798 708 2845 ad
737 2798 828 2846 hec
863 2803 909 2846 et
938 2798 1031 2846 alia
1064 2798 1373 2861 infrascripta
1405 2796 1702 2862 peragenda,
1737 2795 1786 2841 in
1822 2794 1926 2857 ipsa
1952 2791 2087 2840 Italia.

315 2885 477 2929 nostre
519 2885 566 2929 et
604 2881 864 2944 apostolice
905 2881 1032 2928 sedis
1079 2881 1301 2929 nuntium
1343 2884 1389 2927 et
1429 2877 1815 2927 commissarium
1859 2875 2081 2933 facimus,

316 2964 650 3012 constituimus
676 2968 723 3011 et
754 2964 900 3011 etiam
935 2963 1237 3027 deputamus,
1273 2962 1461 3010 duxerit
1495 2978 1600 3010 esse
1631 2960 1891 3010 visitandos
1923 2957 2085 3007 debito

320 3052 552 3110 tempore,
585 3046 723 3109 juxta
753 3046 969 3110 ejusdem
1003 3045 1155 3094 nuntii
1183 3050 1229 3094 et
1261 3045 1576 3094 commissarii
1608 3061 1692 3093 seu
1721 3041 1983 3108 deputandi
2015 3039 2085 3090 vel

319 3114 703 3193 deputandorum
748 3130 808 3176 ab
848 3144 906 3177 eo
935 3128 1406 3192 subdelegandorum
1447 3128 1507 3177 ad
1544 3129 1647 3193 ejus
1675 3127 1920 3193 providam
1955 3123 2084 3174 ordi-

319 3212 563 3260 nationem
595 3228 739 3276 super
769 3212 862 3260 hoc
889 3212 1182 3271 faciendum,
1222 3212 1389 3261 devote
1423 3212 1730 3272 visitaverint,
1773 3214 1819 3260 et
1849 3210 1898 3258 in
1928 3205 2082 3272 capsis

319 3296 379 3344 ad
398 3295 491 3344 hoc
518 3296 564 3343 in
595 3295 859 3343 subsidium
888 3302 1052 3344 sancte
1082 3295 1310 3354 cruciate,
1342 3299 1388 3343 et
1408 3312 1493 3359 pro
1519 3295 1630 3344 fidei
1658 3293 1924 3344 orthodoxe
1953 3290 2082 3340 exal-

319 3379 497 3428 tatione
520 3384 664 3442 atque
687 3379 747 3426 ab
767 3378 882 3442 ipsis
903 3378 1097 3443 perfidis
1119 3379 1283 3427 Turcis
1308 3378 1607 3438 defensione,
1633 3395 1717 3443 per
1736 3377 1959 3427 nuntium
1985 3374 2079 3422 sive

319 3452 721 3523 commissarium,
744 3467 826 3511 aut
847 3461 1148 3527 deputandos
1171 3467 1218 3511 et
1240 3461 1620 3526 subdelegandos
1643 3462 1898 3526 predictOS,
1929 3459 2078 3522 depu-
