2228 3938
306 407 375 445 122
750 420 753 422 ’
905 405 1140 443 JOHANNIS
1172 404 1468 451 BURCHARDI,
1854 407 1961 448 [Mars
1978 411 2072 455 1501]

308 508 466 557 decim
493 509 631 556 erant
654 506 809 554 vestiti
842 510 895 555 ut
917 507 966 555 in
997 507 1198 555 introitu
1227 508 1287 556 ad
1315 508 1515 566 Urbem,
1540 506 1805 556 associatus
1830 525 1858 558 a
1882 511 2074 562 familiis

307 595 599 639 RRmorum.
642 592 744 638 DD.
784 590 1118 649 cardinalium,
1155 590 1315 639 Ursini
1351 593 1398 638 et
1430 591 1660 653 Capuani,
1697 592 1825 640 venit
1853 595 1913 642 ad
1943 596 2075 660 pala-

305 674 443 730 tium,
475 674 535 721 ad
559 688 781 721 cameras
815 672 939 720 Rmi.
971 674 1027 719 D.
1056 673 1284 736 Capuani,
1315 673 1396 720 ubi
1426 673 1696 737 expectavit
1719 674 1866 723 finem
1891 678 2075 726 consis-

305 756 436 804 torii.
472 758 576 813 Quo
612 755 766 815 finito,
801 755 1097 819 gubernator
1129 758 1177 803 et
1209 756 1287 804 alii
1326 757 1500 820 prelati
1536 761 1774 806 venerunt
1811 759 1854 806 ei
1889 761 2075 810 obviam

303 854 454 902 usque
501 840 561 887 ad
598 854 818 886 cameras
854 837 1083 901 Capuani,
1125 838 1205 885 ubi
1238 839 1315 886 ille
1364 839 1665 903 expectabat,
1701 843 1748 888 et
1783 841 2078 893 induxerunt

301 922 436 971 illum
463 939 615 986 usque
640 923 700 971 ad
732 937 979 970 cameram
1011 922 1285 985 paramenti
1322 924 1469 986 Pape,
1508 923 1606 982 ubi,
1639 939 1696 972 eo
1735 925 1951 985 dimisso,
1985 927 2076 992 ipsi

296 1005 604 1053 intraverunt
633 1020 880 1052 cameram
911 1004 960 1052 in
997 1019 1091 1068 qua
1124 1007 1231 1052 erat
1254 1005 1617 1065 consistorium,
1647 1009 1695 1054 et
1717 1007 2000 1057 locaverunt
2025 1025 2076 1057 se

301 1089 362 1136 ad
406 1088 653 1136 sinistram
700 1090 854 1151 Pape;
905 1103 1073 1136 eorum
1117 1087 1312 1135 fuerunt
1356 1103 1564 1136 numero
1609 1093 1811 1153 septem.
1859 1094 2074 1141 Vocatus

303 1170 477 1218 deinde
495 1174 683 1231 orator,
712 1174 760 1218 et
782 1173 892 1234 post
918 1185 1086 1218 omnes
1103 1169 1286 1218 familia
1301 1186 1403 1229 sua,
1424 1173 1472 1218 et
1495 1171 1693 1234 quidam
1717 1172 1795 1220 alii
1813 1174 1955 1221 amici
1983 1175 2072 1234 sui,

302 1254 382 1316 qui
417 1269 528 1302 eum
564 1253 937 1313 associaverant,
978 1255 1144 1301 orator
1181 1253 1385 1301 accessit
1411 1254 1471 1301 ad
1506 1256 1701 1317 Papam,
1736 1256 1980 1304 osculatus
2005 1261 2079 1306 est

301 1337 477 1400 pedem
504 1338 607 1401 ejus
632 1340 680 1384 et
700 1352 872 1384 manus
904 1339 952 1384 et
975 1338 1203 1400 receptus
1229 1341 1300 1385 est
1331 1337 1391 1384 ad
1423 1337 1641 1385 osculum
1671 1338 1789 1397 oris3
1818 1340 2080 1402 genuflexit

301 1420 480 1468 iterum
519 1423 566 1468 et
608 1420 900 1484 presentavit
939 1422 1067 1483 Pape
1112 1419 1301 1467 litteras
1347 1419 1482 1467 ducis
1526 1420 1751 1484 predicti,
1800 1438 1892 1485 que
1939 1426 2080 1472 erant

303 1503 645 1561 credentiales,
680 1505 917 1566 patentes,
957 1502 1112 1565 sigillo
1146 1502 1490 1565 subimpresso‚
1526 1519 1646 1566 quas
1682 1505 1813 1567 Papa
1853 1505 1988 1553 dedit
2017 1509 2074 1554 D.

300 1585 531 1644 Adriano,
559 1584 825 1633 secretario
849 1599 951 1632 suo.
979 1586 1150 1631 Orator
1171 1585 1448 1633 retrocessit
1478 1588 1615 1633 extra
1632 1585 1862 1634 circulum
1892 1588 2079 1635 consis-

302 1667 411 1715 torii
433 1667 482 1714 in
498 1666 720 1731 opposito
743 1669 889 1730 Pape,
914 1666 995 1714 ubi
1019 1666 1301 1730 genuflexit,
1326 1671 1435 1715 ante
1466 1682 1518 1715 se
1543 1667 1871 1716 habens-illud
1893 1669 2079 1718 scabel-

301 1751 402 1797 lum
430 1750 558 1813 quod
587 1749 834 1798 introitum
861 1738 1132 1797 consistorii
1163 1749 1362 1809 claudit;
1398 1764 1488 1813 ego
1515 1749 1576 1798 ad
1607 1751 1709 1814 ejus
1737 1750 1979 1800 sinistram
2012 1752 2078 1801 fui

303 1833 589 1897 genuflexus
612 1833 837 1882 continue
857 1833 986 1897 apud
1000 1848 1129 1882 eum.
1150 1834 1206 1880 D.
1230 1832 1469 1880 Adrianus
1489 1832 1606 1896 legit
1623 1832 1804 1882 litteras
1817 1834 2074 1898 predictas,

304 1918 363 1964 ad
386 1917 630 1965 sinistram
648 1919 775 1980 Pape
796 1916 1098 1980 genessexus3
1123 1915 1296 1978 quibus
1319 1916 1474 1976 lectis,
1499 1920 1663 1965 orator
1684 1921 1737 1964 ut
1765 1933 1912 1981 supra
1930 1933 2079 1981 genu-

307 1999 459 2048 flexus
491 1999 604 2047 fecit
635 1999 905 2048 orationem
927 1999 1152 2047 omnibus
1172 1998 1430 2057 laudatam,
1462 2013 1572 2046 cum
1600 1999 1781 2062 optima
1799 2000 2078 2063 pronuntia-

306 2083 435 2131 tione
468 2087 515 2130 et
548 2082 831 2146 aptitudine,
871 2082 947 2130 cui
979 2085 1108 2146 Papa
1133 2081 1398 2146 respondit,
1431 2086 1576 2145 prout
1600 2082 1763 2141 voluit,
1800 2088 1846 2130 et
1879 2098 2077 2147 respon-

305 2165 492 2214 sionem
525 2165 802 2229 hujusmodi
824 2165 1056 2214 conclusit
1079 2165 1128 2212 in
1159 2165 1353 2213 laudem
1378 2164 1597 2223 oratoris,
1630 2165 1924 2229 subjungens
1945 2167 2075 2230 quod

304 2252 529 2312 proptera
560 2248 740 2297 faceret
767 2264 877 2297 eum
899 2263 957 2297 ex
976 2263 1103 2296 nunc
1128 2247 1515 2311 protonotarium
1535 2247 1872 2311 apostolicum.
1902 2250 2074 2298 Orator

300 2332 504 2380 accessit
525 2332 585 2379 ad
606 2334 783 2396 Papam
814 2336 861 2380 et
884 2336 992 2395 post
1014 2347 1124 2379 eum
1142 2330 1298 2380 omnis
1319 2330 1499 2378 familia
1519 2346 1623 2390 sua,
1649 2347 1741 2394 que
1764 2332 1980 2380 osculata
2000 2337 2072 2381 est

298 2415 473 2477 pedem
514 2417 659 2478 Pape,
701 2419 895 2463 oratore
932 2415 992 2462 ad
1032 2414 1278 2462 dexteram
1319 2416 1447 2477 Pape
1482 2418 1653 2462 stante.
1694 2414 1779 2462 Cui
1816 2418 2090 2478 postquam,

296 2496 476 2544 familia
513 2497 688 2560 pedem
733 2497 1242 2566 Pape‘osculataest,
1288 2496 1487 2560 deposui
1526 2501 1709 2544 vestem
1747 2497 2065 2560 superiorem,

297 2594 456 2641 quam,
480 2580 594 2628 licet
622 2581 760 2630 nobis
792 2585 919 2629 esset
951 2581 1130 2639 debita,
1156 2580 1264 2628 dedi
1294 2580 1376 2627 uni
1404 2595 1461 2627 ex
1488 2579 1800 2628 familiaribus
1823 2580 1937 2639 suiS,
1964 2596 2069 2644 spe-

219 2708 224 2713 ,
298 2677 407 2710 rans
422 2679 510 2711 nos
531 2663 787 2712 meliorem
809 2679 1175 2728 recompensam
1197 2666 1504 2726 recepturos;
1527 2678 1808 2726 paraveram
1827 2663 1959 2727 prius
1980 2679 2067 2727 pro

297 2760 354 2792 eo
376 2746 701 2807 rocchettum,
720 2762 922 2811 cappam
945 2751 991 2796 et
1011 2746 1251 2810 capellum
1272 2745 1695 2809 protonotariatus,
1723 2746 1896 2808 quibus
1919 2748 2063 2808 Papa,

295 2828 518 2876 omnibus
565 2829 888 2878 cardinalibus
934 2828 1327 2878 consistorialiter
1381 2827 1777 2886 consedentibus,
1821 2831 2063 2875 oratorem

294 2913 564 2960 successive
595 2913 749 2960 induit
779 2916 825 2960 et
854 2927 964 2960 eum
999 2910 1382 2975 protonotarium
1409 2910 1522 2959 fecit
1549 2914 1595 2958 et
1626 2910 1820 2958 creavit.
1850 2911 2063 2959 Surrexit

293 2999 473 3053 orator,
498 2994 719 3058 deposuit
747 2995 987 3058 capellum
1013 2999 1058 3043 et
1079 3009 1300 3058 cappam,
1326 2993 1513 3057 accepit
1541 2994 1821 3042 mantellum
1843 2996 1890 3041 et
1916 3009 2064 3057 capu-

295 3075 423 3123 cium
454 3076 544 3123 sibi
578 3077 637 3124 ad
666 3077 760 3125 hoc
794 3078 925 3141 prius
959 3078 1249 3130 ordinatum,
1283 3080 1330 3125 et
1354 3092 1464 3124 cum
1482 3076 1678 3124 licentia
1699 3079 1826 3141 Pape
1854 3077 1985 3124 venit
2006 3077 2066 3124 ad

296 3158 493 3206 domum
522 3176 676 3219 suam,
715 3161 980 3209 associatus
1010 3177 1037 3208 a
1072 3161 1251 3209 familia
1283 3160 1406 3209 Rmi.
1445 3162 1502 3207 D.
1543 3159 1795 3208 cardinalis
1831 3160 2060 3224 Capuani.

294 3242 618 3291 Intersuerunt
639 3243 751 3291 huic
777 3227 1062 3291 consistorio
1081 3243 1249 3293 decem
1274 3246 1322 3292 et
1341 3258 1513 3292 novem
1535 3242 1818 3302 cardinaleS,
1841 3243 2065 3307 Neapoli-

299 3328 453 3386 tanUS,
483 3342 522 3374 s.
559 3327 750 3390 Angeli,
782 3327 1142 3386 Recanatensis,
1170 3326 1407 3391 episcopi;
1437 3343 1476 3373 s,
1506 3325 1783 3385 ClementiS,
1814 3328 2062 3375 Beneven-

298 3413 455 3467 tanus,
502 3426 540 3457 s.
590 3410 834 3469 Praxedis,
875 3410 1050 3458 Montis
1091 3410 1297 3475 Regalis,
1339 3409 1713 3467 Alexandrinus,
1758 3409 1973 3468 Ursinus,
2018 3425 2056 3456 s.

297 3489 481 3549 Crucis,
501 3493 856 3556 Agrigentinus,
883 3496 1148 3556 Capuanus,
1173 3492 1474 3551 Cusentinus,
1505 3492 1899 3555 Caputaquensis,
1922 3491 2062 3540 Muti-
