2228 3938
199 376 412 420 [Decembre
435 376 529 417 1502]
642 374 812 413 RERUM
844 372 1150 412 URBANARUM
1185 372 1534 413 COMMENTARII.
1916 379 1984 416 183

200 482 261 530 ab
289 481 383 529 hac
415 478 583 528 infami
612 477 775 528 bellua
803 479 851 526 in
889 475 1161 541 perniciem
1191 476 1455 526 christiane
1489 478 1756 543 reipublice
1789 495 1983 529 emana-

196 570 310 615 runt
332 582 341 625 3
369 579 572 613 narrare
594 561 899 611 detestabilia
921 560 1113 610 scelera
1136 576 1229 625 que
1256 560 1306 608 in
1331 564 1667 626 contemptum
1690 563 1778 612 Dei
1800 568 1848 613 et
1874 564 1982 613 reli-

196 651 352 717 gionis
374 649 573 700 exitium
594 645 978 706 committuntur,
1003 660 1096 708 que
1118 649 1217 693 tam
1240 646 1444 706 atrocia,
1466 649 1567 695 tam
1590 647 1826 697 immania
1846 652 1975 707 sunt,

197 740 248 784 ut
278 734 487 799 cujusvis
518 732 666 781 etiam
694 729 999 779 disertissimi
1028 728 1280 793 ingenium
1304 730 1659 794 perstringant..
1690 733 1790 781 Hec
1818 732 1904 781 tibi
1931 732 1979 780 in

194 819 399 884 publicis
429 815 704 882 principum
735 812 1132 863 convenientibus
1164 814 1457 873 enarranda,
1495 814 1589 863 hec
1627 816 1979 866 committenda

194 889 413 968 pluribus
439 899 672 964 exemplis
697 902 840 962 atque
865 913 954 962 per
979 897 1199 946 omnium
1225 913 1400 946 manus
1427 899 1664 947 tradenda
1688 904 1735 949 et
1759 900 1978 949 dissemi-

194 988 369 1035 nanda.
413 987 616 1034 Frustra
661 982 801 1047 queri
843 981 1164 1031 christianam
1206 982 1499 1047 religionem
1543 983 1602 1031 de
1644 984 1973 1045 Machomete,

193 1070 391 1134 antiquo
417 1070 521 1135 ejus
543 1068 701 1126 hoste,
736 1067 867 1130 quod
895 1067 957 1114 ab
986 1066 1069 1114 illa
1099 1066 1405 1114 innumeram
1441 1067 1736 1131 populorum
1763 1069 1980 1117 multitu—

192 1154 355 1204 dinem
392 1151 676 1212 abduxerit3
716 1166 828 1199 cum
858 1150 948 1198 iste
990 1165 1141 1198 novus
1178 1150 1517 1200 Machometus
1549 1151 1680 1200 omni
1715 1153 1975 1201 criminum

188 1237 386 1287 feditate
408 1237 544 1285 illum
563 1236 708 1301 longe
730 1233 1052 1299 superaverit,
1074 1236 1123 1283 et
1139 1234 1233 1283 hoc
1254 1234 1369 1283 fidei
1393 1238 1440 1283 et
1461 1235 1710 1300 religionis
1733 1237 1975 1302 reliquum

186 1322 490 1371 validissimis
511 1321 797 1369 morborum
819 1318 1054 1367 incendiis
1079 1319 1349 1378 exarserit;
1378 1320 1566 1369 venisse
1594 1324 1836 1389 tempora,
1873 1322 1976 1386 qui-

186 1407 275 1455 bus
294 1407 396 1471 jam
418 1404 748 1465 antichristuS,
775 1403 916 1452 toties
940 1419 968 1451 a
990 1403 1239 1468 prophetis
1261 1404 1514 1468 predictus
1535 1410 1790 1470 appareat,
1818 1391 1975 1470 neque

188 1491 318 1540 enim
349 1491 502 1539 ullum
534 1489 734 1537 omnino
768 1503 983 1551 unquam
1019 1488 1171 1549 nasci,
1206 1491 1289 1537 aut
1326 1489 1590 1553 excogitari
1622 1491 1856 1554 potuisse,
1892 1492 1974 1555 qui

188 1575 403 1639 apertior
425 1574 513 1623 Dei
536 1573 708 1632 hostis,
737 1572 916 1621 Christi
941 1576 1252 1636 oppugnator
1273 1572 1389 1621 fidei
1414 1577 1462 1621 et
1488 1573 1740 1637 religionis
1771 1575 1974 1624 subver-

187 1674 268 1707 sor
291 1658 601 1707 inveniretur.

256 1764 277 1787 «
303 1746 410 1792 ,Iam
434 1741 674 1790 beneficia
697 1746 745 1790 et
770 1742 1031 1806 dignitates
1056 1741 1410 1790 ecclesiasticas
1435 1757 1528 1806 que
1552 1742 1750 1807 antiquo
1783 1746 1975 1792 sancto-

187 1842 294 1875 rum
324 1829 518 1891 patrum
554 1826 753 1874 decreto
787 1826 847 1874 ad
878 1826 1095 1876 remedia
1132 1825 1291 1873 anime
1317 1825 1514 1890 justicia
1544 1826 1829 1875 clarissimis
1858 1828 1972 1876 viris

185 1910 309 1959 ultro
348 1909 637 1958 demandari
676 1909 914 1969 solebant,
957 1909 1152 1974 publica
1190 1909 1467 1957 venditione
1506 1909 1750 1974 dissipari,
1791 1914 1840 1959 et
1881 1911 1972 1959 illis

186 1993 493 2042 solummodo
523 1993 717 2052 cedere,
751 1993 831 2056 qui
859 1996 1029 2057 aperta
1059 1993 1306 2056 emptione
1334 1993 1440 2057 plus
1471 1993 1790 2057 pecuniarum
1825 2011 1971 2058 quam

186 2078 337 2126 ceteri
372 2076 657 2141 largiuntur.
697 2079 799 2125 Itur
836 2077 896 2125 ad
934 2077 1168 2141 palatium
1206 2093 1316 2125 cum
1352 2093 1474 2126 auro
1511 2077 1573 2125 ad
1609 2078 1821 2127 emenda
1859 2078 1971 2128 fidei

184 2161 444 2227 mysteria:
481 2163 576 2209 stat
604 2161 785 2210 ibidem
817 2161 1039 2210 minister
1068 2161 1328 2220 scelerum,
1362 2162 1585 2211 venditor
1621 2162 1972 2212 beneficiorum

183 2245 443 2293 cardinalis
469 2245 752 2293 Mutinensis
780 2246 840 2293 ad
865 2245 1154 2310 explendam
1181 2246 1425 2310 pontificis
1447 2247 1716 2295 avaritiam.
1746 2247 1973 2305 Quesitor

183 2329 446 2383 institutus,
478 2329 559 2392 qui
596 2334 825 2394 tanquam
860 2330 1100 2378 Cerberus
1136 2330 1260 2378 ostio
1294 2330 1582 2380 inferiorum
1620 2332 1883 2396 appositus,
1923 2338 1971 2382 et

183 2413 408 2462 omnibus
439 2413 702 2473 adlatranS,
738 2414 868 2462 nullo
900 2414 1088 2478 pudore
1123 2431 1519 2479 unumquemque
1551 2416 1794 2481 pensitat;
1828 2417 1909 2481 qui
1944 2434 1972 2466 a

182 2512 485 2560 quorumque
509 2497 692 2545 feratur
714 2497 968 2561 intelligit:
1005 2498 1332 2547 admittuntur
1366 2499 1455 2547 soli
1486 2499 1656 2549 divites
1682 2506 1728 2549 et
1752 2500 1971 2566 locuple-

184 2586 270 2639 teS‚
298 2580 547 2629 tenuiores
582 2596 691 2629 vero
725 2581 943 2629 omnium
975 2583 1237 2629 verborum
1275 2584 1573 2632 contumelia
1609 2585 1963 2635 excluduntur:

180 2664 343 2712 omnia
379 2665 482 2729 jam
523 2666 650 2729 apud
689 2665 973 2730 pontificem
1015 2672 1123 2714 esse
1159 2666 1366 2725 venalia,
1410 2667 1687 2731 dignitates,
1729 2669 1964 2729 honoreS‚

180 2748 603 2798 matrimoniorum
632 2749 852 2814 copulas,
881 2749 1168 2797 eorumdem
1198 2749 1482 2810 solutioneS,
1516 2751 1722 2800 divortia
1746 2756 1793 2801 et
1820 2769 1967 2818 repu-

79 2866 83 2869 Α
153 2827 494 2893 Δἀίειωῑοϊιηιι
525 2838 573 2883 et
605 2833 699 2882 alia
733 2834 903 2893 multa,
943 2849 1037 2897 que
1064 2849 1222 2897 neque
1255 2838 1358 2883 etas
1394 2839 1650 2899 parentum
1680 2840 1966 2886 nostrorum

177 2917 288 2966 vidit
314 2934 472 2982 neque
496 2918 760 2967 christiana
790 2918 1093 2967 consuetudo
1119 2919 1328 2968 admittit
1359 2934 1466 2968 sese
1495 2920 1757 2983 publicitus
1789 2921 1964 2969 offerre

176 3005 223 3049 et
248 3016 422 3050 novam
447 3004 631 3051 sectam
657 3007 705 3051 et
728 3018 853 3051 nova
877 3002 1107 3067 dogmata
1128 3005 1177 3051 et
1199 3002 1378 3051 Christi
1403 3004 1753 3052 contumeliam
1772 3005 1964 3069 populis

177 3084 406 3148 irrepere.
434 3086 565 3134 Nihil
594 3101 699 3134 esse
716 3087 820 3151 jam
847 3087 1092 3135 scelerum
1111 3091 1194 3135 aut
1211 3086 1511 3150 flagitiorum
1533 3088 1664 3151 quod
1689 3103 1787 3136 non
1810 3091 1963 3137 Rome

178 3168 371 3230 publice
386 3171 434 3216 et
455 3169 503 3216 in
524 3169 769 3233 pontificis
785 3171 932 3219 domo
954 3171 1314 3231 committatur,
1334 3174 1594 3235 superatos
1611 3188 1717 3219 esse
1735 3173 1959 3236 ScytllaS‚

180 3252 335 3297 Penos
371 3251 598 3315 perfidia,
642 3252 947 3303 immanitate
990 3257 1037 3302 et
1081 3255 1248 3303 sevitia
1288 3258 1507 3304 Nerones
1550 3260 1597 3304 et
1642 3256 1800 3305 Gaios.
1842 3259 1963 3304 Nam

179 3330 346 3391 cedeS‚
381 3334 603 3397 rapinas,
639 3338 812 3399 stupra
842 3339 890 3383 et
921 3336 1136 3386 incestus
1166 3339 1379 3399 referre,
1413 3339 1658 3387 innumeri
1701 3343 1748 3386 et
1785 3339 1961 3387 infiniti

180 3412 333 3477 prope
377 3417 540 3478 operis
587 3417 731 3466 soret.
783 3419 1042 3468 Confectus
1080 3422 1432 3470 crudelissimis
1474 3422 1756 3469 vulneribus
1800 3426 1846 3469 et
1888 3423 1962 3470 his

182 3497 539 3563 propemodum
556 3515 696 3547 cesus
712 3502 1045 3552 nobilissimus
1066 3504 1353 3554 adolescens
1369 3504 1647 3571 Alphonsus
1663 3506 1957 3573 Aragonius,
