2254 3944
325 356 347 387 2
934 352 949 387 J
957 351 1165 388 OHANNIS
1201 351 1496 397 BURCHARDI,
1778 355 1986 394 {Decembre
2009 358 2101 398 1500]

323 456 479 504 Finita
501 456 664 513 missa,
694 454 933 518 reaccepit
963 471 1072 502 eum
1104 458 1159 503 D.
1185 459 1402 506 Ventura
1426 458 1671 521 predictus
1700 463 1747 506 et
1776 460 1837 507 ad
1856 477 2099 510 cameram

324 543 450 603 Pape
478 537 751 602 reportavit,
783 537 894 600 quia
914 554 1011 586 non
1038 538 1124 586 fuit
1151 539 1290 588 alicui
1320 540 1476 589 datus.
1506 541 1717 589 PrImam
1744 558 1919 606 aquam
1949 546 2102 593 mani-

320 623 407 670 bus
429 626 556 686 Pape
575 621 705 669 dedit
726 636 875 669 novus
895 626 1058 669 orator
1077 621 1204 685 regis
1235 623 1574 686 Hispaniarum
1594 642 1604 681 3
1632 625 1896 673 secundam
1917 628 2099 691 Magni-

321 707 439 754 ficus
474 708 529 753 D.
574 704 866 753 Humbertus
903 704 962 752 de
996 707 1275 770 Bastarnay,
1313 706 1469 766 miles,
1507 707 1624 755 baro
1661 708 1720 756 de
1758 709 2017 774 Bouchage
2051 711 2100 759 in

321 789 637 853 Delphinatu余
665 788 855 837 tertiam
875 788 1055 836 IllmuS.
1082 791 1137 836 D.
1171 789 1436 838 Ludovicus
1469 790 1527 839 de
1555 791 1816 852 Borbonio,
1849 809 2014 842 comes
2040 795 2100 844 de

317 874 599 931 Vendomo3
626 877 843 936 quartam
862 872 957 920 don
984 872 1259 936 Alphonsus
1282 873 1340 921 de
1361 875 1621 938 Aragonia,
1651 875 1746 923 dux
1772 875 2096 926 Biselliarum.

317 960 482 1005 Rmus.
509 959 565 1004 D.
594 956 849 1005 cardinalis
870 955 1212 1019 Neapolitanus
1241 956 1328 1004 fuit
1352 957 1614 1018 assistens3
1640 962 1802 1008 RmuS.
1830 962 1886 1008 D.
1912 963 2099 1010 Senen-

318 1040 381 1088 sis
414 1039 530 1088 dixit
569 1039 870 1104 evangelium
911 1038 1141 1098 latinum余
1190 1041 1245 1087 D.
1292 1040 1499 1088 Vasinus
1545 1042 1800 1102 Gambara,
1845 1044 2098 1108 epistolam

316 1124 540 1183 latinam3
575 1126 629 1171 R.
662 1126 713 1171 P.
749 1126 805 1171 D.
840 1122 1034 1170 Alexius
1069 1123 1452 1186 Gallipolitanus,
1492 1127 1794 1190 evangelium
1828 1144 2027 1192 grecum
2051 1133 2098 1177 et

317 1212 374 1257 D.
412 1207 685 1256 Demetrius
721 1206 1037 1255 beneficiatus
1076 1206 1275 1254 basilice
1318 1224 1356 1254 s.
1402 1209 1550 1268 Petri,
1588 1209 1841 1273 epistolam
1880 1228 2092 1276 grecam.

317 1294 461 1355 Papa,
516 1296 771 1356 postquam
814 1290 941 1339 venit
985 1291 1045 1338 ad
1091 1290 1239 1339 altare
1278 1291 1567 1355 predictum,
1616 1294 1861 1343 mandavit
1909 1296 2097 1345 ostendi

314 1375 492 1439 populo
514 1374 822 1433 Veronicam,
847 1378 899 1421 ut
924 1373 1177 1422 ecclesiam
1204 1374 1373 1434 exiret,
1401 1375 1513 1438 quia
1539 1392 1717 1440 magna
1742 1394 1974 1442 pressura
1994 1384 2097 1428 erat

313 1459 362 1507 in
398 1475 470 1507 ea.
509 1460 711 1507 Ostensa
745 1462 818 1505 est
850 1462 1108 1520 antequam
1146 1459 1295 1506 missa
1328 1458 1649 1523 inciperetur3
1686 1465 1750 1522 et,
1788 1462 1923 1511 finita
1949 1462 2097 1511 missa

313 1542 487 1589 iterum
524 1546 597 1589 est
631 1544 758 1603 Pape
795 1544 1005 1599 ostensa,
1045 1545 1134 1599 ter,
1168 1546 1220 1589 ut
1254 1541 1359 1590 fieri
1391 1543 1529 1602 solet,
1568 1547 1614 1591 et
1649 1548 1758 1593 ante
1788 1561 1895 1594 eam
1925 1545 2096 1595 lancea

315 1623 490 1673 Christi
524 1624 616 1673 bis.
643 1624 792 1671 Rmus
828 1622 1084 1671 cardinalis
1123 1624 1351 1672 Senensis
1380 1626 1638 1688 publicavit
1664 1627 1904 1691 plenarias
1931 1629 2092 1678 indul-

311 1708 496 1773 gentias
530 1723 616 1772 per
646 1710 824 1771 Papam
858 1722 1114 1755 concessas
1142 1723 1278 1756 more
1311 1708 1450 1756 solito
1486 1709 1614 1773 apud
1646 1710 1797 1759 altare
1824 1711 2093 1774 predictum

312 1791 534 1841 omnibus
567 1790 662 1838 illic
689 1790 1023 1849 existentibus,
1059 1790 1188 1850 licet,
1220 1807 1297 1839 me
1333 1792 1651 1856 supplicante,
1687 1795 1814 1857 Pape
1844 1793 2095 1859 indulgen-

314 1875 426 1924 tiam
443 1874 717 1939 hujusmodi
740 1878 837 1921 tam
859 1873 923 1920 ibi
946 1890 1090 1937 quam
1109 1875 1157 1921 in
1178 1875 1303 1923 Urbe
1326 1875 1640 1924 existentibus
1663 1877 1986 1937 concesserit余
2008 1878 2092 1927 sed

310 1960 461 2009 noluit
482 1958 750 2007 concedere
767 1958 1021 2021 jubileum,
1043 1958 1207 2006 nescio
1225 1974 1439 2019 causam,
1465 1975 1576 2007 cum
1598 1959 1727 2009 idem
1752 1961 1968 2009 videatur
1984 1977 2091 2011 esse

304 2044 539 2109 jubileum
562 2047 609 2091 et
629 2041 928 2105 indulgentia
947 2040 1177 2105 plenaria.
1199 2042 1314 2091 Visa
1341 2043 1599 2103 Veronica,
1633 2046 1761 2108 Papa
1781 2044 1937 2093 noluit
1962 2044 2091 2094 exire

307 2145 395 2193 per
414 2131 602 2192 portam
630 2141 844 2183 auream,
876 2124 960 2173 sed
983 2140 1070 2188 per
1089 2123 1299 2172 mediam
1326 2124 1516 2172 solitam
1551 2126 1713 2186 exivit,
1752 2131 1799 2175 et
1825 2127 2091 2176 licenciatis

311 2213 398 2261 sub
420 2211 608 2276 porticu
630 2208 971 2267 cardinalibus,
998 2207 1138 2256 rediit
1160 2208 1219 2255 ad
1245 2207 1490 2271 palatium.

372 2295 511 2344 Feria
543 2294 726 2357 quinta,
767 2295 826 2340 26
864 2290 1152 2350 decembris,
1189 2291 1313 2339 festo
1350 2308 1389 2339 s.
1429 2292 1662 2356 Stephani
1695 2295 2084 2360 protomartyris,

307 2382 472 2429 Rmus.
507 2382 564 2427 D.
603 2376 855 2426 cardinalis
886 2392 925 2424 s.
964 2374 1189 2423 Praxedis
1228 2375 1485 2423 celebravit
1523 2376 1723 2425 missam
1762 2377 2007 2441 publicam
2037 2379 2086 2427 in

307 2463 490 2527 capella
530 2463 714 2526 majore
747 2459 928 2524 palatii,
974 2462 1102 2523 Papa
1143 2462 1387 2522 presente.
1426 2461 1714 2509 Sermonem
1748 2460 1864 2510 fecit
1891 2462 2085 2525 quidam

304 2548 449 2596 frater
487 2546 667 2595 ordinis
706 2543 1081 2608 predicatorum,
1126 2542 1285 2590 socius
1335 2544 1575 2606 generalis
1617 2544 1839 2609 ejusdem
1882 2546 2080 2594 ordinis.

305 2630 459 2679 Finita
480 2628 643 2687 missa,
669 2628 763 2675 dixi
787 2628 876 2675 SS.
908 2629 964 2674 D.
1001 2629 1167 2674 nostro
1203 2625 1525 2675 cubicularios
1556 2632 1604 2676 et
1634 2628 1889 2677 scutiferos
1922 2633 2085 2693 preter

304 2713 485 2762 bonum
515 2712 734 2761 ordinem
761 2709 1017 2768 incedere余
1048 2708 1174 2757 inter
1207 2709 1521 2758 Sanctitatem
1552 2714 1600 2759 et
1629 2711 1897 2759 cardinales
1926 2712 2079 2760 nemi-

304 2814 415 2846 nem
448 2796 626 2845 debere
648 2810 755 2842 esse
779 2792 992 2841 medium
1017 2808 1027 2851 3
1058 2792 1140 2839 ubi
1169 2792 1373 2855 predicti
1403 2793 1685 2841 cubicularii
1714 2797 1761 2841 et
1793 2793 2004 2842 scutiferi
2025 2810 2082 2843 ac

305 2881 439 2929 multi
461 2880 540 2928 alii
567 2880 692 2927 irent
715 2892 825 2925 cum
858 2889 1035 2938 magna
1064 2874 1365 2935 confusione,
1397 2875 1622 2924 custodes
1647 2876 1835 2939 aliquos
1863 2877 2081 2941 corporis

306 2969 350 3011 et
371 2978 577 3026 persone
606 2977 691 3010 sue
715 2974 856 3025 posse
884 2959 954 3007 ire
980 2957 1095 3005 hinc
1119 2962 1167 3005 et
1193 2957 1369 3005 abhinc
1386 2957 1527 3022 juxta
1548 2959 1714 3008 sedem
1738 2975 1906 3020 suam3
1932 2960 2083 3009 scuti-

305 3047 431 3094 feros
460 3050 506 3093 et
533 3043 850 3094 cubicularios
880 3041 1143 3106 precedere
1172 3040 1350 3089 debere
1379 3041 1596 3106 acolytos
1631 3042 1853 3101 clericOS,
1886 3058 2079 3093 camere

304 3128 573 3187 auditores,
611 3131 659 3176 et
691 3131 879 3175 ceteros
910 3128 1020 3173 ante
1053 3139 1248 3172 crucem
1282 3124 1595 3173 Sanctitatem
1629 3124 1906 3174 immediate
1941 3125 2077 3188 sequi

303 3212 510 3269 debere3
546 3210 741 3273 aliquod
772 3209 954 3257 dictum
994 3206 1229 3256 Sanctitas
1270 3222 1354 3254 sua
1394 3209 1638 3256 commisit
1677 3211 1733 3256 D.
1781 3207 2078 3257 Bernardino

305 3294 435 3343 socio
463 3309 590 3352 meo,
628 3292 756 3355 quod
789 3291 971 3339 diceret
1000 3289 1303 3338 cubiculariis
1339 3293 1386 3338 et
1420 3291 1660 3340 scutiferis
1692 3289 1920 3356 predictis
1948 3289 2078 3353 quod

304 3378 532 3442 deinceps
565 3375 845 3424 incederent
882 3374 930 3421 in
964 3374 1071 3423 loco
1106 3388 1192 3422 suo
1226 3377 1336 3422 ante
1377 3389 1602 3435 crucem3
1646 3372 1740 3438 alia
1777 3373 1939 3424 omnia
1971 3378 2078 3422 acta

307 3466 416 3510 sunt
436 3477 571 3509 more
594 3459 752 3509 solito.
