2228 3938
334 380 397 416 156
782 402 784 405 .
936 376 1167 413 JOHANNIS
1202 355 1493 422 BURCHARDI,
1877 380 1982 420 [Aona
2005 384 2098 426 αὔοι]

331 479 477 527 fuisse
500 478 709 542 positum
737 478 968 542 plicatum
991 478 1131 542 juxta
1158 494 1285 538 eum,
1316 479 1411 526 sive
1441 478 1527 526 sub
1550 475 1758 542 planeta,
1791 462 1888 528 sive
1915 481 2026 529 alibi
2049 488 2096 532 et

331 563 397 610 sic
426 576 535 609 cum
565 574 623 609 eo
654 559 863 623 sepeliri,
897 560 970 609 vel
1000 561 1048 608 in
1077 561 1322 625 sepultura
1349 565 1430 609 aut
1461 561 1599 624 juxta
1629 577 1740 610 eum
1771 561 1860 609 sibi
1893 562 2093 626 imponi.

328 647 551 693 Portatus
576 643 664 692 fuit
695 643 745 691 in
775 643 933 691 aulam
963 659 1189 707 magnam
1223 646 1350 707 Pape
1384 643 1442 691 de
1477 644 1685 692 cameris
1717 638 1815 692 suis
1843 649 1890 693 et
1915 638 2098 708 positus

331 744 475 792 super
496 727 784 775 catalectum
800 726 983 774 ibidem
1000 732 1220 789 paratum
1238 742 1349 774 cum
1369 726 1510 789 pallio
1534 726 1747 775 broccati
1768 721 2033 776 Innocentii
2058 734 2103 776 et

329 811 698 876 precedentibus
718 810 915 874 triginta
935 809 1205 869 intorticiis,
1231 825 1322 873 que
1346 809 1418 856 sui
1440 809 1658 858 scutiferi
1683 810 1960 873 portabant.
1990 814 2103 859 Por-

333 898 458 943 tatus
490 894 581 942 fuit
616 910 702 958 per
734 893 997 942 servitores
1031 909 1143 941 suos
1176 909 1262 957 per
1299 893 1451 940 scalas
1484 908 1675 941 camere
1708 893 1971 957 apostolice
2001 894 2104 942 sine

334 994 476 1027 cruce
498 982 544 1027 et
576 978 680 1026 sine
706 977 838 1025 clero
864 980 998 1024 extra
1023 982 1211 1040 portam
1244 976 1405 1039 palatii
1433 991 1526 1038 que
1555 977 1635 1024 dat
1663 976 1848 1024 aditum
1875 976 1935 1032 ad
1962 977 2107 1040 porti-

332 1078 443 1111 cum
464 1078 503 1109 s.
527 1061 661 1109 Petri
680 1076 790 1109 cum
810 1075 970 1120 cruce,
996 1076 1105 1107 mea
1125 1059 1444 1117 ordinatione,
1471 1059 1599 1122 quod
1620 1075 1716 1106 non
1734 1054 1959 1108 convenit
1977 1060 2106 1123 quod

337 1161 452 1192 crux
475 1145 547 1192 vel
577 1143 735 1191 clerus
762 1157 848 1207 pro
877 1158 1183 1206 quocumque
1213 1146 1403 1191 mortuo
1437 1143 1668 1206 palatium
1692 1139 1861 1202 intrat,
1890 1143 1983 1191 nisi
2018 1159 2105 1207 pro

339 1228 440 1276 solo
468 1230 612 1290 Papa.
650 1225 931 1274 Beneficiati
965 1231 1260 1289 acceperunt
1286 1226 1462 1274 ibidem
1491 1242 1666 1291 corpus
1696 1230 1743 1274 et
1774 1242 1862 1290 per
1893 1218 2108 1290 quintam

338 1310 787 1375 portamintrantes
808 1314 1059 1373 portarunt
1079 1309 1195 1356 illud
1216 1313 1347 1357 recta
1370 1309 1443 1358 via
1463 1310 1523 1357 ad
1547 1309 1783 1373 capellam
1809 1310 1856 1357 b.
1881 1309 2029 1358 Marie
2051 1308 2109 1356 de

341 1394 575 1443 Febribus
598 1394 646 1440 in
668 1409 762 1456 qua
782 1393 1027 1456 predictus
1055 1392 1264 1441 Calixtus
1290 1396 1360 1440 est
1392 1393 1622 1456 sepultus,
1651 1393 1731 1439 ubi
1760 1392 1997 1456 sepultum
2026 1391 2111 1439 fuit

340 1479 387 1525 111
410 1476 586 1541 angulo
609 1475 792 1539 capelle
817 1475 1001 1533 Calixti,
1019 1477 1157 1539 Juxta
1177 1491 1385 1534 murum,
1411 1475 1471 1523 ad
1489 1475 1736 1523 sinistram
1758 1475 1997 1523 intrantis.
2021 1475 2111 1524 vix

338 1559 658 1608 interfuerunt
683 1557 853 1605 decem
875 1557 1037 1605 clerici
1066 1559 1113 1604 in
1134 1558 1502 1621 superpelliciiS,
1527 1558 1683 1605 nullus
1702 1559 1978 1618 canonicuS,
2004 1557 2113 1621 quia

341 1660 437 1692 non
459 1646 595 1692 erant
620 1647 668 1690 et
689 1658 787 1689 11011
807 1641 1000 1690 fuerunt
1021 1641 1080 1689 ad
1100 1641 1194 1688 hoc
1218 1641 1495 1704 premoniti,
1525 1640 1683 1687 nullus
1708 1634 1966 1688 cardinalis
1982 1639 2113 1703 pala-

342 1728 395 1775 tii
419 1727 492 1774 vel
522 1727 734 1790 prelatus
764 1724 1016 1773 associavit
1045 1724 1346 1783 defunctum,
1384 1723 1468 1771 sed
1499 1707 1587 1771 soli
1616 1723 1890 1781 servitores,
1925 1722 2019 1770 duo
2045 1715 2115 1771 vel

346 1818 459 1871 tres,
497 1815 544 1858 et
586 1809 842 1857 cardinalis
880 1807 1184 1856 Mutinensis.
1231 1807 1514 1866 DefunctuS,
1557 1800 1915 1870 quamprimum
1957 1805 2117 1853 emisit

345 1894 582 1958 spiritum,
608 1893 696 1940 suit
715 1892 842 1940 lotus
865 1896 911 1939 et
933 1891 1134 1940 vestitus
1155 1891 1295 1937 bonis
1317 1890 1486 1953 pannis
1513 1889 1628 1950 suis,
1653 1885 2117 1937 meliori'rocchetto

346 1983 392 2026 et
411 1977 514 2043 ¹suis
545 1976 723 2028 amictu
758 1979 806 2023 et
832 1975 1024 2038 cingulo
1055 1974 1292 2038 pulchris,
1324 1978 1371 2020 et
1405 1988 1547 2021 cruce
1572 1972 1804 2036 ‘pectorali
1835 1988 1893 2019 ex
1923 1987 2046 2020 auro‘
2072 1971 2118 2020 et

346 2060 511 2124 perlis,
539 2075 685 2123 parva
718 2063 898 2116 tamen,
932 2063 995 2117 et,
1029 2063 1080 2105 ut
1114 2073 1258 2120 supra
1287 2057 1405 2116 dixi,
1442 2055 1690 2115 sandaliis,
1726 2055 1976 2114 tunicella,
2013 2054 2118 2102 dal-

348 2143 543 2202 matica,
569 2142 706 2201 stola,
732 2141 978 2205 manipulo
1001 2146 1044 2189 et
1069 2140 1262 2204 planeta
1280 2140 1338 2187 de
1361 2139 1525 2187 taffeto
1551 2138 1777 2197 violaceo,
1802 2138 1941 2186 novis
1963 2137 2120 2186 chiro-

338 2227 504 2281 >techis
535 2226 632 2272 suis
663 2225 828 2273 rubeis
859 2224 1215 2288 pulcherrimis,
1251 2226 1435 2271 Joanne
1468 2224 1706 2269 Carmona
1734 2221 2000 2269 camerario
2031 2236 2118 2268 suo

350 2310 420 2357 six
444 2309 652 2368 volente,
683 2312 730 2356 et
759 2309 904 2355 mitra
930 2323 1015 2355 sua
1048 2323 1103 2354 ac
1135 2306 1312 2354 annulo
1346 2305 1662 2362 contrafacto,
1695 2308 1742 2351 et
1765 2304 1947 2367 positus
1979 2319 2122 2366 super

351 2396 508 2455 tapete
533 2391 581 2439 111
603 2396 749 2450 terra,
777 2395 828 2437 ut
851 2390 1104 2438 decentius
1120 2389 1325 2453 jaceret,
1352 2403 1602 2451 quousque
1621 2387 1816 2434 daretur
1836 2402 2120 2449 responsum

353 2478 510 2538 Pape;
557 2477 606 2521 et
648 2473 861 2536 religiosi
895 2474 1119 2537 legerunt
1162 2472 1390 2520 continue
1419 2472 1556 2535 juxta
1590 2470 1870 2518 defunctum
1910 2469 2122 2517 officium

349 2561 680 2614 mortuorum3
704 2572 799 2603 una
820 2556 1021 2605 candela
1047 2571 1217 2620 grossa
1237 2555 1382 2602 trium
1402 2554 1636 2602 librarum
1659 2567 1804 2616 super
1828 2551 2120 2600 candelabro

354 2640 413 2688 ad
435 2645 579 2703 caput
606 2640 818 2688 defuncti
847 2640 1003 2703 posita
1034 2639 1142 2698 fuit,
1170 2638 1264 2686 alia
1290 2639 1349 2685 ad
1376 2637 1542 2701 pedes.
1568 2635 1816 2683 Intorticia
1839 2650 1936 2682 11011
1959 2638 2126 2698 potue-

357 2729 463 2771 runt
489 2723 603 2786 poni
636 2726 834 2786 propter
859 2723 1132 2786 angustiam
1162 2721 1254 2769 loci
1284 2725 1332 2768 et
1355 2736 1415 2768 ne
1443 2719 1670 2768 solarium
1706 2717 2047 2766 comburerent
2078 2721 2124 2763 et

354 2807 515 2854 10011111
541 2806 682 2853 nimis
704 2806 1046 2854 calefacerent.

420 2890 601 2937 Eadem
633 2890 772 2947 hora,
809 2905 918 2936 cum
955 2889 1209 2937 defunctus
1245 2887 1524 2951 hujusmodi
1562 2890 1835 2949 portaretur
1869 2882 1930 2929 ad
1965 2882 2127 2945 sepul-

357 2988 511 3030 crum,
539 2975 668 3035 Papa
688 2972 827 3020 rediit
853 2988 911 3019 ex
936 2974 1162 3019 Frascato
1189 2972 1249 3019 ad
1277 2970 1453 3019 Urbem
1479 2974 1659 3016 etcum
1684 2982 1741 3014 eo
1766 2964 2052 3013 Arborensis
2082 2968 2129 3011 et

359 3055 534 3118 Borgia
559 3059 603 3101 et
627 3055 918 3102 Cusentinus
949 3055 1235 3112 cardinales,
1271 3053 1351 3116 qui
1382 3067 1469 3116 per
1499 3051 1660 3114 plures
1683 3049 1785 3097 dies
1810 3051 1922 3096 ante
1950 3049 2129 3110 Papam

358 3138 539 3184 iverant
569 3137 628 3183 ad
659 3141 812 3184 terras
836 3137 1246 3194 Columnensium,
1271 3123 1364 3199 vpro
1387 3133 1692 3197 possessione
1715 3131 1902 3178 illarum
1935 3129 2130 3177 nomine

362 3219 606 3269 Pontificis
628 3219 952 3283 adipiscenda.

429 3303 566 3351 Feria
582 3303 812 3363 secunda,
843 3306 870 3351 9
893 3303 1072 3360 mensis
1098 3302 1306 3365 augusti,
1338 3300 1425 3348 fuit
1452 3302 1692 3347 secretum
1720 3294 2059 3345 consistorium
2083 3297 2132 3343 in

361 3375 456 3451 quo
492 3388 573 3452 SS.
603 3389 659 3434 D.
693 3391 860 3435 noster
894 3385 1098 3449 prefecit
1131 3383 1429 3432 cardinalem
1463 3382 1782 3430 Mutinensem
1819 3379 2021 3429 ecclesie
2039 3380 2133 3427 Ca-

364 3487 538 3534 pnane,
570 3474 614 3517 111
651 3486 811 3533 supra,
849 3469 1047 3527 vacanti,
1084 3472 1126 3515 et
1163 3471 1325 3515 RmuS.
1362 3469 1416 3514 D.
1453 3464 1709 3513 cardinalis
1744 3462 1917 3511 Montis
1947 3460 2132 3524 Regalis
