2202 3918
266 388 336 425 354
872 384 1102 422 JOHANNIS
1137 385 1432 430 BURCHARDI,
1847 387 1931 428 [Mai
1953 390 2049 429 1504]

269 488 390 537 darii
410 488 650 535 intrarunt
677 486 855 534 Urbem
881 489 978 534 tres
1000 487 1108 535 novi
1131 492 1347 536 oratores
1369 487 1497 550 regis
1518 488 1688 552 Anglie
1703 504 1793 552 pro
1816 489 2049 538 obedien-

271 573 337 620 tia
357 571 631 635 prestanda,
663 569 848 616 scilicet
873 569 1129 630 Gilbertus,
1151 571 1267 619 baro
1283 572 1342 619 de
1374 570 1570 630 Talbot;
1595 571 1876 633 RiccarduS‚
1906 573 2054 621 abbas

272 672 310 702 s.
352 653 497 701 Marie
532 653 580 700 in
616 653 839 711 Saxonia,
878 654 1183 702 Battonensis
1220 654 1444 713 diecesis,
1482 654 1670 703 ordinis
1702 671 1742 702 s.
1769 656 2052 716 Benedicti3

272 737 507 785 Robertus
530 736 811 794 Shirbourn,
838 735 1049 783 decanus
1070 752 1108 784 s.
1126 737 1274 795 Pauli,
1298 737 1603 785 Ludonensis
1627 737 1854 799 diecesis‚
1882 738 2054 802 quibus

272 823 503 868 venerunt
536 819 724 867 obviam
768 834 826 866 ex
852 819 980 866 Urbe
1017 821 1075 867 D.
1117 819 1362 879 silvester,
1403 820 1661 884 episcopus
1699 820 2054 885 Vigorniensis,

274 903 495 967 antiquus
520 906 682 950 orator
703 902 817 950 dicti
843 902 973 966 regis
992 902 1041 949 in
1067 903 1190 952 Urbe
1218 904 1455 963 residens,
1486 907 1534 952 et
1560 906 1616 951 D.
1651 904 1897 952 Edoardus
1922 907 2052 964 Scot,

270 987 392 1051 juris
418 986 669 1049 utriusque
707 985 895 1045 doctor,
936 987 1016 1033 SS.
1054 988 1110 1033 D.
1154 989 1208 1034 N.
1247 1002 1372 1050 pape
1407 987 1754 1047 cubicularius;
1792 992 1839 1036 et
1874 988 2058 1052 recepti

273 1069 465 1117 fuerunt
508 1085 535 1116 a
574 1068 756 1116 familia
794 1071 921 1131 Pape
968 1072 1016 1115 et
1065 1068 1385 1116 cardinalium
1435 1075 1482 1117 et
1529 1069 1753 1118 associati
1803 1087 1955 1134 usque
1995 1070 2057 1119 ad

274 1153 474 1201 domum
499 1152 606 1200 Rmi
627 1154 684 1200 D.
714 1150 972 1199 cardinalis
993 1151 1189 1199 Adriani
1214 1152 1263 1199 in
1286 1167 1382 1215 qua
1402 1152 1598 1200 fuerunt
1617 1152 1851 1217 hospitati
1880 1172 1890 1211 ;
1923 1154 2058 1218 equi-

273 1239 493 1285 taverunt
514 1235 573 1283 de
600 1237 752 1283 Ponte
776 1235 837 1282 ad
870 1236 1103 1298 Campum
1144 1234 1284 1283 Flore
1317 1235 1395 1283 via
1423 1239 1574 1291 recta,
1600 1235 1711 1283 inde
1737 1252 1825 1299 per
1860 1236 2058 1286 domum

274 1319 334 1368 de
387 1318 641 1377 Maximis;
686 1318 981 1365 divertentes
1038 1333 1126 1380 per
1169 1318 1365 1365 domum
1408 1317 1708 1382 Neapolitani
1762 1319 1822 1367 ad
1858 1320 2058 1368 domum

272 1402 487 1462 Adriani,
512 1417 683 1450 eorum
707 1400 907 1464 hospitii
934 1415 943 1446 z
966 1400 1319 1470 equitaverunt,
1344 1401 1526 1465 primus
1548 1401 1674 1450 inter
1695 1402 1867 1451 ducem
1890 1403 2057 1452 Urbini

274 1501 302 1533 a
331 1484 509 1533 dextris
535 1488 583 1532 et
614 1484 991 1547 gubernatorem
1025 1499 1053 1530 a
1092 1483 1313 1543 sinistris,
1356 1483 1596 1532 secundus
1636 1485 1761 1533 inter
1785 1486 2055 1550 principem

275 1568 633 1617 Salernitanum
675 1582 703 1614 a
739 1566 919 1614 dextris
944 1570 992 1614 et
1030 1566 1311 1629 episcopum
1336 1567 1752 1616 Britonoriensem
1772 1569 2051 1628 asinistris;

274 1651 530 1716 episcopus
553 1649 886 1714 Vigorniensis
907 1648 1033 1696 inter
1057 1649 1341 1713 episcopum
1361 1653 1709 1699 Zamorensem
1728 1666 1757 1699 a
1794 1651 1973 1700 dextris
2008 1656 2057 1701 et

276 1735 556 1799 episcopum
604 1733 959 1787 Redonensem‚
1010 1736 1251 1780 oratorem
1303 1733 1429 1797 regis
1480 1734 1698 1793 Francie‚
1757 1749 1786 1782 a
1823 1734 2054 1794 sinistris;

276 1820 332 1866 D.
360 1817 612 1866 Edoardus
634 1817 762 1864 inter
783 1816 1063 1880 episcopum
1087 1815 1430 1865 Bellunensem
1469 1833 1498 1864 a
1527 1817 1705 1865 dextris
1736 1821 1783 1866 et
1810 1821 2056 1867 oratorem

275 1901 666 1950 Florentinorum
701 1916 728 1947 a
757 1899 961 1947 sinistris
1001 1915 1123 1962 quos
1156 1900 1482 1962 sequebamur
1522 1915 1611 1948 nos
1645 1900 1814 1964 prelati
1840 1901 2054 1965 palatini,

275 1984 375 2031 bini
394 2022 405 2044 ,
453 1983 570 2043 bini,
605 1999 716 2031 cum
766 1982 870 2030 aliis
919 1982 1192 2030 oratoribus
1245 1983 1480 2046 antiquis,
1542 1983 1713 2032 deinde
1755 1983 1835 2032 alii
1888 1985 2058 2048 prelati

275 2083 411 2115 more
452 2066 610 2115 solito.
661 2066 831 2115 Socius
882 2081 1019 2113 meus
1067 2065 1307 2114 ordinavit
1358 2066 1586 2114 associari
1638 2066 1917 2130 episcopum
1971 2069 2057 2119 Vi-

276 2150 585 2215 gorniensem
632 2153 680 2198 et
704 2153 760 2197 D.
786 2149 1089 2208 Edoardum,
1129 2153 1345 2197 oratores
1380 2149 1507 2212 regis
1542 2149 1591 2196 in
1626 2149 1773 2208 Urbe,
1814 2154 1862 2198 et
1895 2151 2055 2199 minus

276 2234 430 2282 bene:
457 2234 572 2281 satis
599 2233 771 2280 fuisset
794 2232 863 2280 eis
904 2232 1349 2295 equitarequilibet
1382 2248 1550 2280 eorum
1587 2248 1700 2280 cum
1738 2249 1834 2280 uno
1866 2234 2052 2297 prelato

276 2317 466 2382 palatii3
507 2316 639 2364 nolui
674 2321 838 2364 tamen
868 2331 946 2364 me
971 2315 1037 2362 illi
1063 2331 1307 2379 opponere
1346 2316 1457 2378 quia
1487 2331 1584 2363 non
1624 2316 1751 2380 cepit
1790 2316 2047 2366 rationem.

278 2401 559 2449 Habuerunt
606 2399 847 2448 tredecim
900 2414 1050 2462 equos
1067 2398 1230 2446 salmis
1277 2401 1501 2446 oneratos
1531 2413 1653 2462 quos
1683 2398 1926 2448 ducebant
1959 2404 2055 2449 tre-

278 2484 435 2533 decim
450 2483 712 2532 familiares
730 2485 982 2546 equestres
998 2481 1044 2529 in
1065 2481 1169 2529 aliis
1191 2481 1344 2544 equiS,
1360 2486 1408 2529 et
1423 2481 1728 2546 septuaginta
1744 2482 1862 2532 alios
1883 2499 2052 2548 equos,

277 2567 352 2616 vel
377 2568 519 2616 circa.

341 2652 524 2699 Eadem
545 2651 639 2711 die,
667 2650 717 2698 in
760 2665 884 2709 sero,
934 2650 1140 2698 recessit
1169 2648 1424 2698 cardinalis
1447 2649 1738 2700 Arborensis
1769 2651 1831 2700 ad
1849 2651 2056 2717 legatio-

277 2750 390 2784 nem
414 2751 550 2783 suam
576 2734 878 2783 Perusinam.

344 2819 430 2866 Die
473 2818 718 2877 mercurii,
769 2821 824 2866 15
869 2817 1000 2877 maii,
1045 2816 1205 2881 vigilia
1247 2816 1544 2866 ascensionis
1598 2819 1808 2879 Domini,
1861 2819 2056 2869 fuerunt

277 2918 478 2965 vespere
499 2902 713 2966 papaleS,
743 2904 871 2965 Papa
894 2905 1140 2965 presente,
1175 2900 1224 2948 in
1249 2900 1447 2950 basilica
1473 2918 1511 2948 s.
1554 2902 1700 2962 Petri,
1726 2903 1839 2966 quia
1868 2903 2056 2967 capella

277 2985 439 3049 palatii
462 2985 777 3048 reparabatur
797 3000 807 3043 ;
836 2988 882 3032 et
906 2984 953 3031 in
969 3000 1110 3032 mane
1135 2983 1223 3031 fuit
1246 2983 1427 3032 ibidem
1448 2984 1596 3032 missa
1617 3001 1761 3048 quam
1794 2986 2052 3034 celebravit

280 3071 444 3115 Rmus.
471 3069 526 3115 D.
549 3066 806 3115 cardinalis
828 3083 865 3113 s.
895 3066 1075 3127 Crucis,
1101 3069 1230 3130 Papa
1250 3071 1492 3130 presente,
1514 3067 1591 3130 qui
1613 3067 1740 3115 venit
1761 3068 1821 3116 ad
1841 3084 1948 3117 eam
1964 3070 2053 3117 sub

279 3167 429 3215 regno
447 3151 496 3199 in
513 3166 606 3214 quo
621 3149 752 3199 dedit
774 3149 919 3198 etiam
934 3149 1328 3198 benedictionem
1355 3149 1640 3211 solemnem,
1664 3150 1836 3201 inloco
1856 3153 2052 3217 publico

277 3320 313 3356 in
335 3319 526 3369 signatura
546 3323 624 3357 erat
650 3317 867 3368 supplicatio
898 3329 1008 3367 super
1028 3316 1195 3355 cessione
1227 3315 1335 3354 officii
1362 3317 1398 3354 in
1427 3318 1584 3356 favorem
1612 3331 1730 3357 meum
1754 3326 1789 3358 et
1812 3321 1863 3359 sic
1884 3320 2052 3360 semima-

277 3381 391 3426 gister
414 3380 554 3426 fuerim,
584 3380 664 3416 ideo
692 3379 809 3428 incepi
835 3382 960 3415 notare
985 3382 1019 3415 et
1048 3377 1170 3415 notavi
1204 3377 1356 3425 qualiter
1385 3378 1442 3414 die
1469 3378 1663 3425 dominica,
1696 3382 1741 3417 12
1769 3381 1866 3428 maii,
1891 3382 2053 3431 quinque

276 3445 436 3476 oratores
469 3439 566 3487 regis
599 3439 729 3487 Anglie
764 3438 898 3475 Urbem
930 3438 1092 3486 ingressi
1123 3438 1270 3474 fuerunt
1302 3440 1343 3474 ut
1382 3441 1587 3486 prestarent
1619 3439 1859 3478 obedientiam
1898 3441 1968 3479 SS.
2006 3442 2051 3478 D.

273 3501 478 3536 nostro...»
501 3499 544 3535 B.
568 3499 611 3535 N.
632 3499 782 3536 Paridis
806 3499 849 3536 de
868 3499 1015 3537 Grassis
1037 3499 1211 3543 diarium,
1234 3507 1324 3534 mss.
1345 3497 1453 3544 5164,
1475 3497 1536 3535 sol.
1560 3499 1595 3536 4.
