2202 3918
162 405 371 448 [Juin1505]
603 405 774 444 RERUM
807 404 1114 443 URBANARUM
1146 403 1499 443 COMMENTARU.
1873 404 1939 440 391
1996 440 2000 442 .

161 511 208 555 et
251 506 567 572 Aragoniam,
623 509 885 571 antequam
937 509 1155 554 sumeret
1209 505 1344 554 illam
1405 506 1785 556 confectionem.
1833 508 1942 570 Ipsa

159 595 376 655 recepta,
405 593 542 640 tanta
568 589 661 639 fuit
688 591 792 655 ejus
822 589 1046 638 molestia
1075 589 1204 653 quod
1235 605 1332 638 non
1366 590 1522 654 potuit
1552 590 1791 654 perficere
1821 605 1940 639 con-

159 672 522 733 fessionem;et
542 673 772 722 mercurii
807 673 857 721 in
899 688 1059 731 mane,
1100 672 1264 721 audita
1299 672 1466 731 missa,
1515 673 1702 738 accepit
1745 688 1939 722 sacram

160 756 556 806 communionem
577 756 660 822 (1).
691 810 694 814 ,

223 839 368 900 sons,
413 843 473 888 29
507 840 639 899 maii,
677 842 809 904 Papa
853 839 1099 888 commisit
1143 854 1230 903 per
1277 841 1534 903 regentem
1576 855 1773 888 camere
1809 840 1939 903 quod

157 923 408 987 expediret
421 923 576 972 bullas
588 924 697 973 loco
713 923 1103 972 vicecancellarii
1121 926 1168 971 et
1188 938 1270 971 eas
1288 922 1504 987 signaret
1524 923 1677 986 aquia
1693 922 1932 972 Andreas,

220 1005 448 1065 Veneris,
472 1009 533 1055 30
553 1006 687 1066 maii,
712 1006 802 1055 fuit
822 1006 1171 1055 consistorium
1193 1008 1457 1066 secretum,
1483 1005 1533 1053 in
1556 1022 1652 1069 quo
1677 1008 1809 1070 Papa
1829 1019 1939 1070 pro-

156 1089 276 1138 vidit
309 1090 529 1138 ecclesiis
571 1106 660 1154 per
701 1090 886 1139 obitum
934 1089 1130 1138 Ascanii
1170 1089 1469 1148 vacantibus,
1515 1089 1597 1136 ubi
1635 1089 1840 1137 absolvit
1875 1091 1932 1137 D.

160 1173 477 1223 Franciscum
527 1174 811 1239 episcopum
867 1173 1177 1222 Melitensem
1228 1177 1276 1222 et
1325 1172 1528 1236 prefecit
1571 1188 1682 1220 eum
1733 1171 1938 1221 ecclesie

162 1257 408 1321 Papiensi;
438 1257 672 1306 cardinali
689 1274 725 1306 S.
752 1257 882 1306 Petri
905 1256 1264 1306 commendavit
1278 1255 1537 1305 ecclesiam
1559 1257 1938 1305 Cremonensem

153 1342 203 1388 et
234 1340 588 1390 monasterium
629 1340 928 1401 Clarevallis;
962 1339 1203 1389 cardinali
1243 1356 1282 1388 s.
1325 1338 1543 1388 Severini
1581 1338 1941 1388 commendavit

153 1423 413 1472 ecclesiam
450 1424 820 1483 Novariensem3
869 1423 1171 1473 cardinalem
1215 1423 1532 1472 Cusentinum
1566 1422 1682 1471 fecit
1719 1422 1938 1487 legatum

151 1507 431 1571 patrimonii
463 1513 511 1557 et
547 1507 905 1559 commendavit
929 1507 974 1556 ei
1009 1507 1370 1571 preceptoriam
1398 1509 1717 1555 Parmensem
1751 1505 1937 1554 ordinis

152 1605 191 1638 S.
218 1591 493 1654 Augustini,
513 1608 602 1656 per
625 1592 897 1640 cessionem
924 1590 1185 1639 cardinalis
1204 1606 1244 1638 s.
1273 1588 1507 1638 Severini.
1533 1589 1648 1637 Heri
1666 1604 1783 1636 vero
1805 1588 1938 1637 dedit

153 1673 352 1722 domum
392 1675 687 1723 cancellarie
718 1674 954 1723 cardinali
990 1690 1030 1722 s.
1073 1673 1202 1722 Petri
1237 1673 1299 1722 ad
1325 1672 1535 1723 Vincula
1561 1677 1608 1720 et
1634 1672 1868 1736 palatium
1892 1689 1931 1721 s,

152 1757 309 1807 Marci
328 1758 562 1806 cardinali
580 1758 828 1807 Grimano.

218 1840 490 1900 Dominica‚
534 1845 551 1889 1
583 1841 726 1905 junii,
765 1857 855 1905 per
888 1843 1084 1905 portam
1116 1837 1369 1887 Turrionis
1413 1837 1717 1886 intraverunt
1752 1838 1935 1886 Urbem

149 1926 248 1972 tres
270 1928 493 1972 oratores
519 1924 813 1988 Portugallie
833 1939 921 1988 pro
952 1922 1233 1972 obedientia
1259 1922 1524 1986 prestanda
1557 1920 1819 1986 (secundus
1846 1921 1935 1969 fuit

196 2036 229 2073 1.
259 2051 279 2069 «
302 2036 369 2072 Die
389 2036 515 2073 martis
536 2036 746 2085 [mercurii],
775 2038 822 2073 28
847 2035 944 2082 maii,
973 2038 1140 2072 mortuus
1170 2038 1228 2071 est
1252 2045 1298 2071 ex
1316 2037 1420 2083 peste
1438 2032 1646 2081 inguinaria
1662 2031 1932 2070 illustrissimus

145 2096 191 2134 D.
212 2094 393 2132 Ascanius
414 2094 606 2132 cardinalis
624 2095 772 2138 Sfortia,
795 2093 1124 2140 vicecancellarius,
1146 2105 1212 2143 pro
1226 2093 1331 2142 cujus
1349 2092 1475 2130 funere
1488 2091 1580 2130 nulli
1599 2091 1803 2129 cardinales
1824 2093 1934 2130 adve-

146 2159 299 2200 nerunt;
321 2159 358 2191 et
375 2154 429 2192 sic
440 2166 509 2192 nos
529 2154 639 2192 etiam
658 2166 731 2192 non
752 2155 938 2202 affuimus,
959 2153 1046 2203 quia
1069 2166 1115 2191 ex
1140 2158 1243 2202 peste
1263 2152 1431 2202 sepultus
1453 2152 1521 2190 fuit
1540 2152 1579 2189 in
1598 2151 1752 2189 ecclesia
1766 2163 1797 2190 s.
1819 2152 1934 2190 Marie

144 2216 190 2252 de
205 2213 359 2264 Populo,
380 2213 477 2250 circa
495 2213 650 2263 primam
667 2213 787 2251 noctis
807 2215 949 2260 horam,
971 2224 1079 2261 quem
1096 2212 1155 2250 sui
1174 2212 1374 2250 attinentes
1394 2219 1431 2251 et
1449 2212 1643 2250 familiares
1661 2224 1773 2262 supra
1785 2214 1934 2251 modum

144 2277 252 2312 mesti
272 2286 356 2312 cum
384 2273 474 2311 fletu
501 2285 544 2310 ac
563 2273 704 2311 ululatu
729 2273 917 2323 prosecuti
946 2277 1034 2310 sunt
1063 2272 1202 2321 absque
1230 2272 1360 2310 timore
1383 2272 1513 2321 pestis,
1541 2276 1581 2309 ut
1608 2284 1693 2309 cum
1718 2272 1756 2308 in
1778 2272 1932 2310 ecclesia

145 2335 330 2384 repositus
350 2334 416 2372 fuit
436 2333 487 2370 ita
501 2335 582 2382 ejus
599 2345 749 2371 manum
771 2334 971 2382 faciemque
1001 2333 1080 2370 sine
1100 2332 1307 2369 differentia
1326 2336 1362 2370 et
1380 2332 1590 2369 discrimine
1612 2331 1754 2369 timoris
1775 2333 1931 2370 osculati

146 2399 234 2433 sunt
258 2394 457 2442 genuflexi,
484 2398 526 2431 ut
549 2393 731 2431 viventem
757 2397 1028 2431 consueverunt
1054 2391 1247 2438 officiales;
1274 2391 1362 2428 illud
1390 2395 1426 2429 et
1451 2403 1563 2440 supra
1588 2403 1732 2429 omnem
1758 2391 1933 2441 pietatem

143 2454 266 2491 visum
282 2453 350 2491 fuit
368 2457 409 2490 ut
427 2466 510 2490 cum
529 2452 731 2504 deferretur
750 2453 796 2490 ad
817 2452 1023 2499 ecclesiam,
1043 2463 1262 2501 quacunque
1276 2451 1602 2500 pertransiebatur‚
1625 2463 1751 2489 omnes
1771 2455 1846 2489 tam
1865 2451 1932 2489 viri

146 2517 182 2551 et
212 2512 400 2556 mulieres,
427 2512 599 2550 mulieres
626 2524 737 2561 quam
767 2512 872 2561 pueri
899 2517 935 2550 et
966 2513 1229 2561 cujuscumque
1254 2511 1484 2548 conditionis·
1508 2511 1686 2556 homines,
1717 2523 1738 2548 e
1762 2511 1931 2549 domibus

145 2572 396 2610 tumultuatim
427 2572 557 2609 flentes
587 2576 623 2609 et
655 2577 859 2620 gementes,
893 2584 976 2608 cum
1002 2572 1164 2609 candelis
1195 2571 1357 2617 exibant,
1382 2583 1465 2608 eum
1496 2571 1713 2608 comitantes
1739 2583 1858 2620 usque
1886 2572 1932 2608 ad

147 2631 339 2670 ecclesiam
358 2636 535 2681 tanquam
554 2631 592 2667 in
612 2635 764 2680 paterno
783 2631 930 2676 funere;
953 2636 990 2669 et
1013 2632 1112 2680 quod
1138 2630 1407 2680 pientissimum
1432 2630 1513 2675 fuit,
1534 2630 1644 2667 etiam
1663 2630 1776 2678 aliqui
1796 2630 1931 2678 quibus

143 2691 319 2730 funeralia
338 2695 404 2729 aut
425 2691 524 2729 faces
545 2702 625 2728 cere
644 2702 718 2728 non
740 2695 855 2738 erant,
882 2703 963 2728 cum
989 2690 1133 2728 facibus
1159 2690 1304 2739 ligneis,
1322 2693 1358 2726 et
1377 2689 1488 2738 aliqui
1508 2701 1591 2726 cum
1610 2689 1768 2726 lucernis
1788 2689 1931 2726 oleariis

145 2750 352 2801 prodibant,
376 2751 429 2789 ita
448 2751 643 2788 clamorem
669 2751 819 2788 confuse
847 2750 1054 2789 attollentes
1076 2755 1116 2788 ut
1142 2750 1251 2787 etiam
1271 2749 1498 2786 inimicorum
1524 2749 1664 2786 animos
1688 2748 1725 2785 in
1750 2748 1932 2797 lacrymas

145 2815 420 2850 converterent.
445 2811 552 2849 Certe
569 2811 638 2848 hoc
658 2823 800 2848 summe
825 2810 1070 2858 benivolentie
1095 2810 1345 2848 testimonium
1372 2821 1414 2846 ac
1437 2807 1657 2845 universalis
1680 2808 1816 2845 amoris
1836 2807 1930 2844 indi-

144 2872 240 2909 cium
263 2871 396 2918 extitit,
425 2875 467 2909 ut
493 2870 607 2909 altera
632 2870 692 2908 die
724 2883 770 2908 ex
801 2870 969 2920 pluribus
997 2870 1209 2908 monialium
1236 2862 1326 2907 I‘ocis
1362 2881 1404 2906 ac
1429 2866 1664 2906 monasteriis
1690 2866 1826 2916 quibus
1851 2866 1931 2915 ipse

144 2931 396 2981 eleemosynas
429 2931 617 2980 erogabat,
648 2936 759 2980 atque
790 2942 834 2968 eo
870 2930 990 2981 magis
1032 2934 1157 2980 gratas
1189 2929 1336 2979 quando
1370 2940 1498 2966 sumus
1532 2928 1570 2964 in
1600 2932 1761 2964 extrema
1786 2937 1930 2962 annone

144 2991 311 3043 penuria,
328 3003 413 3029 nam
434 2991 585 3028 rubrum
604 2990 711 3041 grani
731 2990 827 3028 valet
848 3003 898 3029 xu
919 2992 1089 3034 ducatos,
1108 2989 1235 3028 hordei
1253 3002 1304 3036 vi,
1326 2989 1442 3038 spelte
1464 3000 1530 3034 1111,
1552 2991 1637 3032 etc.‚
1656 2996 1784 3023 omnes
1802 2996 1822 3021 e
1841 2984 1930 3025 locis

145 3063 269 3089 eorum
287 3055 548 3089 concurrentes
568 3051 615 3088 ad
635 3051 842 3100 sepulcrum
867 3055 1059 3097 venerunt,
1085 3053 1195 3099 atque
1222 3049 1274 3088 ita
1293 3061 1376 3086 eum
1397 3048 1598 3086 extinctum
1618 3043 1804 3083 lamentati
1827 3048 1927 3091 sunt,

144 3116 186 3149 ut
200 3111 339 3149 alienos
358 3111 501 3149 animos
519 3115 594 3149 tam
607 3111 645 3149 in
658 3111 717 3149 via
734 3112 854 3149 eundo
871 3111 1029 3160 quamin
1047 3109 1201 3147 ecclesia
1214 3109 1360 3154 stando,
1379 3109 1426 3146 ad
1445 3106 1730 3144 humanissimas
1749 3103 1929 3152 lacrymas

148 3170 399 3219 compulerint,
420 3175 461 3208 ut
482 3171 535 3208 sic
552 3183 593 3209 se
612 3171 804 3209 habuisset
823 3171 893 3209 sub
922 3166 1135 3208 Innocentio
1162 3181 1204 3207 ac
1230 3169 1268 3205 in
1294 3167 1474 3218 principio
1500 3165 1700 3204 Alexandri
1721 3164 1792 3202 iste
1812 3164 1931 3201 cardi-

147 3230 257 3276 nalis,
281 3230 378 3268 sicut
394 3242 494 3268 nunc
519 3243 560 3269 se
586 3232 702 3281 gessit
728 3243 817 3280 erga
843 3231 964 3269 omnia
994 3229 1187 3280 probitatis
1214 3229 1431 3266 documenta
1456 3231 1493 3264 et
1512 3226 1825 3274 eleemosynarum
1849 3235 1931 3272 pre—

149 3290 254 3334 cipue
276 3290 510 3338 erogationes
529 3296 748 3340 propterque
768 3303 889 3340 opera.
908 3290 1000 3327 Nam
1019 3289 1177 3339 populus
1196 3288 1331 3325 clerum
1351 3287 1455 3336 quasi
1475 3285 1653 3333 injustum
1673 3286 1822 3321 accusat
1834 3283 1933 3331 quod

150 3349 243 3386 mori
262 3360 346 3385 eum
363 3353 439 3386 tam
469 3349 674 3387 beneficum
699 3350 851 3388 voluerit
872 3362 880 3387 :
903 3350 968 3387 sed
987 3349 1100 3398 aliqui
1129 3361 1211 3386 eum
1236 3351 1457 3385 venenatum
1482 3345 1607 3382 dicunt
1626 3348 1662 3381 et
1680 3341 1928 3392 potionatum3

153 3409 252 3445 Deus
273 3406 355 3444 scit.
378 3422 398 3442 »
420 3410 463 3446 Ρ.
485 3410 531 3446 de
550 3410 711 3452 Grassis.
733 3410 803 3447 cite
819 3421 885 3458 par
903 3410 947 3446 de
968 3409 1194 3458 Brequigny.
1214 3409 1298 3446 Not.
1318 3411 1352 3443 et
1368 3410 1441 3442 emt.
1458 3406 1520 3441 des
1539 3414 1640 3449 mss„
1661 3407 1693 3441 t.
1718 3402 1764 3446 Π,
1783 3414 1822 3451 p.
1841 3402 1927 3440 624.

154 3482 175 3502 «
195 3466 241 3503 Di
261 3467 296 3504 la
314 3472 431 3504 morte
444 3467 495 3504 dil
509 3468 668 3506 cardinal
680 3469 837 3508 Ascanio
850 3468 933 3520 quel
946 3480 1067 3513 zorno,
1083 3467 1142 3506 chi
1156 3468 1234 3504 dice
1248 3468 1295 3504 da
1310 3469 1427 3517 peste,
1442 3464 1501 3501 chi
1516 3462 1576 3500 dal
1592 3462 1664 3500 mal
1676 3462 1886 3500 franzoso...
1907 3477 1926 3496 »

157 3527 311 3572 Sannio,
332 3530 358 3563 t.
378 3525 442 3569 VI,
464 3525 532 3562 col.
555 3528 636 3564 176.
