2228 3938
164 399 325 441 [Janvier
345 400 442 441 1503]
609 398 779 436 RERUM
810 394 1114 435 URBANARUM
1145 393 1496 431 COMMENTARII.
1873 395 1944 432 233

166 502 253 551 bus
277 518 447 551 eorum
470 502 531 551 ad
562 501 796 567 palatium
822 503 975 564 Pape3
1003 502 1052 547 et
1078 498 1263 553 dictum
1300 497 1388 545 fuit
1421 498 1551 560 quod
1574 497 1623 545 in
1656 498 1803 547 domo
1827 513 1941 562 pro-

165 587 430 635 thonotarii
451 602 622 651 parum
644 586 733 634 fuit
753 589 1017 649 repeitum.

231 670 460 729 Sabbato,
501 674 557 717 14
590 669 705 717 dicti
737 667 916 716 mensis
938 666 1164 731 januarii,
1202 669 1255 713 R.
1297 668 1354 714 D.
1379 639 1647 729 Sinolphus
1681 665 1740 714 de
1777 668 1942 715 Castro

166 753 425 818 Otherio(l
437 753 468 816 ),
528 753 782 817 episcopus
827 750 1064 809 Clusinus,
1107 765 1298 798 camere
1341 749 1608 813 apostolice
1649 748 1856 798 clericus
1895 751 1943 798 et

165 836 461 884 secretarius
486 835 779 900 apostolicus
803 834 885 899 qui
910 850 969 881 ex
994 834 1172 882 timore
1196 832 1258 898 (2)
1288 848 1376 896 per
1402 835 1655 896 capturam
1679 834 1778 880 DD.
1808 831 1940 880 audi-

164 920 283 968 toris
307 935 502 968 camere
525 925 572 968 et
603 917 958 984 prothonotarii
983 918 1044 966 (16
1070 917 1327 981 Spiritibus
1354 915 1443 964 sibi
1470 916 1684 974 incusso,
1725 920 1749 963 7
1774 915 1936 979 hujus,

162 1003 237 1052 vel
260 1003 408 1063 circa,
426 1003 603 1052 febrim
623 1003 880 1062 inciderat,
899 1002 1032 1049 circa
1050 1001 1226 1049 horam
1245 1000 1527 1064 vigesimam
1554 1015 1702 1049 unam
1727 998 1942 1047 condidit

163 1090 527 1146 testamentum,
562 1087 700 1151 cujus
723 1089 1010 1134 executores
1035 1083 1283 1149 deputavit
1306 1087 1511 1132 RRmos.
1541 1085 1641 1131 DD.
1670 1082 1941 1132 cardinales

163 1186 202 1217 s.
243 1170 473 1218 Praxedis
517 1175 565 1218 et
606 1172 872 1219 Senensem
908 1173 957 1217 et
996 1168 1174 1234 legavit
1214 1171 1342 1232 Pape
1380 1170 1579 1216 centum
1623 1167 1849 1224 ducatos;
1895 1170 1942 1214 et

162 1269 333 1317 parum
371 1257 481 1318 post
518 1254 679 1303 emisit
715 1254 954 1318 spiritum.
993 1253 1281 1316 Requiescat
1316 1252 1365 1300 in
1401 1267 1539 1316 pace.
1574 1254 1748 1300 Amen.
1793 1252 1938 1313 Papa,

161 1337 408 1386 intellecto
433 1338 715 1402 hujusmodi
744 1338 895 1396 obitu,
928 1337 1057 1385 misit
1093 1337 1155 1385 ad
1180 1337 1380 1385 domum
1406 1334 1619 1384 defuncti
1644 1337 1702 1383 D.
1729 1336 1942 1382 Bernar-

160 1420 327 1468 dinum
350 1421 571 1481 Gutterii,
609 1421 795 1470 socium
826 1437 1010 1481 meum,
1040 1429 1087 1470 et
1113 1422 1375 1486 quemdam
1410 1420 1559 1469 alium
1587 1417 1941 1467 cubicularium

161 1519 302 1551 suum
326 1504 457 1568 quod
479 1505 781 1554 custodirent
796 1506 996 1554 domum
1020 1509 1068 1554 et
1091 1506 1221 1554 bona
1246 1506 1295 1553 in
1319 1520 1377 1553 ea
1400 1503 1682 1553 existentia:
1712 1501 1773 1550 ad
1795 1516 1942 1565 quam

162 1587 309 1637 etiam
332 1588 460 1636 venit
498 1591 553 1636 R.
592 1591 648 1636 D.
690 1589 948 1653 episcopus
979 1589 1259 1648 Suanensis,
1294 1588 1490 1637 nomine
1526 1586 1652 1635 Rmi.
1694 1589 1750 1634 D.
1781 1584 1941 1634 cardi-

164 1671 286 1719 nalis
303 1672 549 1732 Senensis,
574 1672 716 1720 unius
732 1676 1070 1737 executorum;
1092 1677 1141 1722 et
1156 1688 1244 1737 pro
1263 1672 1489 1721 defuncto
1509 1671 1732 1719 ordinata
1746 1668 1942 1723 fuerunt

165 1754 328 1802 omnia
349 1759 636 1819 paramenta
652 1755 948 1819 pontificalia
971 1772 1094 1805 nova
1107 1756 1167 1804 de
1192 1759 1356 1820 tapeto
1376 1755 1607 1804 violaceo,
1634 1753 1941 1802 Gubernator

165 1838 308 1886 Urbis
349 1839 644 1903 supervenit,
682 1845 729 1888 et
763 1840 851 1889 fuit
892 1840 995 1904 ipse
1032 1841 1166 1889 solus
1202 1855 1289 1904 per
1324 1840 1434 1888 illos
1476 1838 1597 1887 duos
1636 1853 1725 1902 per
1761 1839 1939 1900 Papam

164 1920 421 1985 deputatos
445 1922 754 1971 intromissus
780 1929 828 1972 et
852 1924 972 1972 nihil
995 1923 1280 1972 immutavit.

229 2005 314 2054 Die
338 2005 581 2055 dominica
606 2009 847 2071 sequenti,
872 2008 923 2062 vin
948 2024 1110 2068 mane,
1143 2008 1349 2057 cadaver
1376 2007 1592 2056 defuncti
1616 2006 1704 2054 fuit
1728 2005 1942 2070 positum

164 2105 309 2153 super
330 2104 551 2138 mensam
576 2091 708 2139 circa
735 2091 950 2140 medium
974 2092 1130 2157 prime
1159 2108 1356 2141 camere
1372 2093 1511 2158 juxta
1543 2091 1704 2139 aulam
1734 2089 1795 2138 ad
1824 2088 1941 2138 dex-

161 2176 287 2221 tram
312 2173 536 2221 intrantis
567 2175 728 2222 aulam
767 2175 1057 2225 existentem
1098 2177 1259 2236 sitam,
1293 2179 1523 2240 paratum
1551 2174 1776 2224 omnibus
1806 2188 1944 2237 para-

163 2257 342 2304 mentis
376 2258 666 2322 supradictis
697 2275 842 2324 super
863 2265 1041 2325 tapete,
1067 2265 1115 2310 et
1144 2260 1493 2309 candelabrum
1520 2274 1669 2307 unum
1695 2258 1755 2306 ad
1779 2261 1940 2321 caput,

164 2340 296 2388 aliud
322 2341 382 2388 ad
407 2342 558 2404 pedes
580 2358 689 2390 cum
713 2343 926 2392 candelis
945 2344 1150 2395 duarum
1168 2344 1404 2392 librarum
1425 2344 1500 2392 vel
1526 2343 1670 2402 ultra,
1694 2341 1939 2398 ordinata;

164 2422 288 2471 libre
325 2424 633 2487 septuaginta
665 2425 979 2478 candelarum
1013 2428 1073 2476 de
1098 2427 1264 2492 viginti
1298 2443 1385 2491 pro
1408 2427 1533 2475 libra
1561 2443 1652 2491 pro
1684 2426 1941 2490 religiosiS,

166 2507 350 2569 absque
385 2507 490 2554 aliis
526 2524 614 2571 pro
656 2510 1053 2559 confraternitate
1099 2511 1377 2570 Salvatoris,
1419 2515 1467 2560 et
1500 2511 1668 2576 viginti
1698 2510 1853 2559 facule
1886 2509 1944 2557 de

166 2590 328 2638 media
351 2590 489 2638 libra.
516 2594 698 2641 Vocate
723 2593 921 2641 fuerunt
947 2594 1126 2642 familie
1148 2597 1441 2643 RRmorum.
1470 2597 1575 2643 DD.
1604 2594 1942 2653 cardinalium,

165 2674 388 2722 videlicet
413 2675 734 2739 Neapolitani,
761 2678 1102 2737 Beneventani,
1131 2695 1170 2726 s.
1204 2678 1387 2737 CruciS‚
1416 2695 1436 2726 s
1482 2678 1699 2727 Severini
1731 2682 1779 2725 et
1806 2680 1946 2726 Cesa-

167 2757 284 2815 rini;
329 2757 539 2821 religiosi
579 2765 901 2808 conventuum
946 2761 1178 2822 Minerve,
1218 2762 1427 2822 Araceli,
1479 2779 1517 2810 s.
1561 2761 1838 2826 Augustini,
1887 2761 1945 2810 de

216 2930 250 2966 1.
278 2928 378 2967 C'est
398 2930 493 2966 ainsi
518 2933 639 2979 qu’est
658 2932 748 2969 ecrit
779 2932 811 2968 le
831 2944 916 2970 nom
934 2933 1098 2982 l’eveque
1127 2933 1172 2970 de
1199 2933 1332 2983 Chiugi
1366 2934 1459 2970 dans
1479 2933 1532 2971 les
1561 2945 1652 2971 mss.
1675 2933 1779 2982 Chigi
1799 2937 1835 2970 et.
1863 2934 1945 2970 151.

168 2989 239 3027 Son
261 3000 345 3026 nom
362 2994 468 3027 exact
496 2995 552 3028 est
573 3006 591 3025 «
614 2991 815 3040 Sinolphus
849 2993 894 3029 de
916 2992 1037 3030 Castel
1056 2993 1201 3031 Lotario
1222 3009 1256 3041 »‚
1284 2993 1483 3031 correction
1503 2994 1565 3042 qui
1593 2994 1652 3030 n’a
1672 2995 1728 3031 ete
1750 2992 1835 3030 mite
1854 2992 1947 3030 dans

167 3047 201 3085 16
221 3053 374 3086 courant
393 3050 440 3086 du
461 3054 560 3088 texte
581 3063 651 3100 que
671 3051 818 3100 lorsque
841 3051 894 3089 les
914 3052 1037 3098 lecons
1058 3053 1309 3091 defectueuses
1330 3054 1534 3092 differaient
1554 3058 1658 3091 entre
1676 3053 1778 3092 elles.

215 3110 250 3146 2.
280 3108 516 3156 Giustiniani,
548 3114 654 3159 apres
675 3112 775 3149 avoir
794 3112 910 3149 rendu
936 3117 1077 3161 compte
1097 3114 1142 3151 de
1167 3114 1407 3152 l'arrestation
1429 3115 1473 3151 de
1499 3115 1661 3163 l’eveque
1682 3114 1726 3150 de
1753 3113 1892 3149 Cesene
1912 3115 1949 3153 et.

169 3167 219 3204 du
237 3169 480 3216 protonotaire
510 3171 656 3208 Andrea
676 3171 818 3220 Spiriti,
841 3187 860 3206 «
887 3172 1104 3221 degnissimi
1126 3174 1252 3222 prelati
1273 3187 1292 3211 e
1310 3175 1418 3212 molto
1439 3174 1596 3224 reputati
1617 3174 1654 3210 in
1674 3179 1771 3211 corte
1790 3188 1825 3219 »,
1847 3173 1947 3222 (ᾔομ-

168 3226 235 3264 tait
254 3238 262 3262 :
291 3242 307 3261 α
327 3228 379 3265 La
395 3230 581 3267 retenzion
610 3231 654 3268 de
676 3231 798 3280 questi
817 3232 888 3268 due
917 3233 966 3268 ha
993 3244 1115 3270 messo
1143 3233 1180 3269 in
1207 3239 1383 3283 spavento
1405 3238 1498 3271 tutta
1529 3238 1661 3282 questa
1681 3238 1790 3277 corte,
1811 3244 1830 3269 e
1848 3232 1949 3269 molti

170 3286 351 3323 cortesani
371 3288 510 3335 prelati,
537 3293 695 3327 mamime
715 3290 827 3339 quelli
859 3292 926 3328 che
946 3291 1068 3329 hanno
1099 3292 1194 3329 fama
1220 3294 1341 3330 d’aver
1370 3294 1509 3339 denari,
1533 3292 1696 3330 similiter
1724 3290 1951 3328 zentilomeni

168 3344 262 3382 della
278 3350 386 3393 terra,
408 3350 486 3384 cusi
505 3349 550 3386 de
571 3361 642 3387 una
663 3350 782 3390 fazion
809 3363 911 3388 come
930 3351 1012 3388 dell’
1030 3351 1135 3398 altra,
1164 3364 1255 3390 sono
1275 3353 1334 3390 chi
1353 3353 1542 3402 scampati,
1563 3353 1622 3389 chi
1641 3350 1791 3396 ascosti‚
1812 3350 1946 3398 perche

171 3417 243 3442 non
261 3408 280 3441 ὲ
301 3406 363 3453 piu
383 3405 489 3444 alcun
508 3409 576 3445 che
608 3409 640 3446 si
669 3414 780 3459 tegna
800 3411 919 3447 sicuro
928 3438 1079 3452 .......
1107 3411 1147 3448 Li
1169 3412 1344 3450 cardinali
1373 3412 1456 3449 tutti
1481 3417 1637 3456 temeno‚
1667 3412 1820 3448 mamime
1842 3409 1952 3459 quelli

170 3464 238 3500 che
259 3463 289 3500 si
308 3475 472 3512 pensano
492 3466 537 3503 de
570 3478 696 3504 averse
723 3469 760 3504 in
779 3468 887 3505 alcun
918 3474 1039 3518 tempo
1059 3469 1308 3519 immaginata,
1330 3471 1472 3507 nonche
1491 3471 1581 3507 satta
1609 3481 1696 3507 cosa
1725 3468 1838 3506 nunia
1860 3481 1947 3506 con-

168 3523 277 3564 traria
295 3522 366 3564 alla
382 3524 529 3562 volonta
547 3525 605 3566 del
621 3526 809 3564 Ponteflee
818 3555 922 3569 .....
949 3543 968 3563 »
991 3529 1161 3577 Depeche
1185 3530 1235 3569 du
1252 3530 1276 3566 6
1290 3530 1446 3578 janvier,
1474 3541 1510 3578 p,
1528 3529 1610 3567 314.
