2228 3938
186 412 278 446 Mars
301 413 394 453 1502]
616 410 785 449 RERUM
819 410 1121 448 URBANARUM
1148 410 1499 448 COMMENTARII.
1886 411 1955 448 19⁹

177 515 422 580 Papiensis
467 515 779 565 canonicatus
822 515 871 561 et
911 513 1158 577 prebende
1185 531 1194 573 ;
1238 514 1501 562 secundam
1520 553 1530 572 ,
1574 513 1953 562 Hildesemensis

173 600 380 659 heresis,
422 599 673 663 proposuit
713 600 769 645 D.
812 597 1029 645 Justinus
1075 597 1134 646 de
1172 598 1380 656 Corosis,
1421 601 1531 661 post
1568 598 1705 661 cujus
1740 597 1955 645 medium

173 684 304 732 venit
332 682 587 731 cardinalis
612 681 672 746 (1)
707 681 767 729 de
800 680 1092 730 consistorio
1117 682 1177 729 ad
1201 697 1397 745 parvam
1422 682 1658 746 capellam
1692 681 1751 728 ad
1777 695 1953 729 novum

172 766 469 816 cardinalem
492 785 502 824 ;
526 770 574 814 et
596 765 850 814 cardinalis
877 765 1054 828 Borgia
1074 765 1266 814 intravit
1293 765 1654 823 consistorium,
1680 764 1792 813 fecit
1818 779 1954 814 reve-

173 850 376 898 rentiam
410 852 539 913 Pape
571 853 618 897 et
652 849 774 897 sedit
805 848 851 896 in
880 848 989 896 loco
1021 864 1136 906 su03
1167 848 1359 897 tertiam
1390 848 1788 896 commissionem
1813 850 1955 896 Pata-

170 933 344 981 viensis
365 932 758 982 incarcerationis
781 932 1036 996 proposuit
1057 934 1112 979 D.
1137 931 1413 996 Alphonsus
1435 931 1658 987 Ricenas,
1685 935 1795 994 post
1815 932 1954 995 cujus

169 1017 382 1065 medium
403 1016 594 1064 intravit
615 1015 955 1064 consistorium
976 1030 1127 1063 novus
1155 1014 1412 1063 cardinalis
1435 1029 1547 1062 cum
1574 1015 1790 1062 Senense
1820 1018 1869 1062 et
1897 1013 1955 1061 de

169 1099 397 1148 Medicis:
424 1098 653 1147 Senensis
676 1099 911 1163 precessit
937 1098 996 1146 ad
1018 1098 1192 1146 solium
1221 1101 1366 1162 Pape,
1392 1102 1439 1145 et
1462 1096 1702 1145 oblivione
1724 1111 1821 1144 non
1842 1096 1957 1143 fecit

172 1183 215 1231 ei
234 1183 555 1232 reverentiam
574 1182 786 1232 debitam
807 1201 817 1241 ;
841 1182 1054 1231 Medices
1074 1198 1170 1230 non
1189 1182 1423 1231 ascendit.
1446 1184 1605 1230 Novus
1627 1181 1713 1228 fuit
1732 1185 1957 1244 receptus

173 1282 201 1314 a
225 1269 356 1331 Papa
377 1270 425 1315 et
452 1267 675 1315 omnibus
702 1267 1024 1315 cardinalibus
1055 1270 1102 1314 et
1135 1267 1261 1315 sedit
1295 1266 1423 1314 inter
1451 1265 1734 1313 Cesarinum
1763 1268 1813 1312 et
1839 1267 1958 1312 Bor-

172 1350 322 1413 giam,
352 1367 497 1415 super
527 1366 623 1414 quo
653 1354 785 1415 Papa
804 1350 974 1399 habuit
999 1351 1151 1398 multa
1173 1350 1319 1399 verba
1346 1365 1539 1397 mecum
1565 1348 1624 1397 de
1645 1347 1957 1412 precedentia
2032 1350 2037 1354 “

172 1433 298 1481 inter
331 1434 559 1498 Bor-giam
599 1437 646 1481 et
686 1434 744 1482 de
780 1434 1032 1482 Alibretto.
1071 1433 1176 1481 Dixi
1213 1433 1465 1482 Sanctitati
1501 1448 1584 1480 sue
1630 1431 1777 1479 fuisse
1816 1431 1958 1478 simul

173 1521 380 1577 creatos,
418 1517 772 1582 Hispalensem,
803 1520 857 1566 D.
899 1518 959 1566 de
992 1518 1246 1576 Alibretto,
1278 1521 1327 1566 et
1358 1516 1603 1580 Borgiam,
1639 1521 1686 1563 et
1716 1531 1827 1562 cum
1854 1514 1958 1562 aliis

173 1615 348 1649 novem
381 1617 527 1665 super
549 1602 824 1666 publicatis,
855 1606 903 1650 et
934 1602 981 1649 in
1017 1601 1148 1648 bulla
1179 1600 1438 1648 creationis
1464 1598 1744 1663 hujusmodi
1773 1599 1833 1645 de
1859 1597 1959 1645 Ali-

175 1683 332 1732 bretto
353 1699 458 1731 esse
483 1688 594 1732 ante
622 1685 846 1747 Borgiam
874 1684 1207 1743 nominatum;
1239 1684 1300 1731 de
1325 1699 1419 1746 qua
1443 1682 1591 1730 fidem
1621 1682 1735 1730 fecit
1766 1684 1823 1729 D.
1853 1697 1960 1729 car-

175 1766 344 1814 dinalis
384 1766 671 1816 Mutinensis
714 1768 793 1831 qui
838 1767 957 1815 dixit
998 1767 1177 1815 bullam
1219 1754 1499 1830 hujusmodi
1542 1765 1699 1814 adhuc
1741 1764 1869 1828 apud
1907 1779 1958 1812 se

177 1850 378 1898 habere.
403 1850 560 1898 Finita
586 1851 931 1899 commissione
953 1850 1112 1908 tertia,
1141 1853 1198 1898 D.
1226 1850 1464 1898 Antonius
1492 1849 1552 1898 de
1586 1848 1829 1897 Leonibus
1850 1862 1961 1912 pro-

173 1934 333 1998 posuit
360 1936 582 1997 quartam
613 1935 935 1983 Terdonensis
970 1933 1269 1998 prepositure
1292 1949 1302 1991 3
1327 1937 1437 1997 post
1463 1934 1601 1997 cujus
1626 1932 1775 1979 finem
1805 1932 1962 1980 redie-

174 2020 286 2065 runt
309 2018 369 2065 ad
390 2019 570 2081 Papam
599 2018 845 2077 Senensis,
874 2017 1087 2066 Medices
1107 2021 1156 2065 et
1180 2033 1350 2075 novus,
1382 2017 1518 2080 cujus
1546 2015 1728 2063 familia
1749 2016 1878 2063 venit
1900 2014 1961 2063 ad

176 2102 394 2150 osculum
426 2101 564 2166 pedis
590 2104 720 2166 Pape
754 2101 836 2165 qui
868 2101 1043 2150 deinde
1073 2101 1214 2150 rediit
1245 2100 1308 2149 ad
1342 2115 1589 2149 cameram
1616 2099 1716 2158 ubi,
1751 2099 1960 2147 dimissis

132 2229 150 2239 ,
174 2185 494 2250 paramentis,
530 2184 727 2233 intravit
754 2185 813 2233 de
847 2187 1038 2233 secreta
1073 2196 1176 2244 sua,
1212 2189 1260 2233 et
1292 2183 1561 2233 cardinales
1599 2182 1960 2231 associaverunt

174 2284 351 2318 novum
384 2268 445 2316 ad
475 2268 672 2317 domum
701 2269 1108 2328 vicecancellarii,
1143 2271 1274 2333 Papa
1305 2268 1373 2316 sic
1399 2268 1607 2326 volente,
1640 2267 1754 2315 licet
1791 2266 1959 2314 suisset

174 2353 450 2401 ordinatum
473 2352 603 2416 quod
623 2368 772 2400 novus
785 2355 1006 2400 maneret
1026 2352 1074 2399 in
1098 2352 1296 2416 palatio,
1321 2352 1371 2399 in
1392 2351 1600 2399 cameris
1623 2349 1832 2414 capitani
1850 2365 1958 2413 pre-

176 2436 427 2495 ordinatiS,
468 2436 676 2500 demptis
708 2436 864 2484 tribus
903 2435 1247 2495 cardinalibuS,
1285 2435 1526 2494 videlicet,
1574 2433 1953 2498 Ulissiponense,

177 2519 437 2568 Cusentino
471 2520 519 2567 et
545 2521 912 2582 Caputaquense
942 2519 1023 2583 qui
1050 2535 1147 2567 non
1178 2519 1481 2567 associarunt
1507 2519 1638 2566 hunc
1671 2533 1849 2565 novum
1873 2517 1958 2565 sed

178 2606 519 2652 remanserunt
554 2617 665 2650 cum
706 2603 966 2666 pontifice:
1009 2603 1104 2650 alia
1142 2618 1279 2650 more
1322 2602 1482 2664 solit03
1523 2601 1657 2649 Idem
1704 2600 1958 2648 cardinalis

175 2703 326 2736 novus
351 2687 532 2751 incepit
551 2686 744 2735 visitare
767 2686 1038 2734 cardinales
1064 2690 1203 2734 extra
1222 2685 1452 2749 palatium
1483 2685 1560 2733 die
1582 2684 1706 2748 jovis
1732 2683 1798 2748 (et
1824 2683 1957 2731 ince-

177 2772 296 2837 pita
319 2770 669 2835 Neapolitano),
699 2770 819 2818 alios
844 2770 946 2818 sine
969 2769 1140 2818 ordine
1166 2774 1214 2817 et
1235 2769 1337 2818 sine
1362 2768 1522 2832 aliquo
1543 2783 1602 2816 ex
1620 2767 1776 2816 nobis.

244 2854 498 2904 Dominica
531 2854 807 2902 Palmarum
844 2858 979 2902 sexta
1018 2853 1405 2917 quadragesime,
1450 2855 1511 2900 20
1547 2851 1727 2909 martii,
1769 2852 1853 2899 SS.
1894 2853 1951 2898 D.

174 2941 341 2988 noster
374 2938 621 2988 benedixit
648 2938 835 3002 palmas
866 2937 1011 2986 etiam
1047 2937 1255 2986 aliorum
1291 2936 1340 2983 in
1371 2939 1420 2984 et
1451 2939 1588 2984 extra
1619 2934 1873 2998 capellam,
1909 2938 1956 2982 et

175 3020 416 3071 distribuit
442 3037 541 3081 eas,
567 3036 706 3070 more
728 3021 886 3069 solito.
918 3021 1107 3069 Palmas
1129 3022 1259 3084 Pape
1281 3023 1543 3069 tenuerunt
1570 3024 1766 3067 senator
1787 3033 1815 3066 a
1838 3017 1955 3065 dex—

172 3106 257 3153 tris
285 3110 331 3154 et
356 3106 539 3169 primus
564 3109 959 3154 conservatorum
991 3120 1019 3152 a
1043 3104 1270 3162 sinistris,
1305 3109 1351 3151 et
1377 3104 1505 3151 inter
1531 3106 1712 3166 Papam
1737 3105 1786 3150 et
1813 3116 1955 3149 sena-

174 3194 346 3247 torem,
376 3188 506 3237 stetit
529 3188 650 3236 alius
678 3188 834 3237 infans
859 3191 1088 3248 Navarre,
1115 3203 1213 3236 non
1242 3188 1322 3236 ille
1354 3187 1435 3251 qui
1460 3186 1702 3235 dominica
1727 3184 1955 3250 preterita

174 3271 408 3330 interfuit,
439 3274 571 3336 Papa
591 3271 659 3319 sic
683 3272 892 3320 volente.
919 3274 1094 3320 Orator
1116 3271 1252 3319 ducis
1270 3270 1595 3319 'Ferrariensis
1619 3269 1752 3317 dedit
1777 3281 1953 3330 aquam

175 3353 398 3402 manibus
420 3357 567 3418 Pape,
592 3360 700 3418 post
721 3355 1114 3404 distributionem
1136 3355 1406 3418 palmarum
1430 3370 1440 3402 τ
1469 3353 1670 3400 missam
1698 3349 1955 3399 celebravit

177 3439 344 3485 Rmus.
371 3439 428 3484 D.
467 3438 724 3486 cardinalis
757 3438 1120 3502 Agrigentinus.
1156 3441 1286 3502 Papa
1321 3438 1404 3485 ivit
1434 3436 1482 3483 in
1513 3434 1824 3507 processione
1849 3433 1951 3482 sine

223 3538 258 3575 1.
286 3537 347 3575 Sic
365 3536 460 3574 dans
479 3540 563 3577 tous
580 3537 634 3575 les
654 3549 745 3577 mss.
767 3538 796 3574 ll
814 3538 890 3576 faut
915 3537 1293 3577 vraisemblablement
1311 3537 1376 3576 lire
1396 3551 1416 3571 «
1437 3534 1632 3575 cardinalis
1652 3535 1848 3576 Senensis.
1873 3549 1892 3572 ι
