2228 3938
295 352 366 388 256
905 352 1137 390 ,IOHANNIS
1172 353 1466 400 BURCHARDI,
1733 357 1959 400 [Septembre
1981 361 2074 401 150³]

362 453 545 502 Eodem
571 453 667 512 die,
693 453 741 500 in
769 470 895 514 sero,
922 456 1049 504 venit
1073 457 1133 504 ad
1156 457 1337 505 Urbem
1362 457 1620 506 cardinalis
1641 461 1900 519 Cornarus,
1926 477 1954 508 a
1979 462 2076 510 suis

300 540 489 585 tantum
514 536 796 584 associatus.

362 620 543 668 Eadem
567 619 661 679 die,
700 620 787 667 fuit
820 622 1176 683 proclamatum
1206 640 1294 687 per
1326 625 1501 673 Urbem
1536 625 1664 687 quod
1697 640 1842 673 nemo
1877 626 2077 674 auderet

298 703 462 750 ledere
489 703 665 751 ducem
692 703 1003 751 Valentinum
1031 705 1105 752 vel
1129 706 1232 770 ejus
1263 706 1389 755 bona
1415 708 1504 755 sub
1531 724 1658 771 pena
1686 708 1961 756 amissionis
1983 709 2077 757 vite

299 791 343 833 et
368 786 625 834 bonorum.

359 870 539 916 Eadem
565 869 660 927 die,
683 870 771 916 fuit
800 854 1185 932 proclamentum
1206 873 1244 920 si
1271 874 1376 936 quis
1405 873 1669 920 invenisset
1691 872 1870 920 mulam
1896 889 2075 932 meam,

296 955 343 999 et
379 951 467 999 fuit
507 952 785 1016 hujusmodi
833 954 1148 1016 proclamatio
1190 957 1316 1004 sacta
1355 973 1443 1020 per
1482 956 1658 1004 Urbem
1698 959 1744 1003 et
1783 955 1990 1019 burgum
2035 974 2072 1005 s.

298 1036 439 1083 Petri.

358 1119 443 1167 Die
471 1119 673 1178 sabbati,
699 1125 724 1167 2
754 1121 1062 1184 septembris,
1093 1122 1221 1170 circa
1250 1123 1421 1170 horam
1455 1123 1782 1181 undecimam,
1813 1123 1907 1170 dux
1942 1124 2075 1172 misit

295 1207 536 1250 tormenta
573 1219 660 1250 sua
700 1219 789 1267 per
830 1208 1063 1252 carrettas
1104 1206 1338 1253 tredecim
1380 1222 1466 1269 per
1513 1187 1873 1270 Transtyberim
1912 1223 2076 1255 versus

292 1285 554 1334 Tiburtum.
597 1286 741 1334 Solvit
780 1288 980 1335 ducatos
1027 1292 1267 1336 trecentos
1308 1293 1355 1337 et
1408 1289 1756 1352 quinquaginta
1790 1295 1837 1337 et
1881 1290 2076 1338 fuerunt

292 1369 531 1417 associata
554 1386 582 1417 a
612 1370 843 1418 trecentis
871 1371 943 1418 vel
975 1371 1105 1418 circa
1129 1372 1371 1434 peditibus
1408 1377 1578 1436 gentes
1613 1372 1804 1436 collegii
1829 1376 1877 1421 et
1899 1376 2075 1421 Roma—

201 1442 214 1446 *
275 1467 497 1501 snorum:
529 1451 728 1500 fuerunt
755 1457 852 1501 tres
884 1454 1152 1501 bombarde
1185 1470 1351 1517 grosse
1388 1459 1432 1502 et
1456 1455 1548 1502 due
1588 1455 1859 1503 mediocres
1891 1459 1938 1503 et
1963 1459 2073 1504 octo

293 1534 527 1594 minores,
558 1535 732 1582 deinde
761 1537 857 1582 dux
878 1536 1006 1583 misit
1042 1541 1150 1583 ante
1174 1538 1428 1599 guardiam
1457 1554 1549 1600 que
1582 1538 1661 1586 ivit
1683 1555 1850 1586 versus
1874 1544 2073 1602 pontem

291 1618 502 1665 Milvium
530 1618 709 1666 ibidem
748 1624 1041 1682 expectare:
1085 1623 1278 1667 centum
1310 1623 1357 1666 et
1384 1620 1508 1667 ultra
1546 1620 1698 1667 saline
1736 1621 1954 1668 exierunt
1985 1638 2074 1684 per

294 1701 517 1749 eamdem
551 1707 743 1764 portam
770 1718 933 1749 versus
964 1705 1182 1749 montem
1212 1703 1420 1750 Marium
1463 1719 1582 1766 quas
1616 1707 1849 1766 sequutus
1882 1709 1955 1751 est
1979 1704 2076 1751 dux

295 1783 460 1832 exiens
500 1800 586 1847 per
629 1790 815 1848 portam
856 1784 1026 1844 Vinee,
1070 1788 1204 1832 extra
1241 1789 1428 1848 portam
1472 1785 1713 1844 viridarii,
1762 1789 1980 1849 portatus
2026 1786 2074 1833 in

296 1868 463 1914 sbarra
499 1867 548 1915 in
580 1867 705 1915 lecto
744 1884 771 1915 a
810 1868 1064 1916 duodecim
1107 1868 1447 1928 alabarderiis3
1495 1873 1725 1932 cooperta
1767 1872 1870 1917 erat
1910 1869 2076 1917 sbarra

291 1966 450 2014 panno
478 1951 642 1999 rubeo.
670 1951 949 1999 Ducebatur
973 1956 1081 2014 post
1116 1967 1226 1998 eum
1258 1967 1407 2014 equus
1432 1952 1786 2015 pulcherrimus
1812 1968 1922 2001 cum
1958 1967 2074 2001 coo-

294 2037 435 2097 perta
463 2034 631 2080 velluti
671 2034 794 2097 nigri
834 2049 944 2081 cum
988 2034 1188 2097 insignis
1223 2038 1270 2081 et
1307 2049 1487 2082 corona
1522 2035 1674 2091 ducis,
1722 2035 1797 2082 cui
1836 2035 2078 2083 insidebat

296 2132 430 2179 puer.
466 2116 729 2164 Cardinalis
764 2117 1019 2164 Cesarinus
1056 2117 1325 2180 expectavit
1354 2120 1487 2165 extra
1511 2120 1700 2180 portam
1733 2117 2004 2181 predictam
2031 2122 2077 2165 et

294 2199 441 2247 voluit
462 2199 505 2246 ei
526 2199 654 2261 loqui
676 2217 683 2246 :
711 2215 997 2262 responsum
1017 2200 1060 2248 ei
1086 2199 1175 2247 fuit
1201 2200 1329 2263 quod
1354 2199 1448 2247 dux
1472 2215 1569 2247 non
1591 2200 1727 2247 daret
1752 2200 2071 2257 audientiam;

298 2298 394 2346 qua
431 2282 518 2330 sibi
554 2289 746 2346 negata,
787 2283 935 2330 rediit
972 2284 1033 2330 ad
1075 2283 1270 2331 Urbem.
1306 2286 1515 2346 Prosper
1543 2283 1777 2331 Columna
1813 2283 2077 2347 expectavit

297 2369 432 2414 extra
466 2369 655 2429 portam
680 2367 738 2414 de
772 2367 973 2430 Populo,
1012 2366 1124 2429 quia
1148 2366 1382 2414 credebat
1411 2366 1584 2414 ducem
1619 2366 1824 2414 transire
1850 2382 1937 2430 per
1960 2382 2076 2430 pon-

296 2452 396 2497 tem
421 2449 632 2497 Milvium
660 2466 716 2497 ex
739 2450 889 2513 pratis
917 2453 967 2497 ut
1002 2466 1112 2497 eum
1148 2450 1411 2498 associaret
1435 2449 1710 2508 Tiburtum3
1740 2449 1817 2498 cui
1844 2450 1940 2497 dux
1962 2449 2077 2498 fec-it

295 2532 524 2581 nunciare
550 2534 679 2596 quod
705 2548 801 2581 non
823 2533 1141 2596 pertransiret
1163 2536 1360 2596 pontem
1390 2533 1607 2594 Milvium·
1630 2549 1686 2580 ex
1712 2533 1884 2597 pratis,
1921 2532 2004 2580 sed
2029 2532 2077 2581 in

296 2631 354 2664 eo
380 2620 673 2680 expectaret.
695 2616 886 2664 Dictum
903 2616 989 2663 suit
1008 2617 1067 2663 ab
1085 2616 1188 2664 aliis
1208 2616 1245 2663 si
1266 2619 1476 2679 Prosper
1498 2615 1839 2679 pertransisset
1855 2618 2072 2680 pontem,

295 2698 460 2747 suisset
481 2699 693 2748 elevatus
719 2715 840 2763 pons
866 2703 913 2748 et
936 2699 1039 2763 ipse
1067 2704 1236 2763 captus
1263 2715 1290 2746 a
1312 2699 1473 2746 Gallis.
1499 2701 1606 2746 Dux
1632 2698 1821 2762 accepit
1842 2698 1967 2747 viam
1991 2713 2078 2761 per

296 2786 512 2831 montem
537 2783 753 2847 'Marium
786 2799 953 2830 versus
987 2785 1118 2846 Nepe
1149 2798 1244 2845 quo
1280 2786 1385 2830 erat
1419 2781 1502 2829 illa
1538 2782 1615 2830 die
1646 2782 1824 2840 iturus;
1857 2782 1986 2844 quod
2014 2779 2076 2828 vi-

296 2865 467 2914 dentes
495 2869 664 2930 gentes
690 2881 774 2914 sue
800 2866 927 2929 apud
947 2869 1146 2929 pontem
1177 2865 1409 2924 Milvium,
1439 2869 1733 2928 acceperunt
1762 2864 1885 2912 viam
1907 2879 2073 2911 versus

297 2949 485 3011 Aquam
500 2952 782 2997 Traversam
799 2954 844 2997 et
863 2949 1221 2997 associaverunt
1238 2964 1287 2996 se
1302 2946 1429 2995 duci.
1456 2950 1678 3011 Prosper,
1702 2947 1794 2994 hoc
1808 2945 2073 3003 intellecto,

297 3031 438 3080 rediit
459 3031 519 3079 ad
545 3032 724 3079 Urbem
754 3032 882 3080 circa
905 3032 1074 3079 horam
1100 3046 1431 3095 vesperarum.
1454 3029 1707 3077 Tredecim
1729 3033 1913 3076 carrete
1941 3028 2073 3076 artil-

294 3113 410 3161 larie
435 3114 627 3161 fuerunt
648 3115 845 3162 reducte
872 3115 932 3162 ad
953 3115 1130 3163 Urbem
1155 3119 1201 3162 et
1226 3114 1447 3161 restitute
1473 3115 1629 3159 castro
1658 3128 1742 3158 seu
1767 3111 1963 3174 palatio.

362 3197 545 3244 Eadem
578 3197 672 3256 die,
710 3197 833 3244 hora
871 3211 1197 3260 vesperarum,
1225 3194 1491 3261 cardinalis
1523 3210 1561 3242 s.
1591 3193 1803 3242 Severini
1842 3197 2071 3257 sequutus

295 3283 367 3327 est
391 3280 584 3328 ducem.

360 3362 445 3411 Die
473 3363 736 3419 dominica,
770 3366 795 3411 3
827 3362 1130 3426 septembriS,
1159 3362 1246 3410 fuit
1279 3360 1589 3424 congregatio
1623 3361 1672 3408 iu
1694 3362 1840 3410 domo
1868 3362 1924 3411 D.
1955 3361 2074 3408 Nea-

294 3446 492 3509 politani
517 3447 597 3511 qui
624 3447 737 3497 fecit
763 3445 958 3510 pulsare
989 3461 1273 3510 campanam
1306 3459 1442 3493 suam
1465 3448 1519 3510 *et
1548 3444 1765 3493 interfuit
1799 3460 1909 3494 cum
1938 3458 2072 3492 man-
