2228 3938
174 341 383 382 [Decembre
405 341 497 381 1503]
631 338 798 376 RERUM
830 336 1131 375 URBANARUM
1165 335 1518 375 COMMENTARII.
1892 337 1963 375 227

178 441 400 502 diaconi;
432 441 514 506 qui
537 457 707 490 omnes
733 441 963 489 sederunt
987 437 1036 486 in
1070 454 1166 487 uno
1194 439 1352 488 banco
1377 439 1438 487 ad
1465 439 1710 488 sinistram
1735 439 1960 489 intrantis

177 543 265 588 per
284 526 461 576 ostium
492 524 759 590 principale
786 522 963 571 dictam
988 522 1242 586 capellam.
1275 525 1479 587 Propter
1512 523 1752 572 fenestras
1780 525 1841 572 ab
1865 525 1962 572 alia

175 616 316 675 parte
355 609 619 658 existentes
653 607 890 672 antiquas,
925 606 1086 655 socius
1120 622 1258 654 meus
1295 606 1409 656 fecit
1445 608 1637 656 extendi
1674 625 1859 672 pannos
1900 608 1959 658 de

175 694 331 743 rascia
353 712 362 752 ;
389 709 587 742 scamna
603 707 690 756 pro
710 690 908 756 prelatis
929 689 1088 754 posita
1107 690 1307 738 fuerunt
1329 693 1438 754 post
1459 692 1729 755 predictum
1749 688 1959 742 banCum

165 781 383 842 ‚quatuor
405 776 720 826 cardinalium
743 773 1140 823 interessentium
1166 790 1253 838 per
1275 774 1475 839 longum
1502 776 1703 839 capelle.
1734 779 1787 824 ln
1806 793 1960 841 oppo-

175 862 268 910 sito
291 861 592 926 prelatorum
621 861 861 909 steterunt
885 862 1113 907 cantores
1140 873 1225 906 sex
1246 861 1465 907 tantum:
1496 858 1741 908 intorticia
1764 861 1960 909 fuerunt

173 943 221 992 in
249 945 380 994 dicta
404 943 622 1010 [capella]
650 942 807 1008 posita
831 958 976 1006 super
1007 938 1091 990 sex
1122 941 1428 990 candelabris
1459 942 1586 1002 altis,
1620 943 1840 993 videlicet
1866 944 1959 993 tria

168 1028 308 1092 juxta
341 1028 502 1076 locum
534 1030 818 1085 cantorum;
855 1025 949 1074 alia
980 1041 1115 1073 more
1148 1025 1307 1073 solito.
1345 1027 1446 1089 Ego
1484 1041 1580 1073 non
1617 1025 1836 1086 interfui,
1873 1028 1959 1075 sed

175 1111 334 1160 socius
355 1127 492 1161 meus
516 1111 599 1175 qui
622 1109 833 1159 cantavit
853 1109 1114 1158 secundam
1133 1107 1348 1167 missam,
1374 1112 1420 1156 et
1439 1109 1533 1156 hec
1554 1109 1674 1157 mihi
1697 1111 1857 1159 retulit
1874 1110 1954 1176 (1).

984 1594 1137 1641 MD111

237 1860 378 1910 Anno
403 1879 432 1911 a
451 1862 699 1912 nativitate
725 1858 921 1912 Domini
941 1866 1115 1924 MDIII,
1139 1864 1402 1914 indictione
1431 1867 1580 1923 sexta,
1611 1864 1690 1912 die
1712 1864 1959 1912 dominica

181 1947 240 1993 25
265 1945 382 1994 dicti
414 1945 596 1994 mensis
618 1946 913 2007 decembris,
948 1947 1070 1995 festo
1102 1947 1365 1997 nativitatis
1391 1946 1642 1996 salvatoris
1666 1946 1820 1995 nostri
1844 1949 1957 1995 Jesu

175 2027 381 2087 Christi,
424 2031 591 2077 Rmus.
634 2031 689 2078 D.
735 2030 1000 2078 cardinalis
1043 2033 1412 2079 Beneventanus
1451 2029 1718 2079 celebravit
1756 2029 1956 2078 missam

173 2109 443 2160 solemnem
461 2111 510 2159 in
526 2112 727 2161 basilica
740 2113 972 2177 principis
985 2114 1315 2179 apostolorum
1331 2114 1390 2162 de
1407 2114 1552 2174 Urbe,
1575 2112 1706 2178 Papa
1723 2113 1923 2162 absente
1943 2128 1952 2161 ε

173 2209 271 2242 non
294 2194 380 2243 fuit
403 2211 583 2256 sermo,
613 2196 708 2245 alia
731 2212 867 2246 more
890 2197 1049 2247 solito.

240 2278 354 2326 Post
374 2279 631 2342 prandium
667 2280 858 2330 iverunt
881 2280 941 2330 ad
973 2282 1183 2346 plateam
1205 2300 1244 2331 s,
1279 2282 1412 2331 Petri
1434 2281 1631 2346 triginta
1662 2279 1957 2329 mascherati

172 2359 409 2410 habentes
430 2362 575 2411 nasos
595 2363 768 2428 longos
790 2368 838 2413 et
858 2380 1058 2429 grossos
1078 2366 1127 2414 in
1148 2366 1355 2415 formam
1381 2365 1659 2430 priaporum
1682 2363 1777 2412 sive
1798 2379 1955 2412 mem-

174 2441 371 2493 brorum
392 2444 609 2494 virilium
632 2447 680 2495 in
701 2464 881 2513 magna
910 2450 1193 2513 quantitate,
1222 2448 1514 2514 precedente
1540 2448 1707 2497 valisia
1727 2448 1956 2497 cardina-

172 2524 261 2576 lari
282 2526 492 2577 habente
513 2535 703 2578 scutum
720 2546 831 2580 cum
847 2531 998 2581 tribus
1019 2534 1211 2593 taxillis,
1230 2550 1374 2597 quam
1392 2534 1721 2597 sequebantur
1738 2528 1956 2580 scutiferi

176 2614 224 2659 et
244 2609 351 2659 illos
372 2608 596 2671 mallerii,
622 2614 732 2677 post
756 2628 877 2676 quos
905 2615 1133 2678 equitavit
1155 2633 1278 2664 unus
1299 2617 1348 2664 in
1371 2617 1504 2664 veste
1527 2616 1675 2679 longa
1702 2619 1749 2663 et
1770 2615 1955 2679 capello

175 2694 376 2758 antiquo
413 2695 699 2743 cardinalari
731 2711 741 2743 :
777 2696 923 2745 etiam
955 2698 1163 2746 mallerii
1195 2699 1476 2763 equitabant
1511 2698 1694 2756 asinos,
1728 2701 1777 2745 et
1809 2697 1955 2761 aliqui

175 2793 345 2826 eorum
367 2782 467 2826 tam
488 2794 663 2842 parvos
684 2780 813 2843 quod
837 2781 1040 2844 pedihus
1065 2798 1235 2831 eorum
1256 2787 1437 2831 terram
1460 2781 1723 2846 tangebant
1744 2783 1792 2828 et
1811 2781 1956 2828 simul

176 2876 290 2910 cum
310 2851 460 2910 'asinis
479 2862 809 2923 ambulabant,
833 2864 926 2912 illis
947 2865 1231 2915 insidentes.
1251 2865 1592 2914 Ascenderunt
1613 2863 1673 2912 ad
1696 2863 1956 2928 plateolam

174 2943 303 2993 inter
326 2950 521 3010 portam
557 2946 722 3010 palatii
757 2951 804 2996 et
844 2948 1141 2998 audientiam
1172 2950 1252 2998 ubi
1287 2949 1605 2999 ostenderunt
1633 2965 1683 2996 se
1720 2950 1846 3011 Pape
1875 2947 1955 3010 qui

174 3032 276 3078 erat
297 3028 346 3076 in
368 3029 586 3078 fenestra
618 3047 763 3095 supra
783 3036 974 3096 portam
1010 3033 1059 3082 in
1091 3031 1224 3099 logia
1246 3034 1476 3092 Paulina3
1506 3032 1681 3081 deinde
1710 3031 1957 3094 equitave-

174 3113 281 3161 r'unt
302 3129 390 3177 per
410 3114 567 3162 totam
584 3114 780 3163 Urbem2

223 3289 256 3325 1.
283 3289 333 3327 Le
351 3303 441 3330 mss.
470 3294 578 3342 5522,
599 3288 626 3322 t.
664 3282 725 3335 IV,
746 3281 809 3329 fol.
832 3287 900 3330 450
928 3304 962 3329 v.
993 3291 1140 3329 s'arrete
1172 3291 1218 3328 ici
1238 3295 1275 3328 et.
1300 3289 1420 3327 donne
1447 3289 1604 3334 ensuite,
1642 3286 1691 3324 du
1721 3286 1782 3324 fol.
1811 3285 1875 3322 451
1910 3295 1957 3321 au

170 3343 202 3386 f.
222 3350 305 3396 477,
327 3350 380 3388 les
392 3352 515 3391 lettres
534 3356 583 3392 du
601 3366 696 3405 pape
715 3356 737 3391 ὲ.
759 3352 997 3396 Savonarole,
1012 3352 1177 3400 publices
1196 3352 1288 3388 dans
1309 3351 1381 3388 let.
1400 3351 1431 3386 II
1454 3350 1497 3386 de
1518 3353 1612 3386 cette
1633 3347 1782 3384 edition.
1803 3346 1896 3382 Tout
1915 3356 1957 3381 ce

171 3402 235 3456 qui
267 3403 341 3447 suit.
360 3419 518 3461 manque·
538 3415 631 3452 dans
652 3414 684 3452 le
705 3425 794 3451 mSS.
813 3413 966 3457 552243
986 3411 1082 3448 mais
1101 3415 1158 3448 est
1177 3411 1298 3448 donne
1319 3411 1411 3463 dans
1435 3409 1488 3445 les
1509 3419 1598 3445 mss.
1619 3406 1729 3454 Chigi
1754 3410 1791 3443 et
1802 3404 1956 3453 Maglia⁴

172 3465 300 3509 becehi
319 3473 410 3510 dont
427 3467 462 3510 le
480 3464 580 3511 texte
599 3475 656 3511 est
680 3473 726 3510 ici
746 3462 959 3520 reproduit.'
