2202 3918
0 3381 10 3458 ὲ

91 407 200 450 [Mars
221 407 316 447 15⁰5]
549 403 721 442 RERUM
755 401 1056 442 URBANARUM
1089 400 1440 440 COMMENTARII.
1804 399 1876 436 379

94 514 143 560 et
167 510 419 569 Columna,
446 509 631 558 familia
648 512 798 572 Pape,
821 506 1068 555 auditores
1093 508 1197 554 rote
1220 509 1268 553 et
1291 505 1372 553 alii
1387 505 1559 569 prelati
1577 521 1587 565 ;
1604 504 1873 555 orationem

95 595 213 644 fecit
237 597 294 642 D.
322 594 517 643 Phedra
541 592 805 642 canonicus
826 591 1184 639 Lateranensis.

160 678 276 726 Heri
302 677 497 725 intravit
523 676 703 725 Urbem
727 677 975 733 Erasmus,
1006 673 1263 739 episcopus
1294 673 1563 732 PlocensiS,
1588 671 1873 723 Victorinus

93 762 151 808 de
170 763 347 819 Senno,
369 738 575 809 miles'et
595 761 734 817 baro,
757 761 806 806 et
826 760 882 805 D.
905 758 1129 806 Nicolaus
1148 758 1422 822 prepositus
1441 755 1869 815 WratislaviensiS,

93 847 315 893 oratores
340 843 601 892 Alexandri
622 842 753 906 regis
777 841 1078 890 serenissimi
1104 841 1303 890 Polonie
1324 856 1412 905 pro
1434 840 1714 888 obedientia
1738 854 1874 903 pres-

91 929 241 976 tanda
263 928 417 976 missi.
440 928 723 976 Habuerunt
747 926 1004 990 episcopus
1029 941 1179 989 equos
1212 925 1414 989 triginta
1434 939 1536 983 sex,
1556 924 1675 971 baro
1701 924 1872 972 decem

92 1015 139 1060 et
159 1028 350 1071 novem,
375 1011 517 1059 miles
539 1010 816 1070 duodecim,
845 1013 956 1058 octo
981 1010 1143 1057 salmis
1167 1009 1562 1074 precedentibus,
1592 1007 1734 1055 mulis
1759 1008 1873 1055 sub-

92 1095 423 1159 sequentibuS,
450 1095 584 1159 equis
609 1094 769 1143 vacuis
807 1094 888 1158 qui
927 1094 1102 1142 salmas
1136 1109 1224 1158 per
1241 1093 1368 1141 viam
1391 1094 1667 1156 portarunt,
1694 1091 1871 1152 deinde

91 1195 173 1227 sex
196 1179 372 1238 vestiti,
396 1181 449 1227 ut
469 1181 642 1238 Turce,
661 1177 986 1242 pulcherrime
1011 1177 1186 1225 ornati.
1207 1179 1327 1225 Item
1347 1176 1428 1224 alii
1444 1175 1659 1223 scutiferi
1676 1190 1867 1234 eorum,

91 1278 260 1312 omnes
285 1263 442 1322 rubei,
478 1263 553 1311 vel
584 1262 738 1326 quasi,
770 1278 881 1310 cum
915 1261 1104 1326 magnis
1133 1261 1207 1310 vel
1235 1260 1450 1324 pulchris
1479 1259 1652 1323 pannis
1686 1259 1736 1307 in
1756 1273 1872 1322 pec-

89 1349 218 1405 tore;
246 1362 392 1411 super
415 1362 563 1395 manu
601 1350 647 1394 et
689 1362 838 1410 super
871 1345 1059 1409 capillis
1099 1347 1147 1393 et
1182 1344 1353 1393 biretis
1389 1343 1607 1392 monilia.
1640 1342 1868 1400 Mediate,

89 1431 202 1478 ante
221 1434 443 1478 oratores
468 1429 699 1493 equitavit
720 1445 845 1477 unus
875 1445 1051 1493 parvus
1083 1444 1231 1476 senex
1257 1427 1338 1491 qui
1371 1443 1483 1475 cum
1515 1426 1620 1489 ipso
1646 1426 1874 1489 episcopo
1905 1411 1909 1415 ’

89 1518 203 1562 tunc
227 1513 563 1577 protonotario
589 1513 680 1561 fuit
703 1513 753 1560 in
779 1514 927 1572 Urbe,
963 1513 1011 1560 in
1044 1512 1243 1576 parvulo
1277 1527 1422 1575 equo,
1447 1511 1573 1558 bene
1597 1509 1799 1558 vestitus
1825 1511 1874 1556 et

89 1599 304 1644 ornatus.
332 1598 585 1646 Venerunt
610 1596 680 1644 eis
704 1596 895 1644 obviam
914 1611 1084 1644 omnes
1108 1595 1290 1643 familie
1311 1597 1439 1658 Pape
1459 1597 1506 1641 et
1522 1591 1870 1650 cardinalium;

93 1679 431 1742 equitaverunt
454 1695 541 1743 per
562 1683 755 1742 portam
779 1678 1023 1729 Viridarii.
1050 1678 1317 1741 Episcopus
1346 1676 1575 1740 equitavit
1606 1675 1735 1724 inter
1762 1690 1875 1739 pre-

102 1761 284 1810 fectum
330 1762 474 1810 Urbis
507 1778 536 1810 a
569 1761 750 1810 dextris
786 1765 834 1810 et
873 1761 1252 1825 gubernatorem
1290 1777 1318 1809 a
1359 1759 1593 1818 sinistris;
1632 1759 1715 1807 alii
1751 1758 1878 1807 inter

90 1845 215 1893 alios
238 1845 455 1909 prelatos
480 1849 528 1894 et
551 1848 770 1894 oratores
794 1845 1021 1894 associati
1042 1845 1238 1892 fuerunt
1265 1845 1326 1892 ad
1350 1844 1551 1891 domum'
1568 1843 1627 1891 de
1653 1842 1873 1890 Maximis

91 1928 141 1975 in
166 1944 262 1991 qua
282 1928 372 1976 fuit
407 1928 679 1992 hospitatus
719 1929 976 1993 episcopus
1002 1945 1013 1976 :
1045 1928 1172 1975 unde
1196 1927 1554 1976 descenderunt
1577 1941 1748 1974 omnes
1771 1925 1867 1985 alii,

91 2010 266 2060 deinde
288 2011 625 2075 equitaverunt
643 2012 705 2060 ad
728 2028 816 2060 sua
839 2012 1070 2075 hospitia.

156 2095 410 2144 Dominica
447 2095 636 2155 Letare,
679 2101 854 2160 quarta
890 2094 1285 2159 quadragesime,
1325 2097 1352 2142 2
1387 2093 1566 2154 martii,
1609 2092 1869 2141 cardinalis

88 2178 330 2227 Adrianus
380 2179 640 2228 celebravit
682 2180 891 2243 publice,
929 2183 1059 2243 Papa
1094 2195 1191 2228 non
1234 2182 1477 2242 presente,
1522 2177 1599 2225 cui
1641 2177 1751 2224 heri
1796 2176 1872 2225 vel

82 2262 280 2310 'veneris
304 2262 436 2311 venit
456 2264 691 2328 podagra,
718 2263 793 2312 vel
814 2264 906 2312 alie
926 2263 1252 2322 infirmitates,
1281 2266 1329 2311 et
1350 2262 1444 2310 hec
1470 2261 1562 2309 fuit
1585 2260 1744 2324 prima
1766 2276 1872 2324 pre-

89 2345 204 2395 dicti
245 2346 524 2396 cardinalis.
565 2350 623 2395 D.
668 2347 1010 2406 Bernardinus,
1048 2346 1164 2395 olim
1197 2345 1429 2409 magister
1457 2344 1863 2402 ceremoniarum,

89 2428 203 2478 fecit
225 2428 319 2477 hoc
345 2445 488 2478 mane
513 2432 709 2493 portare
739 2446 902 2478 rosam
927 2433 1067 2478 extra
1091 2445 1336 2478 cameram
1360 2432 1488 2493 Pape
1511 2431 1560 2476 et
1585 2428 1699 2492 poni
1725 2444 1871 2491 super

90 2512 241 2561 altare
266 2518 377 2561 ante
408 2513 666 2562 adventum
704 2514 1045 2573 cardinalium,
1080 2513 1257 2561 deinde
1286 2513 1455 2577 reponi
1487 2528 1596 2561 eam
1622 2517 1732 2576 post
1759 2511 1872 2560 mis-

90 2610 192 2644 sam
220 2595 270 2643 in
303 2596 540 2655 sacristia,
570 2600 734 2660 preter
763 2596 914 2644 bonas
951 2596 1272 2655 ceremonias,
1311 2596 1442 2659 quia,
1482 2598 1614 2659 Papa
1647 2595 1866 2654 absente,

89 2695 187 2727 non
231 2680 377 2727 debet
411 2680 560 2728 videri
612 2684 754 2744 atque
795 2695 1048 2744 apparere.
1093 2681 1380 2728 Sermonem
1422 2679 1537 2728 fecit
1581 2682 1870 2742 procurator

92 2762 275 2810 ordinis
298 2763 678 2811 carmelitarum.
710 2766 823 2811 Post
846 2763 1102 2826 prandium
1124 2762 1173 2810 in
1197 2762 1376 2826 palatio
1405 2761 1687 2826 apostolico,
1713 2762 1869 2824 ponti-

90 2845 237 2893 ficum
273 2846 322 2894 in
353 2847 460 2894 aula
492 2847 690 2895 fuerunt
721 2846 967 2895 celebrata
993 2846 1240 2911 sponsalia
1270 2862 1354 2894 seu
1387 2848 1669 2894 contractus
1698 2845 1868 2893 matri-

90 2929 240 2976 monii
269 2929 398 2978 inter
435 2933 493 2978 D.
528 2930 842 2978 Franciscum
872 2930 1076 2978 Mariam
1108 2930 1167 2978 de
1201 2933 1375 2988 Ruere,
1406 2930 1678 2993 prefectum
1704 2928 1863 2988 Urbis,

87 3018 314 3076 nepotem
337 3016 481 3077 Pape,
508 3017 557 3063 et
586 3014 874 3073 Leonoram,
909 3014 1061 3061 filiam
1087 3013 1386 3062 marchionis
1419 3013 1688 3071 Mantuani,
1728 3013 1866 3075 cujus

89 3101 373 3159 procurator
395 3101 500 3145 erat
520 3098 806 3161 Magnificus
836 3100 893 3145 D.
925 3098 1173 3146 Johannes
1207 3098 1266 3146 de
1296 3100 1537 3162 Gonzaga,
1562 3097 1715 3144 frater
1734 3111 1865 3144 mar-

91 3179 279 3226 chionis
300 3181 570 3240 Mantuani;
603 3182 821 3230 notarius
847 3185 1152 3231 contractum
1178 3181 1294 3230 fecit
1321 3184 1377 3230 D.
1410 3181 1639 3231 Camillus
1671 3179 1865 3228 Benim-

90 3262 231 3321 bene,
273 3265 517 3312 Romanus
552 3265 631 3330 (1).
668 3265 1004 3315 Interfuerunt
1047 3266 1184 3330 quasi
1233 3281 1403 3314 omnes
1445 3264 1712 3314 cardinales
1759 3264 1864 3311 Itali

91 3349 256 3407 preter
289 3346 503 3394 Medices
538 3351 587 3395 et
628 3349 931 3408 Cesarinum;
980 3365 1079 3397 non
1112 3348 1449 3398 Ulixbonensis
1488 3363 1645 3410 neque
1689 3346 1863 3410 aliquis

139 3470 176 3506 1.
205 3483 224 3502 «
313 3473 349 3506 et
380 3469 575 3507 Clomanus
609 3471 781 3509 Camillus
806 3472 852 3509 de
876 3472 970 3508 bene
1001 3471 1038 3508 in
1065 3472 1159 3509 bene
1184 3474 1264 3518 (sic)
1292 3469 1586 3519 cognominatus,
1619 3469 1710 3506 civis
1734 3469 1866 3507 Roma—

91 3537 174 3563 nus.
197 3542 215 3560 »
236 3528 280 3564 P.
308 3528 353 3563 de
373 3528 533 3572 Grassis,
553 3529 579 3569 f.
600 3531 680 3566 130.
