2202 3918
308 338 376 373 344
920 333 1152 371 JOHANNIS
1186 334 1479 380 BURCHARDI,
1858 338 1968 379 [Avril
1989 340 2085 382 1504]

307 438 426 487 feria
441 440 665 486 currente
692 452 803 484 cum
827 436 1292 484 commemoratione
1311 437 1368 484 de
1391 437 1532 485 beate
1547 437 1746 501 Virgine
1766 443 1813 486 et
1830 454 1916 502 pro
1932 442 2079 504 Papa.

306 524 359 569 In
390 520 587 567 introitu
618 506 842 578 ecclesie,
876 519 1109 567 Ascanius
1143 521 1317 568 obtulit
1347 522 1475 583 Pape
1505 535 1703 568 crucem
1739 521 2080 581 osculandam;

306 603 478 651 deinde
511 605 640 666 Papa
671 601 848 650 obtulit
877 601 1130 650 incensum
1167 603 1216 650 in
1243 603 1464 652 navicula
1498 618 1589 666 pro
1625 603 1834 651 Ascanio
1864 604 1944 667 qui
1974 619 2085 652 eum

302 685 591 739 incensavit,
641 685 815 733 deinde
859 684 991 732 dedit
1030 685 1075 732 ei
1117 686 1447 750 aspersorium
1491 689 1540 734 et
1588 688 1719 749 Papa
1759 686 1964 750 aspersit
2005 702 2084 735 se,

305 769 499 816 demum
524 768 661 826 alios,
693 767 953 830 genuflexit
973 767 1021 814 in
1043 772 1214 831 parato
1240 769 1507 817 faldistorio
1535 774 1646 816 ante
1674 769 1825 817 altare
1857 774 1903 817 et
1924 786 2086 818 versus

304 852 363 898 ad
393 867 590 899 crucem
627 866 780 909 suam,
823 851 980 914 capite
1018 851 1227 911 detecto,
1268 852 1517 900 benedixit
1552 852 1748 916 populo,
1782 853 1884 899 sine
1922 856 2082 910 cantu,

305 934 472 981 dicens
495 952 503 981 :
528 933 606 1000 Sit
636 949 805 980 nomen
832 933 1032 980 Domini
1059 934 1375 988 benediclum;
1398 940 1445 983 et
1476 935 1651 983 iterum
1682 935 1898 982 osculato
1927 935 2082 994 altari,

304 1016 475 1064 obtulit
504 1033 591 1079 pro
617 1032 674 1064 eo
702 1032 849 1080 super
870 1031 927 1064 eo
951 1019 1006 1064 D.
1034 1017 1250 1064 Julianus
1275 1018 1408 1077 Cibo,
1436 1018 1757 1066 cubicularius
1782 1034 1915 1077 suus,
1940 1018 2088 1065 duca-

303 1104 378 1148 tos
418 1099 587 1147 decem
622 1099 670 1146 in
703 1115 840 1146 auro.
864 1099 1109 1147 ‘Ascendit
1144 1116 1338 1162 equum,
1383 1104 1430 1148 et
1468 1105 1597 1148 recta
1635 1101 1724 1159 via,
1765 1101 1991 1164 equitavit
2027 1101 2088 1148 ad

304 1199 342 1230 s,
381 1185 578 1230 Petrum
615 1198 703 1246 per
736 1183 933 1230 domum
965 1185 1297 1231 Parmensem.
1343 1184 1620 1231 Cardinales
1659 1185 1941 1246 equitarunt
1979 1188 2088 1247 post

304 1268 485 1329 Papam
517 1265 796 1313 immediate
829 1271 937 1328 post
970 1254 1189 1313 crucem:
1229 1267 1274 1312 in
1313 1266 1512 1314 introitu
1547 1267 1726 1330 pontis,
1764 1267 1908 1315 vertit
1944 1282 1994 1314 se
2026 1267 2087 1314 ad

304 1348 571 1395 cardinales
608 1352 654 1395 et
681 1348 815 1396 dedit
839 1348 908 1395 eis
939 1349 1329 1396 benedictionem
1359 1352 1405 1396 et
1436 1349 1685 1397 licentiam
1717 1350 1847 1412 quod
1871 1350 2086 1398 redirent

303 1431 505 1493 quisque
529 1431 726 1478 domum
750 1447 884 1478 suam
906 1448 914 1477 :
946 1431 1267 1478 interfuerunt
1290 1432 1457 1494 viginti
1482 1432 1690 1495 quinque
1718 1433 2005 1481 cardinales,

370 1513 623 1561 Dominica
652 1514 946 1576 palmorum,
980 1515 1149 1561 ultima
1179 1515 1360 1571 martii,
1398 1518 1524 1578 Papa
1555 1515 1797 1563 benedixit
1822 1516 2009 1578 palmas
2037 1515 2086 1563 in

305 1595 493 1659 capella
518 1596 690 1659 majori
719 1600 765 1643 et.
792 1596 1034 1643 distribuit
1062 1612 1141 1643 eas
1169 1612 1302 1644 more
1330 1597 1486 1644 solito.
1521 1599 1698 1645 Orator
1716 1600 1933 1646 Venetus
1956 1598 2087 1647 dedit

303 1694 477 1740 aquam
519 1678 741 1726 manibus
780 1681 941 1741 Pape;
985 1678 1245 1726 cardinalis
1286 1679 1537 1742 Regiensis
1578 1679 1835 1726 celebravit
1869 1680 2084 1739 missam,

305 1761 548 1823 prefectus
585 1762 725 1809 Urbis
758 1762 911 1809 tenuit
947 1762 1158 1825 palmam
1196 1777 1222 1809 a
1258 1762 1438 1809 dextris
1476 1766 1524 1810 et
1558 1765 1615 1810 D.
1654 1763 1895 1821 Nicolaus‚
1934 1763 2089 1811 frater

305 1844 562 1892 cardinalis
595 1862 632 1891 s.
675 1845 800 1893 Petri
838 1845 897 1892 ad
930 1845 1129 1894 Vincula
1173 1862 1200 1892 a
1240 1846 1474 1893 sinistris:
1518 1846 1751 1893 diaconus
1782 1846 1964 1910 capelle
1999 1846 2087 1894 sub

304 1942 422 1974 voce
454 1928 687 1991 evangelii
724 1932 771 1976 et
801 1929 896 1975 duo
932 1933 1152 1975 cantores
1187 1929 1384 1992 Hispani
1423 1929 1509 1976 sub
1532 1929 1640 1976 aliis
1669 1929 1892 1988 vocibuS,
1937 1934 1984 1978 et
2017 1929 2090 1977 bis

305 2015 556 2059 cantarunt
600 2012 762 2074 plures
807 2013 1082 2074 passionem
1129 2017 1178 2060 ut
1223 2013 1361 2059 annis
1403 2013 1763 2075 superioribus3
1808 2013 1902 2063 alia
1946 2028 2084 2061 more

305 2092 444 2139 solito
467 2093 548 2157 (1).

371 2175 456 2222 Die
492 2176 623 2235 lune,
663 2181 680 2223 1
720 2177 904 2240 aprilis,
941 2178 1162 2236 Jacobus,
1202 2178 1459 2241 episcopus
1493 2177 1787 2234 CaiacensiS,
1830 2179 2000 2235 Rome,
2034 2177 2084 2224 in

307 2258 527 2305 sacristia
546 2275 583 2306 s.
613 2260 857 2306 Laurentii
883 2259 931 2306 in
953 2262 1176 2320 Damaso,
1204 2261 1369 2323 vigore
1396 2259 1763 2323 supplicationis
1789 2276 1878 2322 per
1909 2261 1992 2307 SS.
2021 2262 2079 2307 D.

306 2344 520 2388 nostrum
563 2343 764 2405 signate,
801 2343 1035 2390 ordinavit
1071 2346 1263 2390 Rmum.
1303 2346 1358 2390 D.
1398 2342 1694 2390 cardinalem
1728 2358 1767 2389 s.
1808 2343 1997 2406 Georgii
2033 2343 2083 2390 in

305 2423 671 2488 presbyterum:
703 2425 918 2472 officium
945 2426 1125 2473 dictum
1152 2426 1240 2473 fuit
1262 2426 1319 2473 de
1342 2425 1466 2473 feria
1492 2428 1742 2473 currente.

374 2506 457 2553 Die
479 2507 668 2566 martis,
695 2511 721 2554 2
745 2508 927 2570 aprilis,
958 2511 1013 2555 D.
1041 2511 1224 2568 Petrus,
1251 2509 1506 2571 episcopus
1533 2509 2004 2571 Carpentoratensis,
2035 2512 2084 2558 in

305 2590 492 2655 capella
513 2590 684 2653 majori
710 2591 759 2636 in
779 2591 960 2653 palatio
983 2592 1111 2654 apud
1132 2607 1169 2639 s,
1195 2594 1389 2638 Petrum
1415 2607 1473 2637 ex
1499 2591 1844 2639 commissione
1869 2595 1916 2639 et
1936 2592 2085 2641 licen-

302 2675 370 2722 tia
392 2690 478 2737 per
502 2675 584 2721 SS.
611 2676 667 2720 D.
697 2677 934 2733 nostrum,
961 2675 1059 2722 vive
1080 2674 1205 2722 vocis
1231 2674 1447 2731 oraculo,
1479 2674 1779 2722 cardinalem
1804 2690 1841 2720 s.
1869 2675 1997 2722 Petri
2021 2677 2081 2723 ad

299 2757 520 2814 Vincula,
550 2772 625 2803 me
652 2760 896 2819 presente,
917 2757 1043 2816 data,
1070 2757 1303 2805 ordinavit
1322 2757 1547 2804 eumdem
1571 2757 1867 2804 cardinalem
1888 2758 1947 2804 ad
1971 2774 2082 2820 qua-

302 2846 412 2888 tuor
438 2840 673 2898 minores,
702 2839 1099 2900 subdiaconatus,
1131 2841 1415 2889 diaconatus
1446 2845 1492 2888 et
1521 2840 1881 2903 presbyteratus
1916 2855 2081 2887 sacros

302 2923 529 2970 ordines:
561 2922 707 2969 missa
735 2923 865 2970 dicta
892 2927 961 2970 cst
987 2925 1046 2970 de
1068 2924 1190 2970 seria
1211 2927 1453 2982 currente,
1480 2925 1660 2985 absque
1680 2921 1844 2984 aliqua
1863 2937 2078 2971 comme-

302 3006 595 3053 moratione.

368 3088 454 3135 Die
493 3088 747 3146 mercurii,
782 3091 806 3136 3
843 3089 1025 3150 aprilis,
1063 3091 1119 3135 D.
1154 3087 1419 3151 [Raphael],
1455 3087 1710 3150 episcopus
1743 3086 2077 3148 Melphitensis

304 3171 536 3218 ordinavit
566 3174 621 3218 D.
651 3171 983 3229 Franciscum,
1013 3171 1221 3218 electum
1254 3169 1625 3231 Melphitensem
1659 3168 1718 3215 ad
1748 3173 1957 3231 quatuor
1991 3170 2077 3217 mi-

303 3269 445 3301 nores
479 3252 693 3310 ordines,
729 3252 1122 3309 subdiaconatus,
1147 3252 1446 3310 diaconatus,
1474 3254 1519 3298 et
1551 3251 1829 3311 Antonium,
1868 3252 2075 3300 electum

349 3379 387 3414 1.
420 3378 468 3415 Ce
489 3379 718 3426 paragraphe
737 3382 792 3414 est
810 3376 901 3413 suivi
923 3376 966 3411 de
988 3376 1021 3411 la
1045 3375 1210 3422 listedes
1232 3375 1428 3412 cardinaux
1449 3355 1521 3410 ala
1532 3374 1613 3410 date
1634 3374 1682 3410 du
1693 3375 1739 3409 20
1754 3375 1944 3411 decembre
1961 3375 2066 3411 1504.

305 3437 406 3472 Celte
427 3437 522 3482 liste,
546 3440 758 3486 transposee
778 3437 868 3472 (lans
890 3435 940 3471 les
961 3446 1065 3479 mss„
1089 3438 1144 3470 est
1160 3435 1301 3470 donnee
1319 3434 1400 3482 plus
1421 3432 1489 3469 loin
1513 3435 1583 3469 asa
1603 3432 1704 3480 place
1725 3433 2023 3481 chronologique.
