2228 3938
160 304 367 362 [Decembre
389 316 482 359 15⁰2]
612 316 781 354 RERUM
808 312 1112 354 URBANARUM
1146 314 1497 356 COMMENTARH.
1876 316 1946 358 225

157 421 406 471 cardinale
434 437 472 468 S.
501 419 735 469 Severini.
764 421 870 468 Non
895 419 1007 468 fecit
1031 422 1549 470 commemorationem
1577 421 1637 468 de
1664 420 1874 469 adventu
1900 426 1947 470 et

159 507 300 555 bene.
330 505 515 555 Choru's
537 508 584 552 et
607 503 813 552 ecclesia
834 503 1025 550 fuerunt
1050 507 1222 567 parata
1246 509 1290 552 et
1315 504 1480 553 omnia
1504 509 1612 553 acta
1629 519 1765 552 more
1785 504 1941 553 solito.

226 589 367 638 Feria
388 592 571 652 quarta,
604 592 628 635 7
659 586 773 635 dicti
798 587 996 647 mensis,
1032 587 1079 635 id
1104 593 1178 637 est
1209 588 1378 637 eadem
1406 589 1500 649 die,
1531 592 1642 653 post
1669 588 1947 653 prandium,

162 673 358 721 intravit
396 688 484 736 per
518 676 709 736 portam
747 670 805 718 de
841 671 1043 734 Popu10‚
1083 672 1371 737 magnificus
1410 675 1464 721 D.
1502 673 1748 720 Johannes
1780 672 1948 722 Victo-

162 757 259 804 rius
285 757 344 804 de
371 754 634 813 Soderinis,
661 754 911 818 utriusque
928 755 1051 818 juris
1077 755 1262 815 doctor,
1293 756 1447 804 frater
1477 759 1533 804 D.
1564 756 1777 820 episcopi
1799 756 1948 806 Vola-

162 840 359 900 terrani,
401 840 567 888 orator
601 838 1011 898 Florentinorum‚
1049 839 1148 903 quI,
1186 840 1246 888 de
1280 841 1508 888 mandato
1541 843 1684 903 Pape,
1725 845 1948 904 receptus

162 923 248 971 fuit
274 927 320 971 et
344 922 612 971 associatus
639 938 667 970 a
684 921 878 969 familiis
904 922 1177 971 Sanctitatis
1204 940 1288 972 sue
1315 929 1361 973 et
1386 924 1603 972 omnium
1628 923 1948 971 cardinalium

164 1023 311 1071 usque
348 1007 409 1055 ad
445 1007 640 1054 domum
678 1005 887 1070 predicti
929 1008 985 1054 D.
1027 1006 1267 1071 episcopi,
1308 1007 1469 1056 fratris
1506 1007 1597 1067 sui,
1638 1011 1686 1054 et
1722 1006 1951 1070 equitavit

162 1091 349 1139 medius
369 1091 498 1139 inter
525 1090 905 1155 gubernatorem
946 1091 1084 1139 Urbis
1108 1095 1155 1139 et
1178 1091 1606 1156 archiepiscopum
1633 1091 1946 1155 Ragusinum.

229 1174 369 1224 Feria
391 1175 576 1238 quinta,
599 1177 626 1221 8
651 1173 766 1222 dicti
788 1174 987 1233 mensis,
1015 1174 1138 1223 festo
1164 1175 1496 1239 conceptionis
1515 1175 1655 1223 beate
1681 1174 1832 1222 Marie
1857 1174 1952 1221 vir—

166 1258 306 1322 ginis,
351 1257 727 1306 confraternitas
765 1258 986 1322 ejusdem
1023 1259 1164 1307 beate
1200 1259 1352 1307 Marie
1387 1258 1585 1322 virginis
1619 1257 1954 1321 conceptionis

165 1342 323 1405 parari
353 1340 467 1390 fecit
500 1340 756 1389 ecclesiam
795 1357 833 1388 s.
874 1342 1123 1390 Laurentii
1156 1343 1206 1390 in
1246 1345 1453 1391 Damaso
1489 1342 1660 1406 pannis
1698 1346 1745 1390 et
1782 1341 1949 1399 auleiS‚

166 1426 216 1473 in
255 1426 394 1490 cujus
433 1424 577 1473 altari
619 1425 806 1489 majore
844 1428 897 1473 R.
938 1427 989 1473 P.
1027 1428 1084 1474 D.
1122 1426 1349 1486 Jacobus,
1389 1426 1647 1490 episcopus
1682 1425 1955 1476 Caiacensis

179 1508 443 1558 celebravit
481 1509 678 1556 missam
716 1509 1000 1569 solemnem,
1039 1510 1424 1559 ministrantibus
1456 1510 1546 1557 sibi
1577 1510 1767 1558 duobus
1795 1510 1956 1573 capel-

166 1593 288 1641 lanis
331 1593 459 1641 dicte
494 1591 717 1641 ecclesie.
754 1593 1084 1642 Interfuerunt
1112 1597 1211 1642 tres
1247 1594 1536 1652 cardinales,
1570 1593 1794 1642 videlicet
1830 1593 1959 1642 Ursi-

168 1693 277 1735 nus,
314 1676 529 1723 Medices
561 1679 607 1723 et
635 1675 908 1724 Cesarinus.
946 1679 999 1724 In
1029 1677 1264 1741 principio
1298 1677 1461 1737 misse,
1492 1693 1590 1725 non
1621 1676 1710 1725 fuit
1742 1677 1959 1737 incensa-

170 1765 273 1809 tum'
303 1760 479 1819 altare,
515 1759 628 1823 quia
667 1775 766 1808 non
798 1765 901 1808 erat
943 1761 1008 1808 ibi
1045 1761 1169 1825 ignis
1211 1766 1442 1825 paratus;
1484 1765 1532 1810 et
1569 1761 1733 1809 omnia
1764 1761 1959 1809 fuerunt

170 1843 273 1891 sine
317 1843 504 1892 ordine.
562 1843 716 1892 Finita
756 1844 927 1902 missa,
976 1838 1233 1893 celebrans
1275 1845 1529 1909 episcopus
1573 1845 1622 1892 in
1665 1844 1959 1908 paramentis

172 1927 396 1976 omnibus
438 1918 715 1975 missalibus
752 1930 801 1975 et
842 1928 984 1976 mitra
1019 1929 1145 1976 sedit
1188 1929 1237 1975 in
1276 1927 1564 1983 faldistorio,
1606 1929 1746 1992 juxta
1784 1929 1955 1988 altare,

171 2011 219 2058 in
254 2010 362 2058 loco
401 2010 542 2057 solito
578 2014 767 2073 parato,
812 2015 859 2058 et
895 2011 1023 2060 venit
1060 2012 1358 2059 camerarius
1399 2012 1812 2061 confraternitatis
1850 2027 1961 2076 pre-

172 2094 298 2143 dicte
331 2110 443 2142 cum
474 2109 571 2142 uno
608 2094 750 2143 bacili
784 2099 1014 2159 argenteo
1049 2095 1097 2144 in
1127 2112 1222 2160 quo
1250 2100 1389 2145 erant
1424 2100 1630 2160 quatuor
1667 2097 1813 2144 burse
1850 2112 1960 2144 cum

173 2178 376 2227 modicis
402 2177 624 2237 carlenis,
653 2179 733 2243 qui
759 2179 1023 2243 genuflexit:
1045 2180 1183 2244 juxta
1209 2180 1508 2244 episcopum.
1542 2182 1868 2228 Accesserunt
1901 2180 1961 2228 ad

175 2278 286 2312 eum
307 2263 577 2311 successive
599 2267 808 2326 quatuor
830 2263 988 2327 puelle
1007 2263 1278 2313 maritande
1301 2265 1350 2311 in
1376 2264 1586 2313 vestibus
1609 2264 1748 2323 albis,
1774 2263 1962 2328 singule

173 2346 300 2395 inter
318 2347 437 2395 duas
462 2351 711 2395 matronas
734 2362 935 2410 quarum
959 2347 1171 2411 quelibet
1192 2348 1361 2397 habuit
1375 2349 1512 2413 juxta
1530 2364 1580 2396 se
1604 2364 1753 2396 unum
1775 2363 1833 2396 ex
1851 2363 1964 2396 con-

174 2430 434 2478 fratribus:
460 2446 553 2493 que
585 2431 745 2494 puelle
774 2431 1046 2479 successive
1075 2419 1444 2497 genuflexerunt
1468 2436 1515 2480 et
1545 2432 1732 2496 singule
1760 2448 1964 2496 recepe-

177 2516 293 2561 runt
317 2512 376 2561 de
401 2529 548 2561 manu
570 2529 658 2561 sua
682 2514 870 2575 bursas,
896 2520 942 2563 et
969 2516 1184 2564 osculate
1211 2521 1321 2564 sunt
1343 2531 1515 2564 manus
1540 2516 1661 2580 ejus.
1691 2519 1793 2573 Quo
1812 2516 1959 2567 facto.

178 2597 272 2645 illis
307 2597 612 2655 abeuntibus,
655 2597 911 2661 episcopus
955 2599 1164 2647 surrexit
1203 2603 1272 2659 et,
1305 2599 1529 2663 deposita
1568 2600 1738 2660 mitra,
1776 2598 1962 2662 accepit

180 2679 387 2745 pluviale
408 2697 418 2740 ;
446 2684 492 2729 et
517 2680 643 2729 facta
667 2685 739 2728 est
763 2681 1013 2744 processio
1040 2682 1117 2729 cui
1140 2697 1238 2730 non
1262 2682 1474 2730 interfui.

249 2765 390 2813 Feria
413 2768 563 2823 sexta,
593 2768 620 2813 9
653 2765 834 2812 mensis
865 2765 981 2813 dicti
1008 2765 1301 2826 decembris,
1337 2769 1667 2829 presentatum
1701 2769 1749 2814 et
1782 2766 1963 2815 lectum

182 2849 272 2898 fuit
296 2847 344 2897 in
366 2853 472 2898 rota
496 2849 778 2897 mandatum
803 2852 927 2913 Pape
946 2865 1035 2913 per
1061 2850 1190 2913 quod
1214 2850 1451 2898 Sanctitas
1474 2866 1559 2898 sua
1577 2850 1816 2899 revocavit
1837 2850 1967 2899 aliud

184 2933 486 2992 mandatum,
512 2933 572 2981 ab
591 2948 648 2980 eo
675 2938 972 2994 emanatum,
1003 2934 1336 2998 suspensionis
1359 2934 1454 2983 loci
1476 2937 1531 2981 R.
1561 2936 1615 2981 D.
1643 2934 1812 2993 Felini,
1838 2934 1966 2998 epis-

185 3017 292 3082 copi
317 3017 516 3076 Lucani,
542 3017 682 3065 unius
710 3032 769 3066 ex
803 3021 902 3066 DD.
935 3018 1231 3066 auditoribus
1260 3022 1362 3067 rote
1386 3018 1708 3067 locotenentis
1735 3018 1795 3066 ad
1824 3018 1968 3067 bene-

183 3101 412 3165 placitum
451 3117 616 3150 suum:
653 3105 915 3165 propterea
948 3102 1077 3151 idem
1118 3105 1173 3150 D.
1221 3102 1411 3150 Felinus
1446 3102 1652 3152 cessavit
1695 3103 1754 3150 ab
1795 3103 1965 3150 codem

186 3200 355 3233 mense
377 3185 607 3250 deinceps
629 3186 806 3234 intrare
828 3182 1001 3235 rotam.

250 3267 432 3322 Eadem
456 3269 552 3328 dic,
577 3269 710 3318 circa
736 3270 997 3318 secundam
1027 3270 1198 3318 horam
1231 3271 1403 3329 noctis,
1437 3270 1719 3317 nunciatum
1744 3273 1816 3316 est
1842 3271 1966 3331 Papo

190 3350 365 3399 ducem
397 3352 798 3402 Valentincnsem
830 3354 1115 3401 rehabuisse
1147 3354 1381 3402 Urbinum
1416 3369 1527 3402 cum
1556 3352 1781 3400 omnibus
1819 3351 1968 3415 perti-

190 3434 366 3483 nentiis
392 3435 488 3483 suis
511 3451 600 3499 per
630 3437 944 3486 concordiam
970 3452 1080 3485 cum
1110 3437 1433 3485 illustrissimo
1462 3439 1517 3483 D.
1555 3434 1773 3483 Guidone
1800 3434 1966 3483 Urbini

380 3547 413 3572 τ.
442 3547 489 3572 111.
1596 3537 1639 3572 15
