2228 3938
357 311 426 346 304
966 308 1196 346 JOHANNIS
1228 309 1519 354 BURCHARDI,
1647 291 1650 294 ’
1799 312 2011 352 [novembre
2034 315 2128 355 1503]

362 410 516 468 dicuS,
564 408 841 456 Balthassar
882 408 1097 468 Nicolai;
1131 409 1333 457 clericus
1375 409 1715 470 Viterbiensis,
1768 411 2018 461 familiaris
2057 431 2131 463 sa-

363 494 534 550 criste3
558 492 793 540 Antonius
809 491 1091 551 Cheramer,
1129 492 1333 539 clericus
1365 492 1607 555 Spirensis
1635 493 1856 555 diecesis,
1883 496 2128 546 familiaris

362 592 522 634 meus3
547 575 782 623 Antonius
817 575 876 624 de
922 575 1160 634 Scalante,
1192 575 1396 623 clericus
1438 575 1850 640 CalagurritanUS,
1881 579 2128 629 familiaris

360 659 475 708 socii
498 658 611 706 mei.

427 741 676 789 Publicato
712 741 962 799 scrutinio,
1002 741 1269 790 cardinales
1305 758 1474 791 omnes
1511 741 1819 791 accesserunt
1851 744 1911 792 ad
1954 761 2128 794 novum

362 824 643 888 pontificem
683 824 742 871 ad
783 824 1214 889 congratulandum
1265 826 1325 885 ei,
1376 826 1456 889 qui
1498 826 1646 890 elegit
1684 826 1775 874 sibi
1811 842 1989 876 nomen
2019 828 2127 877 Julii

361 906 575 956 secundi.
602 909 702 971 Ego
722 907 878 955 amovi
910 907 953 955 ei
990 908 1237 956 croculam
1267 914 1313 956 et
1343 909 1614 972 capucium,
1640 909 1786 957 etiam
1822 911 1996 958 amotis
2025 927 2128 960 sca-

359 991 496 1039 bellis
515 991 574 1038 de
596 1007 765 1038 mensa
781 991 997 1038 scrutinii
1025 992 1225 1055 apposui
1245 993 1410 1040 sedem
1437 992 1661 1056 papalem
1686 993 1733 1039 in
1755 1009 1850 1056 qua
1871 993 1994 1043 sedit
2023 994 2126 1058 ipse

361 1076 514 1137 Papa3
541 1078 586 1121 et
624 1073 964 1136 Neapolitanus
1001 1074 1225 1137 apposuit
1261 1074 1303 1121 ei
1347 1074 1544 1121 anulum
1578 1074 1830 1138 piscatoris
1872 1076 1940 1123 Pii
1981 1078 2043 1124 ΙΙΙ
2081 1079 2128 1124 et

358 1157 582 1205 adstatim
617 1160 897 1220 apportatus
940 1173 1050 1204 suus
1086 1157 1254 1204 anulus
1291 1157 1400 1204 Julii
1436 1160 1475 1205 Il
1508 1158 1653 1205 etiam
1693 1158 1949 1222 piscatoris
1982 1175 2127 1222 quem

357 1241 443 1289 sibi
470 1239 633 1289 nescio
658 1240 763 1303 quis
785 1239 890 1286 fieri
915 1239 1045 1299 fecit,
1075 1240 1186 1303 quia
1208 1256 1235 1287 a
1258 1240 1446 1287 duobus
1468 1240 1541 1288 vel
1570 1241 1725 1288 tribus
1747 1241 1915 1290 diebus
1937 1242 2125 1290 scieba-

358 1329 432 1373 tur
453 1339 561 1372 eum
583 1323 798 1370 futurum
824 1325 1021 1386 Papam.
1042 1325 1099 1370 Et
1129 1324 1223 1371 hoc
1259 1339 1419 1381 mane,
1450 1325 1648 1372 suerunt
1669 1324 1826 1388 posita
1854 1325 1957 1390 ejus
1992 1341 2126 1374 arma

359 1407 545 1471 papalia
565 1406 781 1470 pluribus
812 1405 859 1452 in
882 1405 1003 1453 locis
1037 1423 1123 1469 per
1148 1407 1346 1465 Urbem,
1375 1411 1421 1454 et
1453 1407 1634 1470 incepit
1658 1407 1959 1456 subscribere
1991 1408 2124 1473 capi-

355 1490 478 1547 tula;
504 1493 551 1537 et
586 1488 869 1551 subscripsit
912 1489 1069 1536 solum
1100 1489 1208 1537 'tria
1247 1493 1294 1537 et
1329 1490 1403 1536 vix
1441 1490 1538 1548 illa,
1576 1490 1896 1538 cardinalibus
1934 1495 2122 1539 tantum

356 1571 742 1620 accelerantibus
760 1587 768 1629 ;
797 1574 843 1618 et
856 1570 914 1618 de
931 1571 1036 1635 ejus
1055 1572 1406 1635 subscriptione
1427 1575 1554 1635 Pape
1571 1572 1748 1620 suimus
1763 1573 1906 1621 etiam
1924 1574 2117 1630 notarii,

356 1658 407 1702 ut
438 1670 598 1718 supra,
633 1653 870 1716 requisiti,
904 1658 950 1701 et
987 1670 1083 1702 non
1128 1654 1328 1718 signavit
1359 1655 1568 1717 aliquam
1605 1655 2005 1718 supplicationem
2039 1657 2123 1704 sed

351 1753 520 1785 omnes
542 1737 656 1785 fecit
678 1737 796 1784 dare
822 1738 877 1784 D.
899 1736 1045 1784 Fabio
1069 1752 1213 1800 quem
1232 1737 1344 1785 fecit
1359 1737 1599 1785 datarium
1621 1740 1668 1784 et
1689 1737 1910 1801 promisit
1931 1738 2121 1802 signare

350 1836 518 1868 omnes
540 1824 586 1868 et
612 1820 823 1867 rotulum
848 1819 1064 1867 omnium
1089 1820 1509 1868 conclavistarum.
1538 1821 1674 1868 Circa
1698 1821 1844 1868 finem
1876 1821 2122 1886 subscrip-

350 1902 508 1962 tionis,
550 1902 809 1951 cardinalis
843 1919 880 1949 s.
925 1903 1137 1966 Georgii,
1179 1908 1345 1966 aperta
1386 1919 1530 1967 parva
1572 1904 1866 1962 fenestrelle,
1902 1904 2123 1968 exposuit

347 2002 543 2034 crucem
570 1989 616 2033 et
641 1985 923 2033 exclamavit
943 1988 989 2032 et
1008 1986 1353 2048 proclamavit:
1385 1988 1563 2050 Papam
1589 1987 1856 2034 habemus!

413 2067 565 2114 Finita
590 2065 963 2129 subscriptione,
994 2066 1186 2114 intravit
1211 2067 1501 2127 sacristiam,
1536 2070 1598 2125 et,
1640 2067 1860 2130 deposito
1891 2068 2117 2117 rochetto

350 2154 393 2198 et
415 2153 544 2198 veste
573 2164 718 2212 quam
762 2165 850 2212 ego
882 2149 1067 2212 accepi,
1095 2165 1192 2196 non
1230 2150 1449 2198 obstante
1480 2150 1866 2198 contradictione
1892 2150 2111 2207 sacriste,

351 2233 545 2280 indutus
567 2235 639 2280 est
662 2237 791 2279 veste
817 2232 925 2280 alba
950 2235 996 2279 et
1020 2231 1142 2290 aliis,
1167 2225 1492 2291 moresolito3
1524 2235 1571 2280 et
1591 2232 1717 2281 facta
1735 2233 1823 2280 sibi
1847 2234 2119 2282 reverentia

348 2317 396 2363 in
421 2316 561 2364 altari
585 2332 672 2379 per
695 2315 966 2363 cardinales
993 2319 1040 2364 et
1067 2315 1211 2374 alios3
1244 2320 1290 2364 et
1317 2315 1364 2362 in
1391 2317 1562 2364 eodem
1586 2315 1719 2363 altari
1750 2316 1975 2379 promisit
1998 2316 2117 2364 mihi

349 2398 604 2447 ecclesiam
632 2398 1157 2456 Hortanam,1Ascanio
1189 2415 1275 2461 pro
1306 2414 1382 2445 me
1415 2402 1626 2461 petente.
1665 2401 1890 2447 Portatus
1922 2398 2032 2446 inde
2069 2398 2118 2446 in

351 2482 463 2530 sede
486 2482 546 2529 ad
568 2481 818 2530 basilicam
851 2498 888 2528 s.
926 2481 1053 2529 Petri
1088 2481 1187 2538 ubi,
1220 2482 1345 2529 facta
1370 2482 1606 2539 oratione,
1642 2485 1752 2529 ante
1780 2481 1931 2529 altare
1957 2481 2080 2529 sedit
2105 2499 2113 2528 ε

347 2570 495 2628 super
521 2565 655 2612 illum
691 2567 936 2613 cantatum
965 2567 1038 2611 est
1072 2582 1079 2611 :
1115 2564 1178 2611 Te
1211 2564 1370 2612 Deum
1398 2564 1646 2612 laudamus
1659 2583 1678 2621 ,·
1708 2565 1835 2612 facta
1872 2563 1962 2612 sibi
1990 2579 2119 2612 reve-

347 2648 507 2697 rentia
538 2665 565 2695 a
593 2648 917 2696 cardinalibus
956 2651 1003 2696 et
1032 2648 1155 2697 aliis.
1200 2648 1336 2696 Dicta
1371 2649 1589 2696 oratione
1623 2665 1711 2712 per
1744 2647 2039 2696 cardinalem
2070 2650 2118 2695 et

347 2731 458 2780 data
480 2731 816 2780 benedictione
844 2747 930 2794 per
956 2733 1153 2794 Papam,
1175 2731 1319 2778 rediit
1344 2732 1405 2779 ad
1428 2731 1660 2795 palatium
1682 2736 1728 2778 et
1756 2730 2026 2778 cardinales
2055 2729 2115 2778 ad

345 2812 514 2862 domos
543 2830 650 2861 suas
685 2830 693 2861 :
725 2812 985 2861 cardinalis
1012 2813 1431 2877 Rothomagensis,
1461 2830 1498 2860 s.
1533 2812 1748 2862 Severini
1771 2816 1816 2858 et
1847 2812 2008 2874 plures
2033 2810 2113 2859 alii

345 2895 538 2944 suerunt
561 2897 620 2944 ad
642 2895 903 2960 prandium
925 2911 1033 2942 cum
1060 2897 1207 2958 Papa.
1581 2898 1586 2902 '

411 2980 497 3027 Die
529 2979 732 3035 veneris,
764 2982 789 3026 3
816 2977 1102 3035 novembris,
1138 2978 1232 3025 dux
1263 2976 1565 3035 Valentinus,
1600 2977 1734 3040 jussu
1758 2979 1903 3040 Pape,
1933 2974 2112 3040 incepit

345 3062 618 3110 inhabitare
644 3061 874 3126 palatium
902 3063 947 3107 et
973 3060 1167 3108 fuerunt
1189 3061 1278 3108 sibi
1301 3060 1542 3123 assignate
1565 3075 1759 3108 camere
1774 3075 1946 3107 novem
1966 3075 2110 3123 super

347 3145 670 3204 audientiam3
693 3147 741 3192 et.
777 3147 906 3206 Papa
933 3143 1141 3191 decrevit
1172 3144 1300 3206 quod
1325 3142 1465 3190 vellet
1489 3142 1713 3191 coronari
1746 3143 1794 3189 in
1836 3142 2036 3190 basilica
2068 3158 2106 3190 s.

347 3228 493 3287 Petri,
523 3228 599 3276 die
621 3231 678 3275 18
699 3227 842 3290 hujus
879 3225 1197 3274 dedicationis
1232 3225 1427 3273 basilice
1459 3228 1507 3274 et
1535 3224 1775 3273 dominica
1804 3229 1859 3273 19
1891 3223 2122 3290 ejusdemss

344 3310 464 3357 velle
481 3310 695 3374 equitare
717 3308 777 3357 ad
798 3311 1088 3357 Lateranum
1107 3325 1116 3367 ;
1145 3308 1317 3357 deinde
1340 3308 1538 3357 mutavit
1553 3308 1855 3372 propoSitum
1872 3312 1919 3357 et
1937 3309 2109 3356 decre-

346 3390 410 3437 xit
427 3391 547 3439 velle
570 3390 791 3440 coronari
824 3393 879 3437 19
906 3389 951 3436 in
975 3405 1012 3436 s.
1032 3392 1173 3437 Petro
1199 3393 1244 3437 et
1263 3389 1375 3437 lune
1399 3393 1459 3437 20
1474 3390 1694 3452 equitare
1719 3390 1778 3437 ad
1796 3393 2118 3446 Lateranum,
