2254 3938
300 333 370 368 312
906 331 925 367 J
930 330 1090 368 OHANN
1095 330 1137 367 IS
1171 330 1466 373 BURCHARDI,
1752 332 1964 371 [Novembre
1984 335 2077 375 1503]

301 433 350 480 in
373 435 522 491 terra,
552 434 664 480 ante
690 431 861 490 altare,
894 431 1226 480 Narbonensis
1261 449 1288 480 a
1324 432 1506 482 dextris
1540 435 1589 481 et
1618 433 1917 481 Mimatensis
1953 450 1981 483 a
2013 436 2078 482 si-

300 517 462 564 nistris
510 518 574 574 et,
617 515 746 563 dicta
783 515 1022 574 oratione,
1067 519 1382 564 recesserunt
1429 516 1490 564 ad
1528 517 1867 564 consistorium
1908 533 2076 566 omnes

302 599 574 647 cardinales
599 599 658 646 ad
692 598 800 646 loca
825 614 927 657 sua,
957 599 1176 662 exceptis
1202 603 1408 663 quatuor
1441 599 1725 648 ductoribus
1752 600 2076 649 cardinalibus

300 682 381 746 qui
407 697 518 730 cum
543 682 731 730 duobus
757 681 892 730 novis
915 687 1229 732 accesserunt
1264 684 1323 730 ad
1351 683 1525 730 solium
1553 685 1698 746 Pape,
1729 687 1776 730 et
1803 686 1932 746 Papa
1959 698 2076 731 con-

300 765 446 813 cessit
472 765 712 828 capellum
737 764 945 813 rubeum
965 766 1265 814 Narbonensi
1290 767 1465 829 primo,
1493 766 1667 813 deinde
1692 766 1969 815 Mimatensi
1990 767 2076 817 sub

300 849 458 897 verbis
483 849 637 910 solitis
659 865 668 897 ε
699 848 943 912 capellum
979 849 1308 898 Narbonensis
1338 849 1494 897 tenuit
1521 849 1616 897 sive
1640 849 1810 898 habuit
1830 849 2076 898 Johannes

300 932 543 980 Mattheus
559 932 617 980 de
634 932 882 991 Sartoriis,
901 933 1192 980 secretarius
1207 936 1353 996 Pape,
1375 936 1422 980 et
1437 932 1739 980 Mimatensis
1756 935 1811 980 D.
1831 936 1853 980 J
1860 924 2076 982 ohannes

303 1016 592 1063 Franciscus
623 1015 902 1075 Alberinus,
947 1016 1135 1079 primus
1170 1020 1484 1064 conservator
1520 1032 1712 1064 camere
1747 1016 1907 1064 Urbis.
1943 1016 2076 1064 Datis

302 1098 518 1162 capelliS‚
546 1102 676 1162 Papa
701 1114 813 1146 cum
840 1098 1171 1146 cardinalibus
1191 1099 1336 1147 rediit
1358 1099 1417 1147 ad
1441 1114 1688 1147 cameram
1711 1098 1952 1163 Papagalli
1975 1099 2072 1157 ubi,

301 1181 534 1244 depositis
555 1197 644 1244 per
667 1184 846 1245 Papam
863 1181 1179 1244 paramentiS,
1201 1182 1471 1230 cardinales
1488 1181 1846 1229 associaverunt
1862 1181 2076 1245 legatum

303 1268 349 1312 et
374 1281 520 1312 novos
542 1264 812 1312 cardinales
836 1264 896 1312 ad
919 1264 1117 1312 domum
1140 1265 1501 1324 Recanatensis,
1526 1265 1574 1312 in
1598 1265 1768 1313 ultimo
1791 1265 1919 1323 loco,
1948 1265 2076 1312 inter

303 1347 513 1395 Medices
536 1351 583 1395 et
606 1364 645 1394 s.
675 1347 908 1403 Severini,
935 1348 1265 1396 Narbonensis
1288 1349 1336 1395 in
1361 1347 1665 1411 precedenti,
1690 1347 1991 1395 Mimatensis
2011 1348 2080 1394 in-

305 1434 379 1478 ter
404 1431 686 1478 Cesarinum
709 1433 758 1478 et
782 1430 1064 1479 Farnesium
1095 1447 1103 1478 :
1135 1431 1463 1480 interfuerunt
1495 1432 1572 1480 alii
1595 1431 1761 1496 viginti
1784 1431 2075 1490 cardinales,

304 1513 528 1561 videlicet
567 1529 577 1560 z
618 1513 979 1576 Neapolitanus,
1013 1515 1378 1573 Recanatensis,
1417 1531 1455 1562 s.
1493 1514 1750 1573 Praxedis‚
1786 1530 1824 1562 s,
1860 1514 2074 1577 Georgii,

306 1595 685 1654 Alexandrinus,
712 1595 988 1654 Grimanus,
1021 1597 1329 1655 Arborensis,
1357 1597 1624 1660 Regiensis,
1657 1596 1961 1653 Gusentinus,
1993 1597 2080 1644 Sa-

307 1679 596 1737 lernitanus,
621 1679 1023 1742 Caputaquensis,
1047 1681 1309 1739 Cumanus,
1342 1679 1681 1736 BononiensiS,
1709 1679 2078 1736 Volaterranus‚

307 1763 364 1809 de
417 1762 590 1820 Flisco,
619 1761 878 1822 Adrianus,
920 1762 1183 1826 Aragonia,
1228 1762 1418 1826 Borgia,
1466 1762 1721 1810 Cornelius
1766 1764 1813 1809 et
1849 1763 2085 1810 Constan-

309 1844 675 1907 tinopolitanus.
733 1847 1032 1893 Pranserunt
1085 1844 1133 1892 in
1188 1845 1332 1893 domo
1379 1844 1725 1893 Recanatensis
1764 1860 1875 1892 cum
1923 1844 2085 1892 cardi-

309 1927 497 1975 nalibus
534 1927 785 1975 associatis
834 1927 1186 1977 Volaterranus
1229 1931 1277 1975 et
1317 1944 1357 1975 s.
1398 1928 1632 1986 Severini,
1675 1930 1723 1976 et
1762 1943 1853 1991 ego
1900 1927 1949 1974 in
1991 1927 2086 1975 alia

311 2025 482 2058 mensa
514 2026 604 2073 pro
637 2010 839 2073 prelatis
864 2014 1052 2073 parata,
1096 2010 1143 2057 in
1182 2026 1276 2073 qua
1307 2010 1366 2058 ab
1399 2026 1495 2058 uno
1527 2010 1684 2073 capite
1726 2011 1953 2058 sederunt
1985 2016 2086 2058 tres

312 2095 698 2151 conservatores,
738 2093 798 2140 ab
834 2093 928 2140 alio
955 2093 1112 2156 capite
1153 2093 1406 2156 episcopus
1435 2093 1863 2155 Melopotamensis
1897 2096 1944 2140 et
1973 2109 2081 2157 ego,

313 2180 361 2224 et
382 2176 508 2224 inter
530 2191 618 2223 nos
650 2179 836 2240 septem
859 2176 933 2224 vel
957 2181 1066 2225 octo
1093 2176 1331 2239 capellani
1355 2175 1758 2240 Rothomagensis
1783 2179 1831 2224 et
1858 2176 1953 2223 duo
1978 2179 2085 2239 post
2119 2183 2140 2232 ts

312 2275 418 2307 nos.

381 2343 563 2390 Eadem
590 2342 666 2390 die
686 2342 818 2402 lune,
840 2342 897 2390 de
918 2342 1146 2390 mandato
1172 2345 1316 2406 Pape,
1346 2348 1455 2406 post
1476 2343 1725 2406 publicum
1744 2343 2088 2392 consistorium

315 2426 407 2475 feci
438 2426 661 2473 intimare
694 2425 1039 2488 equitationem
1073 2425 1133 2473 ad
1171 2429 1465 2474 Lateranum
1507 2442 1598 2490 pro
1639 2427 1853 2475 crastina
1889 2427 1966 2475 die
2003 2442 2090 2490 per

317 2524 561 2569 cursoreS‚
590 2509 760 2572 quibus
785 2509 897 2557 dedi
922 2509 1145 2556 cedulam
1177 2509 1361 2557 tenoris
1393 2510 1760 2574 subsequentis:
1790 2530 1810 2551 «
1833 2509 2090 2558 Intimetur

318 2594 394 2642 die
425 2592 637 2641 crastina
668 2607 760 2655 que
799 2592 893 2641 erit
927 2593 1093 2640 martis
1127 2597 1152 2640 5
1191 2593 1482 2652 decembris,
1523 2593 1561 2640 si
1590 2609 1687 2641 non
1721 2593 1869 2657 pluet,
1908 2595 1992 2642 SS.
2031 2596 2086 2642 D.

318 2680 485 2725 noster
509 2676 671 2724 audiet
695 2676 892 2724 missam
914 2676 1016 2723 sine
1039 2679 1183 2724 cantu
1205 2676 1251 2723 in
1272 2677 1457 2741 capella
1477 2677 1570 2724 divi
1590 2677 1785 2726 Andree
1803 2679 1852 2725 et
1869 2677 2089 2740 Gregorii

319 2761 367 2807 in
392 2760 592 2808 basilica
616 2776 654 2806 s.
684 2760 813 2808 Petri
839 2764 885 2807 et
909 2759 1020 2807 inde
1038 2760 1310 2808 cardinales
1335 2764 1381 2808 et
1396 2760 1568 2824 prelati
1590 2760 1639 2807 in
1657 2759 1953 2823 paramentis
1971 2758 2091 2806 albis

322 2844 588 2891 ascendent
611 2842 765 2890 mulas
791 2859 901 2890 suas
934 2846 1188 2906 coopertas
1225 2843 1487 2906 equitaturi
1521 2848 1667 2906 prout
1699 2842 1815 2890 alias
1845 2841 1931 2889 suit
1959 2840 2091 2888 ordi-

322 2931 512 2985 natum3
540 2928 587 2973 et
608 2926 1035 2989 processionaliter
1054 2926 1342 2989 equitabunt
1359 2927 1418 2973 ad
1443 2926 1694 2975 basilicam
1711 2927 2092 2973 Lateranensem

323 3013 467 3072 prout
490 3008 539 3055 in
561 3008 807 3056 creatione
832 3008 1117 3070 pontificum
1136 3009 1243 3057 fieri
1270 3009 1392 3057 solet
1413 3029 1455 3057 ».

392 3092 478 3140 Die
502 3091 691 3150 martis,
721 3094 746 3138 5
770 3091 1060 3150 decembriS,
1091 3093 1175 3139 SS.
1211 3094 1268 3139 D.
1293 3094 1460 3140 noster
1486 3091 1533 3138 in
1568 3105 1765 3139 camera
1801 3105 1887 3137 sua
1909 3091 2097 3154 accepit

327 3175 613 3222 sandaliaet
641 3174 689 3221 in
716 3188 909 3221 camera
930 3174 1173 3237 Papagalli
1200 3174 1447 3232 amictum,
1478 3174 1656 3232 albam,
1684 3173 1889 3236 pluviale
1912 3174 2098 3237 pretio-

328 3273 432 3304 sum
454 3257 618 3305 album
639 3256 907 3304 Innocentii
932 3262 977 3305 et
999 3272 1203 3320 regnum
1227 3272 1404 3304 novum
1428 3257 1557 3319 quod
1586 3256 1826 3304 Sanctitas
1848 3256 1961 3305 fecit
1986 3256 2097 3304 fieri

329 3341 543 3403 pondere
566 3340 801 3388 librarum
834 3342 1018 3403 septem
1052 3339 1126 3387 vel
1159 3339 1288 3387 circa
1318 3340 1376 3387 de
1409 3339 1614 3403 gemmis
1646 3339 1903 3402 pretiosis:
1943 3339 2098 3387 noluit

330 3438 506 3485 rapere
542 3423 769 3471 fanonem
804 3439 961 3485 nequo
998 3423 1273 3470 tunicellam
1318 3428 1365 3470 et
1402 3422 1708 3470 dalmaticam
1749 3438 1804 3471 ac
1851 3424 2095 3487 planetam
