2222 3932
290 345 360 383 328
899 343 1130 380 JOHANNIS
1166 342 1461 388 BURCHARm,
1793 343 1949 385 [sanvier
1968 345 2068 387 1504]

291 446 428 494 rinus
467 449 512 494 ct
546 445 1122 509 Constantinopolitanus.
1171 449 1377 495 Scamna
1424 462 1511 511 pro
1549 445 1871 495 cardinalibus
1910 447 2065 510 posita

291 529 486 576 fuerunt
509 528 603 576 tria
627 529 687 576 ab
723 528 896 591 angulo
922 529 1147 577 columne
1178 530 1433 578 dividentis
1463 546 1633 577 navem
1657 530 1870 578 mediam
1897 545 1925 578 a
1950 530 2068 579 late-

289 611 378 658 rali
423 610 549 658 inter
591 610 738 659 altare
780 611 936 675 majus
979 614 1027 659 et
1063 612 1212 660 altare
1257 612 1568 672 salernitani,
1611 612 1660 659 in
1697 627 1791 675 quo
1837 612 2065 662 sederunt

291 693 503 757 episcopi
534 697 581 742 et
610 693 910 758 presbyteri;
947 694 996 741 in
1026 697 1181 743 totum
1205 712 1410 743 numero
1441 696 1628 753 decem,
1660 699 1801 758 caput
1831 694 2064 743 facientes

289 777 349 824 ab
391 776 526 824 altari
566 777 751 840 majore
787 777 836 824 in
880 777 1101 840 opposito
1142 779 1342 827 istorum
1388 779 1448 826 ad
1487 783 1694 842 quatuor
1735 777 1921 841 palmas
1955 782 2064 842 post

289 859 505 908 medium
536 859 661 908 dicte
694 860 819 908 volte
847 860 988 925 juxta
1017 861 1299 909 divisionem
1332 878 1421 925 per
1451 862 1636 925 lapides
1674 875 1980 909 marmoreos
2014 861 2065 909 in

287 949 421 992 terra
448 943 644 1003 factam,
672 947 719 992 et
746 943 841 991 alia
874 943 966 991 tria
1001 959 1199 992 scamna
1227 960 1314 1008 pro
1353 945 1496 993 certis
1525 943 1821 1008 presbyteris
1855 958 2062 1007 quorum

289 1027 449 1074 senior
470 1027 594 1074 sedit
618 1026 831 1085 ultimus,
858 1029 906 1075 et
927 1026 1117 1075 diaconi
1137 1027 1215 1090 qui
1238 1027 1464 1075 sederunt
1484 1027 1532 1074 in
1553 1027 1712 1091 capite
1734 1029 1844 1090 post
1865 1042 2065 1074 scamna

289 1109 611 1158 cardinalium
635 1110 685 1157 in
706 1113 1037 1158 transversum
1062 1110 1281 1159 fuerunt:
1311 1110 1446 1170 satis,
1481 1125 1578 1158 non
1609 1114 1868 1173 potuerunt
1898 1113 2063 1158 tamen

289 1194 425 1257 plura
448 1193 579 1257 poni.
606 1193 779 1241 Prelati
804 1193 966 1256 palatii
990 1193 1221 1242 sederunt
1245 1193 1294 1240 in
1315 1193 1472 1257 primo
1497 1194 1638 1257 juxta
1674 1193 1881 1241 bancum
1906 1192 2064 1240 cardi—

288 1277 486 1336 nalium,
516 1276 867 1339 prothonotarii
889 1276 937 1323 in
969 1277 1135 1325 ultimo
1173 1277 1401 1340 contiguo
1438 1275 1576 1324 altari
1614 1275 1854 1339 predicto.
1894 1274 2062 1323 Nullus

288 1362 533 1407 oratorum
569 1358 812 1407 interfuit:
849 1359 1122 1422 potuissent
1152 1358 1318 1407 sedere
1352 1374 1504 1422 usque
1536 1359 1596 1406 ad
1629 1373 1825 1406 murum
1858 1362 1952 1406 tres
1987 1357 2062 1406 vel

287 1443 494 1504 quatuor
517 1457 663 1504 super
685 1445 944 1489 murettum
970 1445 1078 1505 post
1102 1457 1299 1490 scamna
1318 1442 1660 1505 episcoporum
1686 1443 1733 1488 et
1754 1440 2063 1504 presbytero-

288 1540 393 1571 rum
416 1524 752 1572 cardinalium.
779 1527 902 1572 Cera
924 1524 1011 1571 fuit
1031 1525 1190 1587 posita
1209 1525 1258 1572 in
1282 1525 1466 1588 capella
1487 1522 1703 1572 Ascanii:
1729 1523 1831 1572 sine
1858 1523 2062 1586 strepitu

288 1607 546 1654 distributa
574 1606 690 1654 fuit:
717 1607 931 1670 pessima
955 1622 1094 1666 cera;
1128 1611 1287 1655 tantus
1312 1607 1399 1654 fuit
1426 1607 1586 1655 fumus
1616 1607 1665 1654 in
1693 1606 1901 1655 ecclesia
1933 1606 2063 1669 quod

289 1690 363 1737 vix
386 1689 652 1738 videbatur.
684 1691 859 1738 Parata
883 1689 1079 1738 fuerunt
1101 1689 1344 1738 intorticia
1370 1690 1581 1753 quinque
1604 1689 1836 1737 librarum
1859 1703 2062 1736 numero

290 1773 488 1836 triginta
514 1789 603 1836 pro
630 1773 767 1821 altari
794 1778 840 1820 et
871 1773 1193 1821 cardinalibus
1227 1774 1287 1821 de
1321 1773 1481 1821 media
1511 1773 1660 1832 libra3
1693 1772 1821 1820 circa
1848 1774 2063 1819 castrum

287 1857 485 1922 viginti;
520 1872 666 1920 super
695 1857 1000 1905 candelabris
1031 1873 1176 1921 supra
1205 1860 1421 1905 castrum
1448 1872 1649 1906 novem:
1685 1871 1831 1920 super
1860 1859 2065 1919 quatuor

288 1940 497 1987 arcubus
521 1943 658 1987 erant
681 1941 891 2003 quinque
922 1955 1008 2003 pro
1041 1956 1156 1987 arcu
1190 1955 1394 1989 numero
1419 1939 1764 2004 quadraginta3
1790 1954 1933 2002 supra
1953 1952 2064 2002 por-

287 2027 404 2080 tam,
442 2038 550 2080 sex3
589 2022 677 2069 sub
707 2037 821 2070 arcu
852 2028 1122 2071 transverso
1155 2024 1215 2070 ab
1249 2039 1343 2070 uno
1381 2023 1529 2070 latere
1563 2026 1752 2085 septem
1783 2026 1830 2070 et
1861 2021 2063 2069 totidem

288 2105 411 2163 ali03
436 2109 482 2152 et
506 2105 874 2168 quatuordecim
890 2121 987 2153 non
1008 2105 1202 2153 fuerunt
1223 2122 1450 2154 accense:
1475 2105 1790 2154 servientibus
1813 2119 2062 2152 armorum

289 2188 382 2235 duo
412 2203 498 2251 pro
536 2188 802 2252 sepultura,
838 2188 945 2236 dico
977 2204 1063 2251 pro
1095 2189 1254 2236 missis
1291 2189 1465 2253 parvis,
1505 2193 1710 2252 quatuor
1740 2203 1827 2251 pro
1863 2190 2061 2250 regente

289 2270 508 2319 custodie
550 2270 765 2318 sacristie
809 2275 856 2319 et
895 2274 1094 2320 oraturo
1139 2271 1295 2319 facule
1339 2271 1572 2319 librarum
1618 2271 1817 2318 duarum
1859 2285 2061 2318 numero

289 2354 512 2412 ducente,
538 2354 743 2401 totidem
774 2355 915 2402 unius
947 2355 1069 2403 libre
1104 2358 1152 2402 et
1182 2355 1306 2403 libre
1340 2355 1497 2403 medie
1530 2370 1735 2417 quarum
1766 2354 1960 2402 fuerunt
1987 2353 2063 2401 vix

290 2436 443 2499 posite
472 2439 716 2484 trecente:
756 2454 903 2501 super
935 2442 1147 2486 castrum
1176 2438 1357 2486 doloris
1389 2438 1588 2487 candele
1617 2437 1779 2507 viginti
1807 2452 1896 2500 pro
1922 2437 2060 2494 libra,

288 2519 407 2567 libre
430 2520 601 2568 decem
626 2520 821 2568 totidem
841 2521 1059 2568 ordinate
1083 2538 1170 2585 pro
1191 2521 1358 2568 ultima
1378 2521 1472 2569 die.
1498 2520 1760 2570 Cardinalis
1777 2537 1816 2568 s.
1836 2519 2063 2568 Praxedis

290 2605 522 2651 executor
552 2602 869 2666 reprehendit
900 2618 978 2652 me
1010 2619 1097 2667 pro
1126 2604 1382 2652 intorticiis
1408 2604 1723 2652 cardinalium
1745 2603 1877 2667 'quod
1902 2606 2063 2651 essent

290 2688 476 2734 tantum
505 2685 715 2749 quinque
737 2686 970 2734 librarum
994 2691 1040 2734 et
1065 2687 1196 2750 quod
1216 2687 1393 2735 fierent
1414 2687 1472 2734 de
1495 2702 1578 2735 sex
1598 2687 1750 2734 libris.
1777 2689 1871 2735 Pro
1893 2686 2064 2735 ultima

290 2769 366 2816 die
389 2769 535 2816 castri
557 2769 735 2817 doloris
761 2769 985 2817 columne
1008 2770 1203 2818 fuerunt
1228 2770 1504 2834 palmorum
1529 2770 1793 2828 tredecim3
1823 2769 2064 2818 debebant

290 2851 436 2899 fuisse
471 2851 769 2914 quindecim3
803 2854 986 2900 tectum
1023 2853 1173 2900 altum
1206 2854 1377 2901 decem
1410 2853 1616 2901 debebat
1647 2852 1796 2900 fuisse
1829 2852 2062 2900 tredecim

288 2934 544 2997 largitatis,
570 2934 734 2996 viginti
781 2935 877 2982 duo
920 2935 1250 2999 longitudinis,
1291 2936 1420 2998 quod
1457 2935 1543 2984 fuit
1576 2936 1700 2983 bene
1731 2950 1741 2981 z
1770 2934 1944 2983 lectica
1979 2934 2064 2983 suit

289 3017 434 3080 longa
459 3016 731 3080 palmorum
767 3017 953 3076 decem,
995 3018 1134 3081 larga
1172 3021 1300 3078 octo,
1340 3018 1435 3066 alta
1473 3018 1682 3081 quinque
1713 3022 1761 3066 et
1799 3017 1885 3066 suit
1921 3017 2064 3066 nimis

290 3115 450 3163 parva.
479 3099 674 3147 Funesti
698 3099 892 3148 fuerunt
921 3100 1113 3148 circiter
1144 3104 1364 3149 centum:
1401 3100 1510 3148 dedi
1546 3104 1709 3148 autem
1741 3100 1809 3147 eis
1842 3100 2068 3159 cedulam

291 3181 414 3229 infra
438 3181 728 3229 novendium
749 3181 994 3230 intorticia
1019 3183 1502 3244 quatuorlibrarum;
1536 3198 1622 3246 pro
1657 3187 1833 3242 castro,
1859 3199 2062 3244 novem;

292 3280 378 3326 pro
395 3265 663 3327 sepultura,
684 3264 801 3325 duo;
821 3281 910 3328 pro
929 3265 1091 3313 missis
1103 3266 1260 3313 bassis
1278 3266 1409 3314 circa
1433 3269 1668 3325 castrum,
1686 3267 1954 3325 sexdecim3
1975 3282 2066 3330 pro

294 3347 457 3407 altari,
486 3351 595 3396 octo
617 3364 626 3406 ;
650 3351 697 3395 et
714 3349 842 3411 quod
869 3348 1041 3395 ultima
1071 3346 1148 3396 d'ie
1175 3348 1454 3396 dicerentur
1469 3352 1663 3396 centum
1689 3350 1836 3397 misse
1862 3351 2065 3399 totidem

294 3429 455 3490 prima
481 3432 528 3477 et
550 3430 677 3478 infra
694 3430 985 3479 novendium
1012 3431 1227 3493 qualibet
1246 3431 1323 3479 die
1347 3431 1611 3495 octoginta,
1642 3435 1689 3479 et
1713 3434 1911 3481 cuilibet
1936 3434 2064 3481 cele-
