2228 3938
200 409 470 450 [Janvier1501]
648 408 815 445 RERUM
849 406 1150 444 URBANARUM
1182 407 1530 444 COMMENTARH.
1911 409 1975 445 101

198 511 405 559 limitare
432 528 488 560 ac
514 516 700 569 taxare,
729 515 776 558 et
800 511 1009 572 desuper
1033 525 1142 557 cum
1170 509 1303 572 ipsis,
1334 509 1456 557 sicut
1482 510 1653 557 nuntio
1680 513 1727 557 et
1753 510 1978 557 commis-

200 596 329 642 sario
355 611 411 643 ac
448 594 738 658 deputandis
768 596 816 640 et
852 593 1230 656 subdelegandis
1266 593 1499 655 predictis
1538 593 1702 641 utilius
1738 593 1976 641 videbitur

201 678 464 742 exponere,
506 693 693 725 necnon
728 676 892 724 omnia
921 676 1052 723 circa
1087 675 1182 723 hoc
1213 675 1272 722 ad
1311 675 1577 722 salutarem
1611 679 1658 723 et
1689 676 1976 724 celeriorem

199 762 555 825 expeditionem
586 760 858 809 faciendam
890 774 1157 822 procurare
1197 762 1245 806 et
1271 759 1522 816 ordinare,
1551 762 1598 806 et
1632 762 1679 806 ut
1704 759 1976 808 oblationes

197 844 476 908 hujusmodi
499 843 705 892 fideliter
729 843 976 907 colligant,
1008 845 1056 890 et
1078 842 1281 907 col-lecte
1308 846 1674 901 conserventur,
1697 857 1752 890 ac
1779 843 1975 891 illarum

198 931 460 992 proventus
484 927 533 974 in
556 926 651 975 hoc
676 926 1034 974 sanctissimum
1061 929 1108 974 et
1132 925 1463 973 necessarium
1480 940 1602 988 opus
1629 930 1797 973 contra
1820 926 1976 974 crucis

198 1008 374 1058 Christi
409 1009 634 1058 inimicos
666 1014 712 1058 et
750 1024 847 1057 non
879 1009 927 1056 in
964 1009 1111 1057 aliam
1139 1024 1337 1057 causam
1375 1008 1572 1056 omnino
1606 1013 1970 1067 convertantur,

193 1093 415 1141 volumus
440 1094 570 1156 quod
594 1092 792 1141 nuntius
820 1096 865 1140 et
898 1092 1283 1151 commissarius,
1320 1108 1405 1139 seu
1432 1091 1698 1154 deputandi
1726 1094 1772 1138 et
1803 1092 1976 1139 subde-

194 1176 384 1240 legandi
410 1177 616 1240 predicti
648 1177 695 1223 in
733 1175 933 1239 singulis
965 1175 1184 1224 ecclesiis
1217 1176 1278 1222 ad
1303 1175 1351 1223 id
1382 1190 1470 1238 per
1494 1174 1624 1237 ipsos
1650 1174 1969 1234 ordinandos

196 1275 340 1307 unam
365 1259 438 1307 vel
461 1259 625 1322 plures
649 1275 823 1322 capsas
851 1258 1090 1307 clausuris
1116 1263 1163 1306 et
1194 1258 1411 1306 clavibus
1443 1258 1566 1305 bene
1594 1258 1806 1305 munitas
1830 1262 1973 1321 prout

193 1343 281 1390 sibi
308 1347 355 1392 et
373 1342 664 1406 deputandis
683 1347 731 1391 et
756 1341 1132 1406 subdelegandis
1159 1341 1390 1405 predictis
1414 1340 1669 1396 videbitur,
1697 1341 1968 1399 ordinetur,

193 1431 240 1473 et
255 1424 492 1488 ‘quidquid
508 1441 566 1472 ex
584 1441 680 1473 una
700 1441 889 1489 quaque
907 1441 1055 1489 capsa
1076 1425 1263 1473 extrahi
1283 1425 1534 1487 continget
1555 1440 1642 1487 per
1666 1423 1973 1472 authenticas

193 1524 427 1573 personas
447 1509 689 1567 annotari,
710 1509 892 1557 etillud
920 1512 1092 1567 totum,
1121 1509 1169 1556 in
1195 1508 1484 1572 premissam
1510 1523 1708 1555 causam
1736 1511 1780 1554 et
1803 1523 1899 1555 non
1924 1508 1971 1554 in

195 1593 314 1640 alios
338 1608 454 1640 usus
481 1592 678 1640 omnino
716 1593 1115 1652 convertendum,
1151 1592 1211 1640 ad
1242 1607 1489 1640 cameram
1519 1591 1835 1654 apostolicam
1856 1590 1972 1638 tide-

192 1675 302 1723 liter
326 1675 582 1722 transferri
609 1691 691 1722 seu
721 1676 1050 1723 transmittere
1077 1678 1334 1738 procuret3
1367 1678 1414 1721 et
1437 1674 1474 1721 si
1506 1674 1669 1722 forsan
1693 1690 1838 1737 super
1865 1690 1972 1737 pre-

195 1757 451 1805 missorum
495 1758 778 1805 executione
818 1761 866 1805 et
902 1758 1202 1821 presentium
1236 1758 1505 1806 litterarum
1539 1757 1871 1815 concessione,
1914 1773 1969 1805 ac

194 1840 384 1888 illarum
405 1840 630 1887 clausulis
657 1845 703 1888 et
720 1841 874 1887 verbis
901 1841 1061 1904 aliqua
1081 1841 1228 1888 dubia
1251 1840 1614 1903 quomodolibet
1642 1839 1965 1898 exorirentur,

194 1923 412 1986 ejusdem
436 1923 588 1970 nuntii
613 1927 660 1971 et
684 1923 1004 1971 commissarii
1029 1924 1110 1986 qui
1136 1925 1195 1971 de
1231 1923 1484 1986 premissis
1508 1923 1650 1983 plene
1678 1922 1969 1970 informatus

191 2005 368 2064 existit,
400 2021 455 2053 ac
487 2006 633 2053 etiam
666 2007 1055 2069 deputandorum
1081 2011 1127 2054 et
1152 2006 1629 2070 subdelegandorum
1653 2006 1776 2053 adeo
1803 2006 1967 2053 decla-

189 2087 362 2135 rationi
386 2094 433 2135 et
460 2088 863 2152 interpretationi,
896 2090 1040 2137 toties
1071 2091 1261 2153 quoties
1295 2106 1416 2153 opus
1440 2089 1603 2147 fuerit,
1640 2088 1757 2137 stari
1785 2089 1966 2137 debere

187 2171 512 2230 decernimUS,
539 2177 584 2219 et
601 2176 652 2220 ut
679 2172 948 2220 animarum
965 2173 1092 2221 salus
1110 2189 1167 2220 eo
1185 2173 1345 2236 potius
1360 2176 1664 2236 procuretur,
1691 2188 1786 2235 quo
1814 2173 1967 2235 magis

187 2255 394 2302 aliorum
430 2261 574 2319 egent
612 2255 870 2319 suffragiiS,
916 2261 964 2304 et
1007 2273 1100 2320 quo
1138 2257 1297 2304 minus
1339 2257 1428 2304 sibi
1473 2255 1713 2319 proficere
1755 2256 1962 2315 valeant,

185 2337 473 2385 auctoritate
509 2338 728 2401 predicta
761 2340 820 2386 de
854 2340 1081 2388 thesauro
1115 2344 1279 2388 sancte
1310 2339 1481 2387 matris
1511 2339 1736 2397 ecclesie,
1776 2339 1964 2387 anima-

185 2420 274 2468 bus
314 2420 362 2468 in
398 2422 682 2485 purgatorio
730 2423 1047 2471 existentibus
1085 2439 1178 2487 que
1208 2439 1297 2486 per
1342 2423 1597 2470 caritatem
1634 2423 1694 2469 ab
1731 2422 1823 2470 hac
1855 2423 1963 2471 luce

183 2502 356 2550 Christi
382 2503 712 2563 decesserunt,
743 2509 791 2553 et
823 2522 933 2568 que,
964 2507 1079 2554 dum
1114 2507 1342 2564 viverent,
1384 2510 1586 2570 paterno
1609 2505 1962 2569 compatientes

183 2585 375 2645 affectu,
410 2591 642 2649 quantum
683 2604 794 2636 cum
835 2592 937 2637 Deo
966 2606 1241 2653 possumus,
1276 2604 1559 2650 succererre
1594 2589 1862 2652 cupientes,
1903 2589 1961 2636 de

181 2669 338 2717 divina
367 2669 702 2719 misericordia
741 2675 788 2720 et
816 2672 1080 2734 apostolice
1111 2672 1363 2735 potestatis
1396 2670 1716 2734 plenitudine,
1741 2671 1961 2718 volumus

182 2756 230 2800 et
256 2753 594 2824 concordimus
622 2759 674 2802 ut
701 2755 740 2802 si
768 2755 847 2818 qui
875 2759 1119 2820 parentes,
1145 2755 1286 2804 amici
1309 2759 1391 2803 aut
1412 2754 1560 2803 ceteri
1593 2753 1768 2802 Christi
1791 2753 1960 2802 fideles

179 2836 359 2900 pietate
392 2838 622 2886 commoti
660 2854 747 2902 pro
781 2839 896 2902 ipsis
934 2838 1185 2886 animabus
1224 2838 1506 2902 purgatorio
1541 2838 1640 2900 igni
1671 2854 1758 2901 pro
1799 2838 1961 2901 expia-

179 2919 312 2968 tione
354 2935 591 2983 penarum
626 2921 810 2971 eisdem
852 2922 1117 2970 secundum
1163 2922 1370 2970 divinam
1406 2922 1645 2986 justitiam
1685 2921 1958 2969 debitarum

179 3003 426 3066 expositis,
462 3004 667 3054 durante
698 3005 824 3054 dicto
853 3011 1072 3070 tempore
1115 3005 1396 3069 indugentie
1434 3005 1495 3053 ad
1534 3021 1655 3069 opus
1679 3005 1957 3068 hujusmodi

179 3085 391 3149 aliquam
430 3087 791 3154 eleemosynam
831 3090 970 3153 juxta
1002 3089 1156 3137 nuntii
1193 3093 1240 3138 et
1273 3088 1596 3136 commissarii
1630 3104 1687 3136 ac
1719 3087 1959 3152 deputan-

179 3168 351 3217 dorum
375 3177 423 3219 et
451 3170 925 3236 subdelegandorum
948 3173 1274 3237 predictorum
1297 3172 1371 3220 vel
1396 3172 1599 3235 alicujus
1634 3187 1803 3220 eorum
1829 3170 1957 3218 ordi—

180 3251 375 3300 natione
405 3253 558 3302 dictas
596 3255 828 3304 ecclesias
866 3256 1125 3305 visitandas
1158 3256 1235 3321 pie
1270 3255 1593 3319 erogaverint,
1615 3259 1666 3303 ut
1696 3254 1952 3318 prefertur,

184 3347 270 3394 pro
290 3334 507 3397 plenaria
526 3353 762 3401 penarum
783 3340 1078 3388 relaxatione
1105 3340 1410 3403 suffragetur,
1437 3354 1490 3386 ac
1514 3353 1683 3385 omnes
1706 3336 1955 3396 utriusque

185 3429 324 3462 sexus
346 3417 520 3467 Christi
550 3421 718 3470 fideles
740 3423 798 3471 de
828 3423 1063 3470 similibus
1084 3422 1424 3486 potestatibus,
1447 3419 1743 3483 plenitudine
1767 3421 1814 3464 et
1831 3417 1953 3463 libe-

183 3496 370 3546 ralitate
410 3501 490 3562 qui
530 3518 701 3551 manus
741 3505 1000 3568 adjutrices
1032 3505 1094 3552 ad
1118 3504 1396 3567 hujusmodi
1436 3518 1573 3564 opus,
1606 3499 1842 3548 visitando
1882 3499 1955 3547 vel
