2202 3918
303 380 372 416 396
908 375 926 412 J
932 374 1138 411 OHANNIS
1176 374 1472 420 BURCHARDI,
1819 380 2070 424 [Juillet21505]

369 480 556 539 Martis,
585 483 612 527 8
634 478 757 542 julii,
777 492 865 540 per
890 481 1029 540 prata
1053 482 1099 524 et
1116 481 1308 540 portam
1329 481 1370 527 V
1375 477 1572 535 iridarii,
1601 478 1733 525 circa
1755 479 1927 526 horam
1951 480 2075 544 vige-

306 567 477 614 simam
515 562 743 626 primam,
771 560 964 608 intravit
1000 561 1177 608 Urbem
1208 564 1264 608 D.
1294 559 1572 607 Dominicus
1595 559 1813 619 Pisanus,
1843 562 2073 625 patricius

303 651 533 704 VenetuS,
560 647 724 693 orator
747 645 1064 702 Venetorum,
1083 646 1308 706 receptus
1334 658 1362 689 a
1386 641 1580 689 familiis
1611 645 1738 706 Pape
1773 646 1821 690 et
1855 644 2074 693 cardina—

305 730 439 787 lium,
467 730 636 775 contra
656 726 809 773 bonos
834 739 1013 782 moreS,
1040 726 1203 773 tamen
1228 724 1339 788 quia
1367 724 1494 771 istud
1532 724 1621 772 suit
1654 724 1701 771 in
1742 725 1904 773 multis
1938 727 2075 774 annis

304 810 517 858 indebite
542 809 871 866 observatum;
901 809 1011 871 post
1034 807 1238 855 familias
1270 810 1397 870 Pape
1430 794 1666 855 venerunt
1688 807 1785 855 dux
1825 808 1993 856 Urbini
2029 814 2076 857 et

303 893 545 957 prefectus
592 892 637 940 ei
663 891 873 950 obviam,
902 889 1028 938 inter
1059 905 1179 953 quos
1208 890 1458 954 posuimus
1496 892 1739 937 oratorem
1774 891 2008 950 medium,
2050 907 2077 940 a

305 976 481 1025 dextris
518 975 783 1023 habentem
817 973 990 1022 ducem
1025 973 1204 1031 Urbini,
1243 989 1271 1021 a
1310 972 1512 1020 sinistris
1541 972 1825 1036 prefectum.
1863 973 2076 1022 Primum

305 1060 463 1106 suerat
481 1058 608 1106 inter
627 1057 1006 1121 gubernatorem
1029 1072 1056 1105 a
1071 1054 1254 1104 dektris
1275 1055 1765 1119 etarchiepiscopum
1778 1056 1837 1104 de
1851 1056 2077 1105 Nicolinis

306 1158 334 1190 a
357 1141 584 1200 sinistris;
610 1140 876 1211 associatus
901 1139 992 1187 fuit
1011 1155 1163 1202 usque
1185 1140 1244 1187 ad
1270 1140 1466 1187 domum
1498 1139 1622 1187 bone
1657 1139 1893 1187 memorie
1923 1139 2078 1187 cardi-

306 1225 426 1272 nalis
445 1222 835 1287 CaputaquenSiS,
860 1222 908 1270 in
929 1238 1025 1285 qua
1061 1222 1150 1270 fuit
1181 1223 1470 1286 hospitatus.
1506 1225 1680 1286 Magna
1718 1223 1808 1271 fuit
1841 1223 1996 1286 pridie
2030 1226 2078 1272 et

305 1306 412 1355 heri
434 1322 579 1370 super
593 1306 740 1370 hujus
764 1305 971 1354 oratoris
990 1305 1270 1369 receptione
1286 1305 1566 1369 disputatio,
1583 1322 1697 1353 nam
1719 1308 1802 1354 SS.
1823 1309 1877 1354 D.
1894 1311 2073 1366 noster,

307 1388 554 1436 intellecta
587 1388 715 1435 bona
757 1386 1065 1434 ordinatione
1102 1390 1149 1434 et
1181 1386 1532 1435 consuetudine
1575 1388 1703 1450 quod
1737 1392 1953 1435 oratores
1980 1403 2078 1436 non

218 1530 229 1540 ·
306 1470 552 1539 venientes
575 1485 659 1533 pro
685 1469 961 1517 obedientia
987 1469 1260 1532 prestanda,
1287 1469 1362 1517 vel
1390 1469 1609 1518 videlicet
1641 1486 1730 1533 pro
1761 1471 1889 1519 bono
1926 1472 2074 1535 reipu-

307 1553 431 1601 blice
459 1552 744 1610 christiane,
783 1567 883 1599 non
919 1551 1126 1599 debeant
1151 1567 1239 1614 per
1269 1552 1475 1599 familias
1510 1554 1639 1615 Pape
1676 1556 1725 1600 et
1765 1553 2079 1601 cardinalium

309 1636 478 1699 recipi,
521 1634 701 1682 mansit
737 1633 908 1681 firmus
941 1635 1070 1697 quod
1110 1634 1187 1681 isti
1223 1650 1321 1682 non
1357 1634 1696 1697 reciperentur
1744 1651 1831 1698 per
1873 1635 2079 1683 familias

307 1717 611 1783 hujusmodi3
639 1718 837 1765 tandem
858 1717 1012 1765 victus
1036 1716 1430 1780 persuasionibus
1455 1717 1592 1764 ducis
1619 1717 1806 1776 Urbini,
1834 1717 2082 1766 thesaura-

310 1802 385 1861 rii,
410 1788 628 1865 magistri
650 1801 819 1848 domus
843 1804 890 1849 et
913 1800 1119 1849 aliorum
1144 1800 1468 1848 asserentium
1495 1800 1621 1848 inter
1645 1800 1739 1848 alia
1771 1801 1916 1849 etiam
1939 1816 2079 1865 posse

312 1886 482 1933 obesse
508 1883 740 1933 cardinali
765 1900 786 1931 s
836 1883 961 1931 Petri
999 1884 1059 1931 ad
1085 1883 1290 1933 Vincula
1313 1883 1570 1946 quominus
1599 1887 1941 1947 assequeretur
1967 1899 2082 1947 pos-

312 1966 578 2015 sessionem
598 1965 804 2014 ecclesie
829 1966 1188 2024 Cremonensis,
1216 1966 1461 2014 mandavit
1481 1966 1608 2029 quod
1634 1965 1815 2015 familie
1837 1966 2083 2014 mitteren-

307 2055 409 2108 tur;
432 2052 480 2097 et
500 2049 619 2096 dixit
643 2048 692 2095 in
713 2049 868 2112 primo
904 2048 1191 2097 consistorio
1216 2064 1265 2096 se
1286 2048 1406 2096 velle
1434 2049 1663 2096 ordinare
1685 2049 1809 2111 quod
1850 2048 2082 2112 deinceps

305 2148 402 2180 non
419 2127 697 2190 mitteretur
717 2132 905 2180 obviam
928 2131 1155 2195 cuiquam
1179 2131 1271 2179 nisi
1304 2147 1391 2195 pro
1416 2131 1694 2179 obedientia
1731 2131 1806 2179 vel
1833 2131 1960 2180 bono
1992 2148 2082 2195 pu-

306 2215 434 2263 blico
454 2215 680 2263 venienti.

366 2300 417 2346 In
438 2301 580 2346 nocte
600 2297 819 2361 sequenti
843 2297 971 2344 diem
991 2297 1104 2345 lune
1142 2302 1197 2345 14
1223 2297 1351 2362 julii,
1390 2297 1516 2345 inter
1545 2298 1667 2346 duos
1693 2298 1858 2361 pulsos
1882 2299 2078 2347 matuti-

305 2397 477 2429 norum
503 2381 712 2439 Araceli,
741 2380 952 2429 furatum
998 2380 1084 2428 fuit
1106 2380 1224 2429 mihi
1263 2380 1548 2428 mantellum
1582 2396 1693 2428 cum
1719 2369 2076 2445 cappuccio'de

307 2465 466 2528 sargia
490 2464 656 2512 celesti
679 2468 726 2513 et
749 2464 844 2512 duo
867 2463 1131 2511 mantelleti
1157 2466 1205 2511 et
1228 2463 1463 2527 diploides
1486 2479 1575 2527 per
1599 2464 1876 2512 fenestram.

368 2547 614 2606 Mercurii,
647 2551 703 2595 16
735 2546 860 2611 julii,
887 2551 996 2595 ante
1015 2546 1298 2611 prandium,
1336 2547 1633 2610 decapitatus
1655 2547 1743 2596 fuit
1770 2548 1819 2595 in
1844 2548 2078 2611 Capitolio

303 2631 534 2694 magister
558 2630 616 2678 de
633 2633 844 2678 Persona
869 2629 948 2694 (1),
971 2630 1088 2678 civis
1113 2632 1372 2684 Romanus,
1401 2630 1530 2677 circa
1551 2629 1744 2694 triginta
1764 2645 1915 2678 annos
1937 2645 2080 2679 cons-

306 2714 491 2773 titutus,
517 2714 755 2763 medicine
778 2714 966 2772 doctor,
994 2713 1212 2762 medicus
1232 2713 1487 2761 cardinalis
1509 2712 1813 2772 Salernitani,
1842 2713 1920 2776 qui
1944 2729 2081 2777 supe-

308 2797 428 2845 riori
451 2813 577 2845 anno
602 2813 747 2845 unam
774 2800 970 2860 neptem
1007 2812 1160 2855 suam,
1190 2796 1357 2844 fratris
1392 2795 1605 2843 defuncti
1628 2795 1793 2854 filiam,
1826 2796 2082 2843 carnaliter

312 2896 398 2943 per
438 2894 548 2928 eum
588 2883 854 2942 stupratam
894 2883 941 2927 et
978 2880 1101 2927 forte
1137 2879 1508 2943 impregnatam,
1546 2892 1728 2926 veneno
1761 2877 2002 2926 interfecit
2031 2881 2080 2925 et

313 2978 459 3026 super
482 2962 625 3009 aliam
660 2964 854 3025 neptem
877 2961 1049 3025 prioris
1083 2961 1261 3009 sororis
1298 2961 1441 3009 etiam
1479 2959 1739 3007 carnaliter
1774 2959 2006 3022 stupravit
2033 2964 2080 3008 et

309 3045 482 3093 deinde
515 3044 834 3107 strangulavit
867 3047 915 3091 et
944 3044 992 3091 in
1032 3045 1179 3092 linteo
1214 3043 1482 3101 conditam,
1515 3058 1571 3090 ac
1605 3042 1643 3089 si
1688 3058 1747 3089 ex
1780 3046 1915 3105 peste
1955 3046 2080 3090 esset

309 3125 552 3184 defuncta,
577 3124 810 3173 sacchinis
836 3125 1134 3188 consignavit
1159 3125 1219 3172 ad
1256 3123 1540 3187 portandam
1577 3123 1636 3170 ad
1667 3124 1897 3186 Campum
1931 3125 2081 3171 Sanc-

309 3211 429 3255 tum.
451 3208 630 3255 Indicio
652 3208 737 3256 Dei
759 3211 1007 3271 portantes
1033 3207 1276 3255 solverunt
1291 3212 1334 3254 et
1352 3210 1676 3269 cognoverunt
1692 3222 1800 3253 eam
1822 3207 2083 3270 strangula-

312 3295 409 3338 tam
461 3294 508 3339 et
548 3291 862 3354 propalarunt
903 3306 1022 3339 rem.
1069 3292 1245 3353 Captus
1288 3293 1360 3337 est
1403 3288 1685 3337 malefactor
1729 3294 1775 3337 et
1818 3290 2080 3352 precedens

365 3474 398 3508 1.
426 3473 518 3521 Voy.
542 3475 671 3511 Marini
693 3486 700 3510 :
725 3474 783 3511 Gli
803 3475 980 3511 archiatri
993 3476 1112 3518 Pone„
1134 3477 1160 3510 t.
1184 3473 1212 3518 Ι,
1232 3484 1269 3521 p.
1289 3473 1359 3509 269
1372 3475 1408 3509 et
1428 3471 1519 3510 suiv.
