2202 3918
219 332 427 375 Septembre
448 334 543 374 1505]
653 334 822 373 RERUM
854 334 1158 372 URBANARUM
1190 333 1538 372 COMMENTARH.
1607 313 1613 319 ’
1915 334 1981 372 401

206 441 255 486 et
278 454 342 486 ss,
369 438 642 487 Johannem
671 441 720 487 et
747 438 1078 495 Marcianum3
1109 442 1223 486 tunc
1249 438 1379 486 inter
1410 439 1562 487 altare
1587 440 1635 486 et
1666 436 1834 486 sedem
1857 437 1983 501 epis-

203 521 422 584 copalem
450 521 500 568 in
529 521 674 585 plano
711 520 972 585 genuflexit
1010 524 1059 568 et
1097 520 1234 568 finito
1271 521 1335 568 Te
1362 522 1536 581 Deum,
1575 537 1666 586 ego
1705 521 1753 568 in
1790 520 1982 584 pluviali

201 604 360 669 incepi
382 605 646 654 versiculos
682 605 847 653 solitos
875 605 1122 652 Protector
1152 613 1326 664 noster,
1355 610 1449 654 etc.
1479 608 1527 654 et
1550 605 1819 652 orationem
1842 603 1975 652 Deus

204 689 432 749 onmium,
450 691 566 749 etc.,
591 693 639 738 et
660 691 788 753 Papa
808 688 1018 736 surrexit
1039 691 1088 736 et
1111 688 1161 736 in
1178 689 1341 736 medio
1357 688 1605 737 benedixit
1623 688 1820 752 populo,
1844 702 1981 736 more

205 773 361 831 solito,
384 773 576 821 detecto
600 771 772 835 capite,
797 771 912 835 quia
937 787 1058 819 crux
1079 787 1167 819 sua
1190 771 1277 819 fuit
1302 775 1496 836 portata
1519 775 1665 835 prout
1695 772 1745 819 in
1768 787 1806 819 s.
1836 773 1983 820 Petro

206 856 315 904 fieri
350 856 490 915 solet,
526 858 575 903 et
621 855 754 903 dedit
797 854 1152 919 indulgentiam
1191 859 1381 918 septem
1422 870 1659 903 annorum
1701 859 1749 903 et
1779 854 1985 903 totidem

208 944 532 1005 quarantenas
569 954 689 1002 quas
733 938 1076 1002 pronunciavit
1119 938 1379 986 cardinalis
1420 938 1655 986 Columna
1690 938 1740 985 in
1776 937 1983 1002 vulgari.

210 1022 362 1070 Exivit
382 1022 638 1071 ecclesiam
662 1024 795 1086 Papa
817 1037 928 1070 cum
957 1037 1102 1070 cruce
1131 1025 1178 1070 et
1210 1021 1431 1069 ascendit
1457 1021 1656 1080 mulam,
1684 1024 1731 1069 et
1757 1021 1989 1085 equitavit

210 1106 272 1153 ad
313 1108 551 1161 castrum:
596 1105 919 1153 interfuerunt
972 1120 1056 1152 sex
1100 1104 1392 1163 cardinales,
1430 1104 1652 1153 videlicet
1689 1121 1727 1152 s.
1772 1103 1984 1168 Georgii,

211 1189 544 1248 BononiensiS‚
566 1189 935 1248 Volaterranus,
949 1188 1210 1247 Adrianus,
1229 1188 1466 1236 Columna
1484 1191 1532 1236 et
1551 1187 1812 1252 Aragonia.
1842 1188 1990 1236 Sedes

211 1272 499 1336 episcopalis
519 1288 629 1321 mea
653 1276 700 1321 et
715 1272 1048 1320 ,faldistorium
1072 1287 1161 1336 pro
1193 1274 1324 1335 Papa
1348 1287 1447 1320 non
1472 1271 1669 1320 fuerunt
1685 1275 1856 1336 parata
1879 1271 1992 1334 quia

208 1355 420 1403 forerius
434 1355 660 1419 promisit
673 1355 721 1403 id
741 1356 903 1405 facere
919 1360 967 1404 et
985 1371 1083 1403 non
1096 1354 1227 1404 fecit.
1251 1358 1383 1419 Papa
1397 1355 1516 1403 nihil
1538 1354 1707 1404 obtulit
1730 1355 1786 1403 ad
1813 1354 1984 1402 altare.

273 1439 460 1498 MartiS,
501 1443 529 1487 9
564 1439 873 1502 septembris,
910 1442 1040 1503 Papa
1084 1439 1264 1487 audivit
1297 1439 1497 1487 missam
1539 1438 1731 1486 bassam
1766 1438 1812 1485 in
1854 1437 1994 1486 altari

209 1523 394 1587 majore
418 1523 622 1571 ecclesie
666 1539 773 1572 mee
809 1538 953 1586 quam
993 1522 1255 1571 celebrav1t
1290 1525 1348 1570 D,
1386 1522 1668 1570 Dominicus
1711 1521 1989 1585 capellanus

210 1621 342 1663 suus,
374 1608 420 1653 et
443 1605 620 1653 iterum
657 1605 776 1653 nihil
805 1605 996 1665 obtulit,
1028 1604 1147 1654 vidit
1171 1605 1503 1669 episcopatum
1532 1620 1696 1652 meum
1730 1607 1779 1652 et
1807 1603 1991 1652 lodiam

211 1687 570 1751 discoopertam
595 1693 705 1736 ante
725 1688 942 1748 missam,
962 1692 1010 1736 et
1031 1692 1200 1752 postea
1218 1703 1439 1736 reversus
1465 1691 1539 1735 est
1559 1688 1619 1736 ad
1644 1690 1879 1735 castrum.
1907 1686 1991 1734 His

210 1771 399 1831 diebus,
426 1775 478 1819 ut
502 1771 621 1819 mihi
652 1771 739 1820 fuit
773 1771 994 1830 relatum,
1023 1773 1154 1835 Papa
1182 1771 1432 1819 transtulit
1454 1772 1633 1820 festum
1666 1787 1729 1819 ss.
1754 1769 1990 1818 Johannis

210 1857 258 1902 et
293 1854 541 1915 Marciani,
569 1855 699 1918 quod
732 1854 971 1903 celebrari
1009 1854 1215 1903 debebat
1252 1858 1309 1902 16
1344 1854 1492 1919 hujus
1536 1870 1647 1903 cum
1684 1853 1991 1918 indulgentia

208 1953 311 1998 sua,
336 1939 397 1986 ad
415 1938 710 1986 dominicam
737 1941 794 1985 14
818 1937 983 2002 hujus.

273 2021 360 2070 Die
386 2021 646 2080 dominica,
681 2025 737 2069 14
765 2021 1074 2085 septembris,
1106 2022 1166 2070 ad
1191 2037 1339 2085 quam
1363 2021 1652 2069 translatum
1678 2020 1874 2079 festum,
1904 2020 1992 2069 fuit

205 2105 335 2154 dicta
355 2104 561 2169 epistola
582 2105 631 2152 in
655 2105 806 2152 missa
826 2107 1027 2169 maJore,
1053 2121 1199 2167 quam
1228 2105 1492 2153 celebravit
1521 2104 1920 2169 archipresbyter
1941 2103 1989 2151 in

204 2193 346 2236 cantu
377 2204 465 2236 suo
504 2188 666 2236 solito.
714 2187 983 2237 Cardinalis
1020 2188 1341 2237 Bononiensis
1374 2187 1563 2251 accepit
1590 2203 1762 2250 pacem
1801 2203 1831 2234 a
1863 2186 1991 2235 cele-

203 2272 401 2331 brante;
432 2271 580 2320 etiam
620 2271 754 2319 dedit
793 2287 900 2320 eam
938 2274 1066 2335 Pape
1106 2275 1154 2319 et
1203 2274 1259 2318 D.
1298 2270 1678 2334 Christophorus
1714 2269 1849 2317 dedit
1881 2285 1989 2318 eam

204 2354 546 2413 cardinalibus,
575 2354 738 2403 nescio
758 2355 899 2418 siper
914 2354 1293 2403 instrumentum
1313 2353 1387 2401 vel
1409 2369 1510 2411 ore,
1540 2353 1653 2416 quia
1671 2368 1762 2416 ego
1791 2356 1991 2416 propter

201 2437 469 2501 podagram
491 2453 590 2486 non
613 2437 749 2500 potui
775 2438 1039 2495 accedere,
1063 2439 1112 2485 et
1131 2436 1343 2485 Michael
1368 2439 1476 2484 erat
1501 2435 1750 2495 infirmus3
1780 2451 1870 2499 ego
1895 2435 1989 2483 feci

206 2535 283 2569 me
305 2524 499 2584 portare
522 2520 570 2567 in
607 2521 722 2568 sede
759 2535 871 2568 mea
897 2536 1042 2584 super
1070 2535 1306 2584 organum
1340 2520 1420 2568 ubi
1452 2522 1582 2583 Papa
1611 2519 1916 2568 descendens
1939 2519 1989 2566 in

206 2603 323 2651 sede
345 2618 432 2651 sua
455 2617 533 2651 me
553 2602 672 2650 vidit
693 2607 740 2651 et
764 2602 884 2650 mihi
913 2602 1166 2651 benedixit
1196 2602 1376 2650 ridens,
1414 2601 1570 2650 Finita
1597 2601 1747 2648 missa
1777 2601 1983 2664 majore,

205 2686 336 2750 Papa
358 2685 609 2735 descendit
636 2686 696 2734 de
719 2686 834 2734 sede
866 2684 1130 2750 episcopali
1159 2700 1253 2748 que
1280 2701 1376 2732 uno
1406 2699 1584 2748 magno
1611 2686 1775 2746 tapete
1798 2685 1986 2731 tantum

204 2773 310 2818 erat
329 2772 516 2834 parata,
543 2773 591 2818 et
614 2769 663 2816 in
686 2768 848 2817 medio
869 2768 1050 2828 altaris,
1070 2768 1262 2817 detecto
1286 2768 1460 2832 capite,
1487 2769 1636 2830 Papa,
1661 2770 1861 2830 propter
1883 2781 1989 2814 cru-

202 2868 310 2901 cem
332 2868 487 2913 suam,
513 2855 567 2900 ut
590 2868 746 2916 nuper
765 2851 1032 2911 benedixit,
1056 2854 1106 2900 et
1133 2867 1232 2900 non
1255 2852 1399 2909 bene,
1428 2850 1543 2913 quia
1563 2849 1770 2898 debebat
1795 2849 1843 2896 in
1870 2848 1985 2898 sede
2027 2884 2030 2887 -

203 2939 465 2999 coopertus
496 2935 816 2995 benedicere;
851 2935 1027 2984 deinde
1060 2934 1326 2999 genuflexit
1355 2934 1403 2982 in
1434 2932 1700 2982 faldistorio
1731 2936 1778 2981 et
1803 2931 1984 2980 ibidem

202 3018 380 3067 audivit
403 3019 603 3068 missam
621 3019 815 3068 bassam
840 3035 983 3083 quam
1017 3019 1280 3068 celebravit
1312 3021 1371 3066 D.
1402 3016 1683 3065 Dominicus
1704 3014 1983 3079 capellanus

202 3116 341 3161 suus;
377 3102 650 3151 cardinales
683 3102 733 3150 in
764 3102 914 3150 missa
939 3103 1126 3166 maj0re
1153 3101 1384 3150 sederunt
1407 3101 1454 3148 in
1481 3099 1706 3148 murettis
1729 3098 1844 3146 hinc
1867 3097 1981 3146 inde

202 3185 446 3247 coopertis
462 3186 722 3249 tapetibUS,
745 3190 792 3235 et
807 3186 856 3234 in
875 3187 1017 3234 bassa
1036 3185 1215 3234 ibidem
1238 3185 1625 3249 genuflexerunt.
1654 3185 1784 3246 Papa
1804 3181 1981 3230 iterum

203 3267 324 3315 nihil
344 3267 536 3317 obtulit.
564 3269 720 3318 Finita
743 3285 890 3333 parva
920 3269 1082 3328 missa,
1126 3268 1237 3317 fecit
1277 3284 1327 3315 se
1358 3270 1556 3332 portare
1588 3267 1636 3313 in
1667 3265 1780 3313 sede
1810 3280 1897 3312 sua
1919 3263 1980 3312 ad

203 3355 436 3409 castrum,
468 3354 517 3399 et
542 3367 632 3417 ego
654 3352 702 3400 in
724 3368 835 3400 mea
860 3368 948 3416 per
971 3353 1168 3400 hortum
1198 3367 1380 3410 meum,
1419 3351 1563 3399 etiam
1588 3349 1649 3397 ad
1667 3353 1900 3407 castrum,
1928 3351 1981 3396 ut

201 3433 534 3498 supplicarem
570 3450 663 3499 pro
699 3435 957 3500 scriptoria
991 3438 1216 3493 vacante;
1247 3434 1333 3483 sed
1361 3437 1493 3497 Papa
1525 3432 1679 3482 noluit
1710 3447 1821 3481 eam
1855 3429 1978 3480 mihi

387 3545 422 3572 τ.
452 3545 503 3572 111.
1737 3532 1786 3569 26
