2222 3932
147 354 420 396 [Fevrier1504]
581 351 752 389 RERUM
786 350 1088 388 URBANARUM
1120 350 1471 390 COMMENTARII.
1676 370 1686 377 ·
1863 358 1933 394 333

150 456 212 505 ad
235 455 495 505 ecclesiam
531 455 794 502 conventus
830 452 1043 501 Minerve
1074 452 1219 500 funus
1244 454 1340 501 sive
1372 455 1579 502 cadaver
1602 455 1817 504 Alberici
1840 460 1930 506 Ca-

152 540 293 600 raffe,
328 539 463 587 ducis
492 537 709 596 Adriani,
746 535 937 584 comitis
973 535 1230 595 Mariliani‚
1266 538 1646 600 precedentibus
1684 539 1936 603 octoginta

154 622 414 670 intorticiis
438 621 512 670 vel
526 621 662 671 circa
675 620 723 668 in
745 619 916 667 decem
935 620 1144 667 scamnis
1168 619 1264 668 sive
1286 622 1553 670 cavallettis
1574 638 1696 686 quos
1718 623 1937 688 singulos

154 706 413 770 portabant
434 706 531 753 duo
556 703 723 752 bisulci
750 702 975 751 cavalleti
996 719 1006 750 ε
1035 706 1174 751 erant
1196 703 1488 752 circumdati
1512 706 1620 754 telis
1647 707 1798 771 nigris
1824 722 1937 755 cum

156 789 310 837 armis
331 787 564 838 defuncti.
599 786 937 850 Sequebantur
960 789 1070 834 octo
1096 786 1353 836 societates
1374 789 1707 849 Annunciate;
1731 790 1937 838 totidem

156 889 195 921 s,
222 872 509 931 Salvatoris3
543 886 722 934 corpus
746 869 960 918 defuncti
994 869 1043 917 in
1067 885 1245 934 magno
1270 871 1397 919 lecto
1422 872 1632 935 positum
1659 890 1805 937 super
1833 874 1932 923 lec-

157 956 305 1005 ticam
345 955 540 1004 solitam
583 954 812 1001 vestitum
856 953 1036 1002 velluto
1070 953 1242 1017 nigro,
1284 955 1498 1005 ,calcaria
1541 956 1767 1005 inaurata
1797 958 1936 1022 juxta

155 1040 350 1103 pedem,
375 1053 543 1086 ensem
578 1052 723 1101 super
746 1036 970 1100 pedibuS,
996 1036 1207 1084 biretum
1236 1037 1287 1085 in
1312 1038 1470 1102 capite
1507 1055 1618 1086 cum
1642 1040 1758 1088 lista
1788 1056 1938 1089 aurea

155 1123 362 1171 inferius
384 1122 434 1169 in
467 1121 668 1168 modum
693 1120 860 1168 circuli
895 1120 1110 1168 ducalis:
1141 1121 1472 1184 sequebantur
1494 1123 1699 1186 triginta
1724 1124 1936 1187 quinque

155 1206 445 1264 familiares,
487 1205 661 1253 deinde
711 1203 993 1268 patriarcha
1030 1204 1390 1253 Alexandrinus
1433 1222 1546 1254 cum
1593 1208 1750 1255 cauda
1796 1224 1939 1271 quam

156 1289 363 1353 portavit
387 1288 510 1336 alius
534 1288 772 1335 funestus.
801 1287 1015 1335 Medices
1038 1287 1166 1336 inter
1192 1291 1249 1336 D.
1275 1290 1595 1338 Franciscum
1621 1290 1680 1338 de
1705 1293 1868 1339 Monte
1896 1294 1944 1338 et

158 1375 215 1420 D.
257 1374 460 1430 Lucam,
495 1375 743 1419 oratorem
777 1370 906 1434 regis
935 1373 1286 1430 Romanorum,
1321 1374 1370 1420 et
1403 1376 1511 1436 post
1537 1389 1651 1422 eum
1684 1373 1943 1437 episcopus

157 1455 418 1503 Tranensis
454 1455 580 1503 inter
612 1454 733 1501 duos
768 1453 1013 1518 prelatos:
1054 1455 1262 1503 caudam
1285 1457 1514 1519 portabat
1545 1457 1667 1504 alius
1693 1458 1939 1515 sunestus;

159 1538 488 1602 sequebantur
521 1537 603 1585 alii
640 1553 723 1584 sex
760 1537 1111 1601 consanguinei
1152 1538 1390 1602 sibiipsis
1421 1540 1630 1588 caudam
1666 1545 1937 1604 portantes,

160 1620 385 1669 associati
409 1637 437 1668 a
462 1619 681 1684 prelatis.
707 1622 891 1669 Vocate
918 1620 1114 1667 fuerunt
1140 1636 1310 1668 omnes
1344 1621 1523 1669 familie
1546 1622 1866 1671 cardinalium
1893 1627 1941 1671 et

162 1706 291 1767 Pape
315 1719 424 1751 cum
447 1701 716 1766 papalibus.
746 1704 846 1766 Ego
868 1703 1042 1765 veniet
1065 1703 1320 1752 nobiscum
1341 1705 1437 1752 dux
1460 1705 1816 1766 Urhinatensis,
1842 1710 1941 1755 Me-

158 1786 295 1835 dices
311 1786 439 1834 inter
452 1785 572 1832 duos
588 1784 802 1848 prelatos
817 1784 1040 1834 videlicet
1064 1786 1481 1834 Britonoriensem
1500 1791 1548 1835 et
1571 1791 1935 1850 Zamorensem,

159 1869 332 1917 deinde
354 1868 660 1928 Anserensis,
688 1868 1041 1932 Melphitensis,
1063 1869 1365 1918 Bellunensis
1390 1874 1439 1918 et
1461 1872 1756 1932 Calmensis;
1779 1889 1870 1938 ego
1897 1879 1945 1922 et

158 1952 387 2016 magister
421 1953 594 2000 domus
630 1953 775 2015 Pape,
813 1952 1215 2014 prothonotarius
1240 1953 1564 2017 Lippomanus
1600 1959 1647 2003 et
1671 1962 1938 2020 preceptor

158 2052 197 2084 s.
219 2036 447 2100 Spiritus.
467 2037 572 2083 Non
591 2034 934 2083 descendimus
956 2039 1068 2084 ante
1090 2036 1290 2084 domum
1313 2037 1525 2086 defuncti
1544 2054 1638 2087 nec
1659 2039 1944 2088 intravimus

159 2118 416 2168 ecclesiam
444 2121 493 2166 et
517 2117 805 2166 associando
831 2118 973 2166 funus
999 2119 1217 2167 scutiferi
1248 2123 1376 2184 Pape
1402 2123 1451 2169 et
1489 2121 1756 2171 familiares
1788 2125 1941 2172 nostri

158 2203 512 2266 equitaverunt,
540 2204 588 2249 et
612 2201 757 2261 male,
785 2217 840 2249 ac
874 2202 1039 2250 omnia
1063 2203 1165 2250 sine
1191 2204 1377 2252 ordine.
1414 2205 1666 2253 Predictus
1695 2207 1793 2254 dux
1822 2208 1941 2255 obiit

158 2287 359 2335 sabbato
389 2290 464 2345 17,
499 2289 548 2334 et
578 2286 668 2334 fuit
701 2301 854 2349 usque
887 2285 968 2334 hic
993 2291 1305 2336 conservatus
1342 2288 1469 2351 quia,
1508 2293 1560 2337 ut
1592 2290 1755 2349 audio,
1783 2291 1943 2340 balsa-

159 2374 315 2419 matus
340 2370 455 2418 fuit:
481 2369 756 2418 orationem
781 2369 897 2417 fecit
922 2370 1138 2433 Raphael
1162 2374 1312 2420 Cecus
1331 2372 1529 2436 longam
1555 2377 1604 2422 et
1620 2374 1940 2423 fastidiosam.

227 2454 314 2501 Die
345 2452 571 2501 mercurii
612 2453 851 2511 cinerum,
897 2456 951 2500 21
995 2454 1238 2513 februarii,
1281 2457 1363 2503 SS.
1406 2459 1463 2503 D.
1503 2461 1666 2505 noster
1698 2458 1946 2507 benedixit

161 2538 353 2586 cineres
373 2551 508 2584 more
531 2535 674 2583 solito
690 2535 739 2582 in
759 2535 944 2599 capella
963 2537 1155 2600 majori.
1178 2537 1378 2585 Missam
1404 2538 1663 2588 celebravit
1683 2541 1945 2589 cardinalis

160 2620 416 2668 Grimanus
454 2618 534 2681 qui
574 2617 802 2681 imposuit
835 2618 1024 2666 cineres
1069 2622 1225 2683 Pape:
1270 2621 1541 2669 orationem
1576 2623 1691 2671 fecit
1730 2625 1946 2688 Raphael

162 2706 332 2752 Cecus.
360 2704 479 2765 Ego,
506 2701 653 2748 missa
677 2701 829 2759 finita,
854 2701 969 2764 petii
992 2706 1038 2749 et
1059 2702 1246 2750 obtinui
1265 2718 1294 2750 a
1314 2705 1398 2751 SS.
1427 2706 1482 2751 D.
1508 2709 1672 2753 nostro
1693 2723 1782 2769 pro
1803 2708 1943 2755 nobis

165 2792 212 2836 et
248 2780 525 2834 cantoribus
556 2800 612 2832 ac
645 2788 811 2832 nostra
850 2784 1038 2847 capella
1071 2785 1317 2833 licentiam
1360 2787 1570 2851 eligendi
1609 2789 1942 2838 confessorem

166 2869 246 2933 qui
269 2884 358 2918 nos
378 2868 596 2917 absolvat
617 2867 850 2931 plenarie,
881 2872 928 2916 et
957 2868 1087 2931 quod
1116 2869 1352 2917 visitando
1378 2870 1528 2918 altare
1554 2872 1712 2935 majus
1740 2889 1777 2920 s.
1813 2874 1945 2921 Petri

166 2967 524 3016 consequamur
549 2950 808 2998 stationem
835 2954 883 2999 et
902 2950 1255 3016 indulgentiam
1277 2952 1405 3000 illius
1430 2953 1544 3001 diei.

233 3035 320 3083 Die
352 3033 612 3093 dominica,
650 3036 708 3081 25
743 3033 991 3094 februarii,
1032 3038 1088 3083 D.
1128 3035 1383 3096 Orlandus,
1423 3036 1681 3101 episcopus
1716 3039 1948 3098 Nolanus,

167 3117 435 3166 celebravit
473 3117 671 3165 missam
707 3116 948 3180 publicam
984 3117 1034 3165 in
1068 3119 1256 3182 capella
1292 3119 1487 3183 majori,
1526 3122 1656 3185 Papa
1689 3127 1949 3185 presente:

169 3215 443 3248 sermonem
463 3199 578 3249 fecit
599 3199 833 3263 magister
853 3200 1139 3249 Franciscus
1164 3202 1445 3250 Bernardus
1473 3204 1728 3262 Gravillus,
1768 3205 1953 3252 ordinis

170 3281 552 3346 predicatorum,
579 3298 666 3347 pro
690 3288 1009 3346 procuratore
1037 3284 1256 3349 ejusdem
1284 3285 1486 3334 ordinis.

236 3367 352 3413 Post
376 3366 648 3428 prandium,
684 3369 796 3429 post
818 3365 992 3414 horam
1023 3367 1304 3432 vigesimam
1332 3369 1614 3429 secundam,
1651 3369 1949 3420 intraverunt

174 3445 352 3496 Urbem
382 3464 470 3512 per
500 3454 689 3511 portam
718 3448 945 3499 Viridarii
982 3451 1238 3500 duodecim
1271 3456 1487 3500 oratores
1516 3454 1802 3513 Januenses,
1835 3454 1945 3503 laici
