2202 3918
322 372 392 409 368
932 371 1163 408 JOHANNIS
1195 370 1487 416 BURCHARDI,
1809 372 1975 413 [octobre
1996 373 2092 414 1504]

322 472 398 520 die
423 471 617 519 donavit
655 456 698 519 ei
720 472 902 519 mulam
934 488 1044 521 cum
1080 471 1323 535 coopertis
1358 475 1406 519 et
1437 470 1743 520 furnimentis
1774 471 1933 521 eidem
1969 475 2090 523 Gur-

321 555 457 618 gensi
481 558 528 603 et
550 554 682 602 misit
704 570 810 602 eam
832 555 924 602 sibi
945 555 1006 603 ad
1022 555 1275 619 Populum.

354 686 360 691 ,
385 637 624 696 Mercurii,
651 641 710 686 23
734 638 966 697 octobris,
1000 638 1268 687 cardinales
1292 638 1341 686 in
1378 653 1521 687 mane
1548 638 1882 701 equitaverunt
1915 640 1976 691 ad
1999 643 2090 688 Po-

321 721 501 784 pulum,
515 720 756 783 recepturi
767 723 1065 785 Gurgensem
1087 738 1230 785 quem
1245 721 1600 770 associaverunt
1616 737 1768 785 usque
1783 722 1845 770 ad
1858 723 2090 786 palatium

321 805 449 867 apud
472 820 510 851 s.
536 806 735 852 Petrum
760 809 807 852 et
827 820 1023 867 parvam
1045 805 1299 869 capellam,
1325 805 1406 852 ubi
1422 809 1702 852 manserunt
1722 821 1836 870 cum
1851 821 1908 853 eo
1933 806 2091 855 cardi-

320 887 454 935 nales
479 903 518 934 s.
545 887 672 936 Petri
694 887 755 935 ad
774 887 980 937 Vincula
1001 891 1049 936 et
1069 888 1306 937 Elnensis.
1333 891 1462 952 Papa
1481 888 1612 936 venit
1639 889 1698 936 ad
1730 888 1890 937 aulam
1919 888 1968 936 in
1997 904 2092 952 qua

320 970 476 1018 tenuit
517 970 763 1033 publicum
808 970 1167 1019 consistorium.
1211 971 1464 1035 Proposite
1501 971 1694 1019 fuerunt
1725 971 1818 1019 due
1861 971 2090 1019 commis-

318 1052 508 1100 siones:
539 1053 748 1116 primam
771 1053 1024 1117 proposuit
1041 1056 1098 1102 D.
1118 1054 1357 1112 Justinus;
1376 1053 1508 1102 circa
1528 1053 1630 1118 ejus
1649 1053 1795 1102 finem
1817 1055 1913 1102 duo
1935 1053 2090 1102 senio-

318 1152 395 1183 res
421 1135 610 1184 diaconi
634 1139 869 1185 venerunt
896 1136 957 1184 ad
976 1138 1290 1200 Gurgensem.
1322 1136 1505 1185 Deinde
1540 1137 1793 1200 proposuit
1824 1137 2088 1185 secundam

318 1221 375 1265 D.
399 1218 644 1267 Johannes
663 1219 1124 1270 GozzadinuS.Venit
1145 1219 1568 1278 Cusentinus,dico
1588 1219 1865 1284 Gurgensis,
1879 1223 1927 1267 et
1943 1234 2086 1272 oscu-

315 1301 441 1349 latus
464 1305 536 1350 est
555 1317 743 1362 manuS,
769 1307 816 1350 et
837 1318 890 1350 os
915 1305 1041 1367 Pape
1064 1319 1073 1350 ε
1096 1307 1317 1366 receptus
1343 1302 1402 1350 ab
1425 1302 1647 1352 omnibus
1674 1302 2002 1351 cardinalibus
2025 1301 2086 1350 ad

316 1385 538 1432 osculum
565 1386 680 1444 oris,
709 1386 834 1433 sedit
854 1385 903 1433 in
934 1385 1152 1434 locosuo
1196 1389 1243 1434 et
1277 1385 1483 1448 perfecit
1508 1401 1617 1436 eam
1646 1385 2044 1435 commissionem
2069 1400 2080 1432 ε

316 1484 410 1530 qua
425 1483 512 1530 per
532 1470 710 1531 Papam
732 1468 956 1527 admissa,
977 1469 1117 1517 rediit
1137 1469 1395 1532 Gurgensis
1415 1469 1475 1517 ad
1495 1471 1674 1533 Papam
1689 1484 1799 1516 cum
1821 1468 1923 1532 ejus
1944 1467 2086 1516 fami-

314 1549 378 1597 lia
397 1553 445 1597 et
468 1550 709 1598 osculatus
732 1554 803 1598 est
820 1551 967 1614 pedes
989 1552 1117 1614 ejus;
1142 1550 1315 1599 deinde
1331 1552 1465 1600 venit
1486 1552 1547 1599 ad
1564 1567 1808 1600 cameram
1827 1550 2083 1615 papagalli,

315 1632 539 1696 deposuit
571 1648 679 1681 suas
706 1637 860 1682 vestes
897 1637 945 1681 et
977 1634 1268 1697 dispensavit
1297 1633 1361 1698 (1)
1389 1649 1499 1681 cum
1537 1634 1858 1682 cardinalibus
1894 1638 1943 1681 et
1963 1636 2086 1681 Gur-‘-

312 1732 459 1778 gense
480 1716 609 1779 quod
635 1732 733 1764 non
766 1721 1049 1765 tenerentur
1074 1733 1124 1765 se
1168 1721 1334 1765 mutuo
1375 1716 1606 1766 visitare:
1651 1720 1812 1765 tamen
1856 1731 1954 1765 non
1995 1715 2083 1764 fuit

312 1798 634 1847 observatum.
660 1800 936 1849 Associatus
958 1800 1133 1848 deinde
1155 1800 1243 1848 fuit
1270 1800 1531 1863 Gurgensis
1556 1800 1617 1848 ad
1638 1799 1835 1848 domum
1864 1814 1999 1848 suam
2025 1798 2084 1847 ab

311 1882 534 1930 omnibus
556 1883 896 1943 cardinalibus,
917 1898 1054 1931 more
1077 1883 1237 1932 solito.

376 1966 484 2013 Fuit
504 1966 843 2029 superioribus
859 1966 1028 2014 diebus
1050 1983 1228 2031 magna
1251 1966 1532 2030 disputatio,
1546 1967 1585 2014 si
1609 1965 1872 2030 Gurgensis
1888 1965 2088 2014 deberet

309 2047 458 2111 recipi
480 2048 549 2096 uti
569 2049 756 2113 legatus
777 2049 852 2097 vel
872 2065 987 2107 non,
1016 2065 1127 2096 cum
1150 2052 1279 2113 Papa
1306 2050 1493 2098 diceret
1524 2050 1683 2113 ipsum
1723 2049 1872 2097 fuisse
1907 2049 2088 2097 consis-

308 2131 546 2179 torialiter
569 2147 655 2195 per
673 2132 1000 2180 Alexandrum
1024 2135 1213 2180 sextum
1239 2137 1524 2182 revocatum
1547 2135 1596 2180 et
1620 2148 1707 2195 per
1730 2131 1890 2195 ipsum
1914 2131 2088 2179 confir-

309 2217 517 2274 matum;
544 2215 740 2262 tandem
765 2216 913 2263 credo
939 2215 1343 2264 consistorialiter
1359 2215 1611 2263 decretum
1632 2213 1760 2277 quod
1787 2213 2088 2277 reciperetur

310 2296 377 2344 uti
409 2297 610 2355 dictum,
638 2297 748 2360 quia
784 2297 973 2345 auditor
1001 2298 1266 2362 Gurgensis
1290 2297 1501 2346 ostendit
1528 2298 1671 2345 breve
1696 2298 1780 2345 SS.
1808 2298 1866 2344 D.
1893 2297 1950 2344 N.
1973 2294 2087 2343 Julii

310 2395 452 2442 pape,
479 2395 567 2442 per
594 2381 723 2443 quod
747 2380 907 2444 ipsum
930 2380 1173 2444 legatione
1199 2379 1518 2428 confirmavit.
1554 2379 1885 2428 Interfuerunt
1903 2377 2087 2426 consis-

307 2462 451 2520 torio,
487 2479 515 2510 a
549 2463 722 2526 quibus
761 2464 1043 2522 associatus,
1077 2464 1248 2511 decem
1282 2466 1330 2512 et
1360 2466 1471 2511 octo
1506 2462 1797 2521 cardinales,
1823 2460 2079 2511 videlicet:

308 2545 668 2609 Neapolitanus,
694 2547 1059 2606 Recanatensis,
1080 2564 1118 2595 s.
1150 2547 1396 2607 PraxediS,
1417 2546 1786 2605 Alexandrinus,
1812 2562 1850 2593 s.
1876 2544 2005 2593 Petri
2026 2544 2087 2592 ad

306 2627 528 2688 Vincula,
555 2646 592 2677 s.
621 2631 805 2690 Crucis,
830 2631 1128 2696 Agrigensis,
1154 2631 1430 2689 Grimanus,
1463 2630 1771 2687 Arborensis,
1814 2627 2082 2690 Regiensis,

307 2706 613 2765 Cusentinus,
639 2708 988 2768 Salernitanus,
1013 2708 1379 2769 Volaterranus,
1409 2708 1609 2767 Fliscus,
1639 2706 1900 2766 Adrianus,
1933 2703 2086 2753 Medi-

309 2802 406 2849 ceS,
434 2790 678 2853 Aragonia
701 2795 748 2839 et
768 2791 1007 2839 Elnensis.

371 2871 515 2931 Jovis,
551 2872 720 2920 ultima
750 2874 981 2934 octobris,
1025 2878 1083 2924 D.
1125 2877 1370 2925 Johannes
1417 2874 1475 2923 de
1520 2878 1723 2938 Burgos,
1761 2870 2083 2919 subdiaconus

308 2954 620 3017 apostolicus,
669 2956 922 3004 ordinatus
962 2961 1006 3004 et
1042 2958 1342 3022 participans
1374 2957 1520 3006 cessit
1555 2956 1664 3003 1000
1702 2968 1805 3011 suo,
1847 2951 1897 2998 in
1936 2966 2081 3014 quem

307 3037 539 3086 successit
563 3041 619 3085 D.
644 3039 857 3087 Julianus
880 3040 1013 3099 Cibo,
1040 3040 1366 3089 cubicularius
1390 3042 1605 3088 secretus
1622 3039 1705 3085 SS.
1721 3039 1777 3084 D.
1803 3033 1979 3093 nostri,
2004 3033 2081 3081 cui

308 3120 480 3170 eodem
512 3120 657 3168 modo
695 3122 932 3170 Sanctitas
968 3138 1053 3171 sua
1090 3123 1140 3170 in
1175 3138 1388 3181 camera,
1407 3125 1518 3169 ante
1560 3115 2083 3183 prandium‚imposuit

306 3204 526 3252 habitum
566 3203 979 3266 subdiaconalem,
1013 3206 1286 3254 rochettum
1312 3209 1359 3252 et
1396 3201 1821 3267 cappam;deinde
1858 3200 1988 3247 dicto
2022 3201 2077 3247 D.

304 3289 326 3333 J
333 3287 510 3336 ohauni
532 3304 675 3351 quem
693 3304 720 3336 a
741 3288 1107 3352 participatione
1127 3289 1321 3348 amovit,
1342 3290 1390 3336 et
1405 3286 1480 3335 cui
1506 3286 1710 3334 dederat
1734 3284 1780 3332 in
1798 3297 2078 3346 recompen-

356 3467 389 3505 1.
417 3469 490 3515 Sic,
510 3470 600 3509 dans
620 3476 702 3511 tous
722 3474 773 3512 les
795 3486 882 3512 mSS.
