2202 3918
300 369 370 406 346
906 367 1140 405 JOHANNIS
1174 366 1473 409 BURCHARDI,
1850 369 2075 411 [Avr1115o4]

303 471 555 534 pedester3
583 473 634 517 ut
654 469 762 518 heri
785 485 893 517 sero
915 469 1134 517 fimbrias
1155 468 1361 533 portavit
1387 468 1659 532 [episcopus
1680 469 1892 518 Nolanus
1916 471 2074 518 eundo

302 555 350 600 et
375 553 621 600 redeundo
643 537 921 616 patriarcha
944 552 1329 616 Alexandrinus].

366 636 575 683 Sabbato
617 639 801 694 sancto,
847 639 873 683 6
912 635 1093 698 aprilis,
1133 635 1389 683 cardinalis
1431 635 1778 685 Volaterranus
1819 636 2078 686 celebravit

302 718 568 783 [officium],
611 721 741 782 Papa
781 721 1036 782 presente:
1085 718 1410 766 Bernardinus
1454 719 1715 778 Gambara,
1757 718 2078 767 subdiaconus

300 801 593 865 apostolicus
618 801 856 848 nuntiavit
876 800 1086 848 Alleluia
1111 803 1255 863 Pape,
1281 801 1362 863 qui
1384 800 1539 848 noluit
1563 800 1792 848 inchoare
1813 816 1822 859 ;
1849 801 1934 849 sed
1955 802 2079 850 cele-

301 884 447 931 brans
480 884 689 931 cantavit
731 884 884 931 tribus
924 883 1124 942 vicibus,
1160 887 1207 931 et
1246 883 1341 930 alia
1369 899 1506 930 more
1544 884 1704 931 solito.
1740 886 1870 946 Papa
1907 884 2078 932 habuit

299 982 470 1014 novam
509 966 566 1013 de
598 968 722 1014 Foro
754 966 883 1013 Livio
906 962 1077 1013 h'abito
1108 970 1265 1013 castro
1295 969 1341 1013 et
1369 966 1574 1026 civitate,
1608 967 1781 1014 solutis
1815 966 2077 1015 castellano

300 1049 574 1111 quindecim
605 1049 734 1096 mille
762 1048 966 1107 ducatis,
995 1063 1115 1111 quos
1141 1047 1237 1095 dux
1260 1048 1578 1106 [Vatentinus]
1605 1049 1896 1097 exbursavit.

366 1132 621 1180 Dominica
646 1131 1031 1190 resurrectionis,
1064 1136 1087 1178 7
1115 1131 1295 1194 aprilis,
1325 1133 1408 1179 SS.
1439 1134 1495 1178 D.
1533 1137 1701 1180 noster
1726 1133 1854 1180 venit
1880 1148 2078 1196 proces-

303 1215 551 1263 sionaliter
588 1215 675 1262 sub
712 1215 999 1262 baldachino
1029 1214 1077 1261 in
1113 1230 1266 1278 regno
1300 1214 1362 1261 ad
1391 1230 1429 1262 S.
1468 1217 1681 1274 Petrum,
1709 1215 1790 1263 ubi
1823 1215 2079 1263 celebravit

301 1297 499 1345 missam
531 1298 819 1345 solemnem.
858 1297 1090 1344 Ascanius
1119 1297 1238 1344 dixit
1275 1297 1577 1360 evangelium
1609 1297 1832 1356 latinum,
1862 1300 1919 1345 D.
1959 1297 2078 1347 Vin-

303 1381 487 1427 centius
512 1380 766 1428 Cosciarus
787 1379 1041 1443 epistolam
1058 1378 1277 1438 latinam,
1308 1382 1363 1426 D.
1390 1380 1562 1426 Isatius
1585 1381 1916 1444 Argyropolus
1938 1396 2079 1429 evan-

300 1463 479 1526 gelium
504 1479 722 1526 grecum,
751 1462 1026 1510 Demetrius
1049 1461 1303 1525 epistolam
1332 1477 1554 1525 grecam:
1580 1466 1746 1511 Rmus.
1776 1466 1832 1511 D.
1860 1480 1897 1510 s.
1922 1465 2078 1511 Anas-

298 1545 416 1592 tasie
441 1545 531 1592 fuit
552 1545 798 1603 assistens,
818 1548 955 1592 Rmo.
979 1547 1034 1591 D.
1058 1544 1377 1607 Neapolitano
1392 1549 1633 1608 presente,
1657 1546 1736 1608 qui
1759 1561 1809 1594 se
1832 1547 2078 1595 excusavit

299 1631 496 1690 propter
520 1627 820 1675 debilitatem
846 1631 894 1674 et
916 1626 1254 1673 Ulixbonensis
1283 1627 1700 1674 etsRecanatensis
1722 1633 1919 1691 propter
1942 1628 2077 1676 infir-

299 1709 534 1756 mitatem.
563 1709 749 1756 Primus
778 1725 951 1771 aquam
974 1709 1106 1757 dedit
1132 1713 1298 1756 orator
1321 1711 1555 1767 Venetus,
1585 1709 1822 1757 secundus
1840 1712 1896 1757 D.
1925 1712 2078 1758 Fran-

301 1792 455 1840 ciscus
471 1793 529 1839 de
544 1795 724 1852 Monte,
748 1796 913 1840 orator
931 1792 1063 1855 regis
1079 1795 1422 1851 Romanorum,
1446 1793 1617 1840 tertius
1634 1795 1690 1840 D.
1713 1794 2073 1854 Constantinus,

298 1880 496 1937 quartus
534 1875 760 1939 princeps
803 1876 1155 1923 SalernitanUS.
1191 1877 1292 1938 Ego
1323 1875 1413 1923 feci
1445 1875 1657 1923 officium
1692 1877 1918 1924 sacriste:
1953 1877 2078 1925 infra

299 1957 554 2020 epistolam
587 1958 698 2004 dedi
731 1958 891 2005 locum
918 1960 1017 2005 DD.
1046 1957 1271 2015 Antonio,
1308 1958 1461 2006 electo
1485 1958 1714 2006 Naulensi
1739 1962 1786 2007 et
1816 1960 2075 2008 Francisco

299 2039 452 2087 electo
475 2039 702 2086 Militensi
732 2043 775 2086 et
800 2039 1031 2098 Gabrieli,
1056 2039 1211 2087 electo
1239 2039 1567 2098 Urbinatensi,
1594 2041 1652 2088 de
1674 2042 1904 2091 mandato
1924 2045 2071 2105 Pape,

297 2121 424 2168 inter
446 2122 742 2170 assistentes.
771 2121 928 2169 Finita
951 2121 1115 2181 missa,
1141 2126 1387 2169 ostensum
1412 2123 1499 2169 fuit
1532 2123 1717 2170 ferrum
1749 2123 1918 2171 lancee
1945 2126 2073 2188 Pape

294 2208 402 2267 post
427 2204 663 2267 pulpitum
691 2203 923 2266 evangelii
949 2204 1203 2266 genuflexo
1231 2204 1279 2250 in
1306 2204 1595 2261 faldistorio,
1627 2205 1800 2253 deinde
1825 2207 2066 2255 Veronica

290 2287 337 2333 in
360 2287 466 2334 loco
490 2287 631 2334 solito
654 2303 663 2345 ;
694 2292 740 2334 et
764 2286 980 2334 ascendit
1003 2286 1065 2334 ad
1085 2286 1248 2334 locum
1274 2286 1467 2349 publice
1491 2287 1844 2335 benedictionis
1865 2305 2065 2352 proces-

292 2369 560 2429 sionaliter;
589 2374 635 2417 et
662 2369 906 2432 plenarias
937 2369 1259 2432 indulgentias
1292 2370 1629 2432 pronunciavit
1653 2370 1889 2419 Ascanius
1920 2372 2066 2421 latine

290 2456 336 2499 et
367 2452 577 2500 Medices
608 2452 882 2514 vulgariter.
919 2454 1049 2515 Papa
1084 2453 1339 2500 convitavit
1370 2456 1589 2501 oratores
1624 2453 1983 2502 Avenionenses
2006 2454 2069 2520 (1)

290 2534 339 2580 in
358 2535 562 2582 solemni
587 2535 925 2582 benedictione
945 2551 954 2592 3
980 2536 1198 2583 interfuit
1219 2552 1424 2599 magnus
1447 2537 1668 2599 populus.

355 2617 439 2664 Die
473 2617 585 2664 lune
618 2617 818 2676 Pasche,
853 2621 879 2664 8
914 2618 1095 2680 aprilis,
1134 2619 1390 2666 cardinalis
1430 2619 1777 2682 Agrigentinus
1808 2620 2068 2669 celebravit

292 2699 491 2747 missam
515 2699 781 2748 solemnem
802 2700 851 2746 in
870 2700 1054 2763 capella
1077 2701 1271 2764 majori,
1299 2703 1430 2764 Papa
1454 2706 1683 2764 presente
1703 2719 1713 2762 ;
1743 2707 1789 2751 et
1816 2703 2068 2751 observata

292 2786 401 2829 sunt
423 2782 586 2829 omnia
606 2798 743 2831 more
771 2783 929 2830 solito.

353 2865 440 2912 Die
483 2865 668 2923 martis,
711 2869 738 2912 9
775 2865 956 2928 apriliS,
995 2866 1082 2913 fuit
1123 2866 1271 2914 missa
1312 2866 1542 2914 solemnis
1582 2867 1631 2914 in
1669 2867 1840 2915 eadem
1880 2867 2065 2930 capella

288 2963 433 3009 quam
477 2947 733 2995 celebravit
780 2951 951 2994 Rmus.
1006 2950 1062 2995 D.
1115 2951 1501 3006 Beneventanus,
1550 2949 1767 3012 pluribus
1803 2949 2061 2996 cardinali-

287 3030 377 3078 bus
414 3029 745 3094 presentibus,
797 3033 926 3093 Papa
963 3031 1161 3078 absente
1202 3032 1282 3093 qui
1319 3032 1368 3078 in
1409 3032 1518 3079 aula
1552 3031 1800 3094 pontificia
1843 3030 2063 3078 celebra-

286 3114 350 3161 vit
387 3113 586 3160 missam
624 3113 818 3159 bassam
857 3114 904 3160 in
946 3114 1095 3161 altare
1141 3131 1198 3161 ex
1237 3119 1444 3177 quatuor
1479 3114 1660 3175 *tabulis
1707 3129 1907 3173 novum,
1951 3118 2062 3162 ante

289 3212 463 3259 papam
496 3194 752 3243 Martinum
790 3195 993 3254 factum,
1036 3197 1347 3259 longitudinis
1384 3197 1657 3258 palmorum
1697 3196 1975 3259 quindecim
2012 3202 2060 3245 et

334 3341 367 3379 1.
393 3340 546 3387 Jusqu'a
568 3340 601 3377 la
621 3340 835 3377 Revolution
861 3341 1050 3386 sranczdse,
1078 3342 1246 3389 Avignon
1272 3342 1455 3390 appartint
1485 3353 1531 3377 au
1558 3341 1791 3389 Saint-Siege
1821 3342 1884 3389 qui
1910 3342 1942 3379 le
1964 3354 2056 3391 gou-

284 3399 421 3434 vernait
440 3411 505 3446 par
525 3400 590 3435 des
610 3401 743 3447 legats.
763 3399 862 3436 Jules
886 3401 915 3436 [Ι
937 3400 1034 3436 avait
1062 3402 1117 3436 ete
1138 3402 1276 3448 eveque
1303 3401 1348 3437 de
1387 3404 1479 3437 cette
1499 3399 1604 3448 ,villa
1628 3400 1722 3443 Voy.
1745 3405 1772 3437 t.
1800 3401 1846 3447 11,
1865 3412 1902 3448 p.
1920 3403 1956 3446 7,
1975 3406 2060 3438 note

290 3456 307 3489 1
330 3456 373 3491 de
394 3460 487 3493 cette
507 3457 593 3493 edit.
