2254 3938
350 335 418 371 314
774 336 782 342 ”
955 334 1188 372 JOHANNIS
1223 335 1519 384 BURCHARDJ‚
1794 343 2002 383 [Decembre
2023 347 2119 388 1503]

352 440 585 501 cooperta
609 440 657 485 et
671 453 808 486 arcus
824 441 935 486 ante
952 438 1150 486 domum
1166 439 1397 503 Stephani
1417 440 1552 488 Rossi
1574 442 1909 505 equitavimUS,
1933 446 2119 497 Coliseo

351 522 412 569 ad
438 522 687 569 dexteram
713 521 929 581 dimisso,
960 525 1007 570 et
1028 538 1116 586 per
1141 523 1352 586 plateam
1379 526 1489 571 ante
1515 524 1772 574 ecclesiam
1797 543 1835 575 S.
1860 528 2119 579 Clementis

351 603 611 652 redivimus
649 606 709 652 ad
748 606 876 653 viam
912 609 1100 654 rectam
1143 608 1520 655 Lateranensem
1564 608 1626 656 ad
1666 609 1944 670 introitum,
1977 592 2121 677 'juxta

351 703 527 750 equum
554 689 853 736 Constantini
883 705 1051 737 versus
1082 694 1276 753 portam
1311 691 1602 740 Asinariam.
1644 693 1752 742 Fuit
1784 710 1874 758 pro
1901 696 2122 745 custodia

349 769 610 833 deputatus
647 773 703 818 D.
741 771 896 819 Julius
931 772 1134 820 Ursinus
1174 776 1222 821 et
1257 776 1451 821 Marcus
1494 775 1729 823 Antonius
1767 776 2003 825 Columna
2038 779 2118 842 qui

350 853 574 902 fecerunt
606 870 775 902 omnes
806 855 1022 918 prelatos
1058 858 1105 903 ct
1141 855 1260 904 alios
1293 873 1443 920 usque
1469 858 1529 905 ad
1567 858 1841 906 cardinales
1880 860 2117 909 exclusive

347 939 647 986 descendere
673 938 732 985 de
759 938 893 1001 equis
909 941 957 986 et
977 938 1118 986 mulis
1139 938 1187 986 in
1212 939 1341 987 dicta
1361 940 1522 1003 platea
1544 944 1591 988 et
1616 941 1684 988 ire
1711 942 1840 991 solos
1864 945 2116 1007 pedestres

346 1021 395 1068 in
422 1020 738 1085 paramentis,
758 1021 861 1068 sine
884 1021 1046 1084 aliquo
1069 1021 1321 1082 servitore,
1349 1023 1409 1069 ad
1433 1023 1684 1071 basilicam
1711 1028 2111 1086 Lateranensem;

347 1103 674 1153 cardinalibus
691 1106 854 1151 autem
873 1105 1205 1167 permiserunt
1229 1105 1416 1152 intrare
1443 1121 1554 1152 cum
1578 1107 1801 1155 omnibus
1820 1125 1987 1157 eorum
2006 1114 2116 1159 octo
2164 1154 2166 1157 .

349 1186 662 1235 servitoribus
688 1190 734 1234 et
758 1186 943 1234 baculis
977 1188 1034 1234 ad
1074 1187 1252 1235 dictam
1283 1187 1552 1235 basilicam.
1590 1189 1864 1238 Caudatarii
1895 1208 2117 1240 recesse-

346 1272 459 1317 runt
483 1285 511 1317 a
526 1270 854 1318 cardinalibus
870 1271 929 1318 de
947 1270 1108 1334 platea
1123 1287 1161 1318 S.
1188 1271 1319 1318 Petri
1336 1286 1514 1334 cappas
1528 1274 1781 1334 portantes
1803 1274 1889 1322 sub
1904 1274 2117 1323 brachiis

348 1354 409 1400 ad
434 1353 680 1401 basilicam
715 1356 1096 1402 Lateranensem
1121 1353 1200 1401 ubi
1235 1357 1615 1418 expectaverunt
1645 1371 1755 1402 cum
1787 1358 1931 1405 cottis
1959 1346 2119 1406 cardi-

343 1436 495 1483 nales.
526 1436 608 1484 Ille
633 1438 727 1484 (lue
753 1440 894 1500 porte
920 1439 1273 1486 Lateranenses
1307 1437 1506 1485 fuerunt
1539 1441 1709 1501 aperte
1737 1442 1785 1486 et
1808 1440 1968 1488 media
1993 1442 2122 1504 ejus-

346 1519 455 1566 dem
480 1519 538 1566 de
563 1535 660 1582 qua
684 1520 774 1567 fuit
806 1519 988 1567 factum
1022 1523 1303 1585 suggestum
1328 1536 1479 1583 usque
1509 1521 1569 1568 ad
1594 1521 1751 1569 altare
1785 1523 1957 1587 majus.
1986 1526 2117 1588 Papa

347 1602 599 1650 descendit
622 1603 680 1651 de
707 1618 831 1665 equo
858 1619 1002 1666 quem
1018 1606 1066 1651 et
1089 1603 1437 1651 baldachinum
1457 1607 1751 1667 receperunt
1774 1607 1979 1654 Romani
2006 1624 2123 1670 por-

350 1689 506 1733 tantes
530 1686 734 1749 pacifice
760 1689 808 1734 et
831 1687 1011 1749 quiete,
1040 1686 1152 1749 quia
1182 1686 1272 1734 fuit
1297 1702 1404 1734 cum
1434 1686 1501 1733 eis
1523 1687 1591 1736 ita
1616 1692 1904 1742 conventum
1926 1691 1979 1737 ut
2002 1691 2120 1738 reti-

345 1771 523 1815 nerent
546 1771 593 1815 et
618 1771 747 1831 Papa
772 1771 899 1815 esset
933 1767 1001 1815 eis
1027 1767 1206 1831 aliquid
1232 1768 1499 1816 donaturus
1523 1784 1613 1831 pro
1639 1768 1932 1818 baldachino
1957 1781 2119 1819 sacra-

344 1851 514 1909 menti,
539 1852 668 1914 quod
688 1851 764 1900 vix
783 1851 919 1915 potui
946 1851 1154 1911 salvare3
1185 1852 1267 1899 sed
1287 1851 1459 1899 salvavi
1481 1868 1489 1898 :
1520 1851 1629 1899 Fuit
1652 1852 1791 1900 datus
1815 1853 1971 1901 malus
1995 1855 2117 1903 ordo

344 1950 432 1998 per
458 1937 719 1994 Romanos,
739 1934 853 1998 quia
877 1934 1017 1993 certi,
1045 1934 1169 1982 male
1189 1935 1361 1993 vestiti,
1390 1936 1645 1998 portarunt
1670 1934 1805 1981 illum
1823 1935 1882 1982 de
1906 1952 1945 1984 s.
1968 1939 2116 1986 Petro

343 2017 445 2064 sine
470 2018 634 2065 mitra.
655 2020 1027 2066 Conservatores
1050 2017 1331 2080 equitarunt
1352 2033 1462 2065 cum
1484 2017 1762 2065 oratoribus
1778 2020 1827 2065 et
1851 2019 2112 2070 noluerunt

340 2101 413 2148 ire
439 2101 692 2164 pedestres
717 2117 828 2149 cum
853 2103 1002 2165 Papa,
1019 2117 1128 2148 cum
1161 2117 1254 2163 quo
1279 2101 1360 2155 ivit
1389 2104 1585 2150 senator
1616 2103 1674 2150 de
1700 2120 1738 2151 s.
1768 2106 1915 2152 Petro
1942 2104 2003 2151 ad
2027 2106 2116 2151 La-

340 2187 649 2233 teranensem
689 2187 737 2232 et
772 2200 881 2232 cum
918 2200 975 2232 eo
1011 2185 1173 2248 capita
1208 2185 1482 2248 regionum,
1524 2185 1724 2250 singulis
1764 2202 1874 2234 cum
1909 2186 2108 2249 singulis

343 2267 528 2316 baculis
553 2268 693 2328 albis,
718 2270 765 2316 et
790 2268 1029 2316 tredecim
1053 2268 1178 2316 male
1202 2268 1358 2316 vestiti
1384 2284 1555 2316 eorum
1577 2268 1841 2318 familiares
1863 2270 2113 2334 pedestres

343 2356 659 2415 portaverunt
684 2367 856 2399 eorum
880 2351 1052 2399 vexilla
1075 2351 1124 2398 in
1145 2366 1315 2398 eorum
1339 2351 1460 2399 locis
1482 2355 1590 2415 post
1614 2367 1839 2401 cursores
1861 2355 2113 2416 equestres

341 2435 553 2499 quinque
584 2437 859 2499 portatores
897 2434 1211 2483 vexillorum:
1246 2434 1442 2482 fuerunt
1480 2450 1649 2483 omnes
1682 2435 1858 2484 armati
1895 2435 2109 2500 exceptis

341 2519 466 2567 Julio
490 2519 726 2566 Gentiano
758 2522 804 2567 et
829 2519 861 2566 il
886 2518 1086 2567 Corosio
1108 2518 1189 2582 qui
1215 2522 1355 2567 erant
1379 2519 1482 2566 sine
1507 2519 1675 2579 armis,
1703 2518 1783 2582 qui
1805 2519 2033 2567 dixerunt
2056 2533 2108 2567 se

268 2648 270 2651 .
339 2617 435 2648 non
461 2601 608 2649 fuisse
640 2602 894 2650 avvisatos.

405 2685 510 2733 Fuit
540 2685 728 2749 positus
764 2689 894 2750 Papa
921 2686 970 2733 in
1007 2687 1122 2734 sede
1166 2685 1460 2734 stercoraria
1491 2684 1553 2750 (1)
1601 2688 1713 2733 ante
1760 2684 2026 2742 basilicam,
2063 2686 2112 2732 et

383 2811 416 2846 1.
447 2809 681 2854 Giustiniani‚
706 2809 767 2857 qui
788 2814 957 2858 rapporte
977 2813 1069 2846 cette
1090 2809 1291 2846 ceremonie
1311 2820 1398 2846 avec
1418 2809 1472 2846 les
1501 2809 1584 2858 plus
1605 2810 1743 2857 grands
1770 2808 1914 2853 details,
1939 2807 2003 2844 fait
2018 2806 2111 2843 allu-

336 2869 416 2905 sion
444 2871 466 2904 ὲ
496 2868 533 2904 la
566 2880 744 2916 croyance
776 2868 962 2916 populaire
991 2869 1134 2916 d'apres
1166 2869 1320 2917 laquelle
1341 2880 1388 2905 on
1409 2867 1607 2905 examinait
1625 2868 1659 2904 la
1678 2866 1810 2904 virilite
1830 2867 1878 2902 du
1898 2877 1990 2914 pape
2015 2865 2111 2902 assis

333 2939 396 2964 sur
414 2928 449 2963 la
468 2927 590 2963 chaire
612 2927 825 2964 stereoraire
849 2935 861 2964 :*
881 2942 900 2961 ‹<
928 2954 961 2965 ..
975 2957 983 2965 .
999 2955 1006 2962 .
1022 2956 1031 2965 .
1057 2928 1161 2965 Zonti
1184 2927 1218 2963 in
1241 2928 1318 2964 San
1338 2927 1499 2972 Zuanne,
1519 2927 1552 2964 el
1571 2927 1673 2974 Papa
1694 2926 1730 2962 fu
1750 2936 1870 2961 messo
1889 2936 1911 2961 a
1932 2927 2055 2961 sentar
2074 2925 2110 2961 in

334 2999 405 3024 una
428 2986 530 3023 sedia
549 2997 763 3030 marmorea,
785 2986 851 3022 che
871 2989 889 3021 e
910 2987 946 3022 in
966 2986 1000 3022 la
1020 2986 1158 3034 capella
1177 2987 1332 3034 grande,
1354 2997 1373 3022 e
1392 2986 1416 3021 li
1432 2986 1471 3022 fu
1491 2986 1576 3023 dato
1597 2985 1635 3020 in
1660 2995 1743 3021 man
1770 2995 1817 3020 un
1847 2987 1998 3025 scettro,
2020 2983 2111 3021 dove

332 3046 416 3082 tutti
436 3046 460 3081 li
480 3044 654 3081 cardinali
675 3044 725 3091 gli
745 3045 891 3081 dctteno
911 3044 1131 3082 obedienzia.
1155 3046 1218 3082 Poi
1239 3045 1275 3081 fu
1297 3045 1469 3082 condotto
1485 3045 1522 3080 in
1535 3055 1608 3080 una
1622 3042 1760 3091 capella
1779 3052 1955 3090 appresso
1972 3041 2110 3077 Sancta

334 3107 561 3146 Scmccorum,
585 3103 676 3140 dove
697 3115 770 3139 non
789 3107 892 3139 entro
912 3115 950 3139 se
970 3115 1044 3140 non
1064 3103 1075 3139 i
1093 3104 1223 3152 prelati
1248 3116 1267 3140 e
1293 3103 1467 3140 cardinali
1496 3115 1514 3139 e
1541 3102 1597 3139 chi
1625 3101 1726 3139 volse
1758 3102 1803 3137 de
1837 3098 2110 3142 ambassadori;

334 3176 354 3201 e
391 3163 411 3199 li
443 3164 479 3200 su
509 3174 630 3210 messo
659 3164 767 3199 etiam
787 3174 808 3198 a
831 3167 953 3199 sentar
980 3174 1088 3210 sopra
1113 3175 1162 3198 un
1189 3162 1290 3199 ’altra
1314 3162 1416 3198 sedia
1440 3172 1652 3206 marmorea,
1681 3160 1748 3196 che
1764 3160 1812 3196 ha
1831 3171 1880 3196 un
1900 3163 1997 3196 zerto
2015 3158 2111 3195 huso

335 3222 393 3259 nel
414 3234 540 3259 sensar
567 3222 657 3258 dove
677 3224 762 3269 pero
782 3232 854 3257 non
875 3232 914 3257 se
933 3221 968 3257 fa
987 3221 1106 3269 quella
1125 3220 1316 3257 zerimonia
1344 3221 1410 3256 che
1434 3219 1684 3268 vulgarmente
1711 3230 1751 3255 se
1772 3219 1864 3263 dice,
1887 3218 1932 3254 de
1953 3216 2108 3254 metten-li

349 3294 367 3317 e
396 3293 479 3318 man
505 3281 550 3317 de
574 3285 689 3325 sotto;
719 3280 825 3316 credo
849 3280 916 3316 ohe
942 3279 1011 3324 sia,
1031 3280 1164 3328 perche
1183 3279 1195 3314 i
1214 3278 1324 3326 tempi
1352 3278 1511 3326 presenti
1536 3278 1741 3326 importano
1761 3282 1893 3325 questo
1912 3273 1985 3313 'che
2017 3275 2110 3312 della

334 3340 465 3376 virilita
497 3340 553 3376 dei
579 3339 756 3376 Pentelici
789 3351 828 3375 se
859 3340 905 3375 ha
932 3339 1004 3376 tale
1024 3339 1263 3387 experienzia,
1284 3339 1350 3375 che
1369 3350 1440 3375 non
1462 3337 1632 3386 bisognia
1650 3349 1770 3374 zercar
1790 3337 1881 3374 altro
1904 3335 2107 3373 testimonio

334 3400 449 3435 solum
469 3399 507 3435 in
535 3398 618 3448 quel
642 3398 767 3447 luogo.
789 3413 807 3433 »
834 3400 939 3446 Disp.
963 3399 1001 3435 di
1021 3399 1262 3444 G'iusciniani,
1284 3402 1311 3436 t.
1335 3398 1381 3444 ΙΙ,
1401 3410 1438 3446 p.
1458 3397 1584 3435 330-1.
1606 3397 1700 3445 Voy.
1722 3400 1748 3434 t..
1769 3397 1798 3441 Ῑ,
1819 3408 1855 3444 p.
1880 3397 1961 3441 105,
1983 3399 2067 3432 note
2084 3395 2107 3430 8

335 3457 378 3492 <le
398 3463 489 3494 cette
510 3459 610 3503 edit„
642 3462 675 3495 et
703 3462 729 3495 t.
763 3458 808 3500 Il,
839 3469 877 3505 p.
900 3458 982 3502 620,
1006 3461 1088 3494 note
1110 3459 1142 3494 1.
