2222 3932
309 323 381 358 322
911 323 1144 361 JOHANNIS
1178 322 1474 368 BURCHARDI,
1761 324 1968 364 [Decembre
1990 326 2068 357 1503

306 424 455 472 menti
480 425 604 472 bone
629 425 862 473 memorie
888 426 1148 474 cardinalis
1173 424 1496 474 Beneventani
1522 424 1603 488 qui
1635 424 1761 473 inter
1786 426 2004 489 quintam
2036 431 2085 475 et

307 510 492 555 sextam
533 507 705 555 horam
745 507 901 555 noctis
940 508 1173 571 preterite
1222 509 1351 556 diem
1396 507 1565 555 clausit
1609 511 1908 568 extremum,
1955 508 2084 571 quod

305 589 474 637 eadem
518 589 595 637 die
638 590 851 649 veneris,
894 590 1018 638 hora
1067 590 1296 654 vigesima
1338 590 1517 654 prima,
1573 593 1701 637 esset
1751 589 2082 653 incipiendum

304 671 518 719 officium
552 675 862 720 mortuorum
906 673 955 719 in
993 673 1137 721 domo
1175 689 1277 731 sua,
1320 676 1368 720 et
1403 672 1535 720 circa
1568 671 1853 735 vigesimam
1887 672 2079 727 tertiam

300 754 443 801 sunus
466 756 762 818 portandum
785 756 845 803 ad
871 755 1109 819 Populum
1129 755 1478 819 sepeliendum.
1502 754 1610 802 Fuit
1630 754 1777 802 etiam
1798 754 2079 803 intimatum

301 838 615 885 conventibus
639 839 698 887 de
725 838 924 902 Populo,
953 838 1160 898 Araceli,
1193 854 1231 886 5.
1265 838 1414 886 Marie
1438 837 1815 900 Transpontine,
1845 853 1884 885 5.
1917 828 2081 886 Honu-

299 919 393 979 frii,
422 937 460 968 5.
489 921 743 986 Grisogoni
768 926 815 970 et
840 922 1044 984 collegio
1077 938 1115 968 s.
1150 921 1295 969 Marci
1333 937 1443 969 cum
1472 920 1624 969 altero
1661 936 1747 968 suo
1791 921 1920 982 quod
1951 920 2079 969 hora

295 1003 541 1067 vigesima,
570 1005 789 1052 venirent
807 1006 867 1053 ad
891 1004 1217 1068 incipiendum
1242 1004 1458 1053 officium
1485 1003 1754 1052 cardinales
1780 1019 1818 1051 s.
1841 1004 2077 1052 Praxedis

296 1090 344 1135 et
381 1088 440 1135 de
475 1088 645 1136 Flisco.
684 1089 839 1136 Finito
875 1088 1183 1146 consistorio,
1225 1088 1275 1135 in
1303 1103 1398 1151 quo
1435 1087 1693 1136 cardinalis
1731 1087 2077 1135 Recanatensis

293 1169 382 1217 fuit
404 1170 666 1218 translatus
692 1171 752 1218 ad
779 1171 1037 1218 ecclesiam
1066 1170 1402 1228 Sabinensem,
1438 1187 1476 1217 s.
1512 1170 1743 1218 Praxedis
1774 1170 1831 1217 ad
1866 1172 2078 1218 Prenes-

292 1251 444 1299 tinam
477 1268 533 1301 ac
559 1253 913 1301 Alexandrinus
942 1254 1097 1301 factus
1131 1252 1220 1300 fuit
1245 1253 1500 1316 episcopus
1525 1252 1841 1312 Tusculanus,
1875 1252 1991 1300 licet
2025 1252 2073 1299 in

294 1349 491 1383 camera
515 1351 599 1383 sua
621 1338 668 1383 et
694 1336 743 1383 in
767 1336 913 1396 lecto,
943 1351 1104 1399 quem,
1133 1335 1270 1383 finito
1295 1335 1602 1395 consistorio,
1631 1334 1939 1383 visitaverunt
1961 1350 2072 1382 car-

291 1417 477 1465 dinales
498 1434 535 1465 s.
562 1419 794 1467 Praxedis
819 1423 865 1467 et
890 1419 949 1466 de
977 1419 1148 1477 Flisco,
1172 1419 1302 1482 quod
1321 1418 1409 1467 fuit
1428 1421 1539 1466 ante
1560 1417 1844 1481 vigesimam
1864 1417 2066 1476 horam;

288 1502 523 1548 venerunt
543 1500 604 1548 ad
622 1501 821 1548 domum
838 1517 876 1548 s.
901 1501 1078 1559 Marci3
1102 1503 1150 1548 et
1165 1517 1336 1564 parum
1353 1505 1460 1564 post
1477 1501 1726 1564 inceptum
1745 1500 1832 1548 fuit
1848 1500 2067 1548 officium

287 1587 611 1631 mortuorum.
654 1586 871 1640 Quatuor
904 1584 1071 1631 fratres
1110 1583 1169 1630 de
1210 1583 1393 1646 Populo
1428 1583 1719 1647 inceperunt
1761 1586 1809 1631 et
1845 1582 2068 1630 dixerunt

285 1681 511 1729 vesperas
559 1669 606 1715 et
651 1667 862 1730 primum
907 1670 1197 1715 nocturnum
1223 1683 1233 1724 ;
1284 1667 1551 1714 secundum
1604 1666 1831 1714 dixerunt
1881 1665 2061 1714 fratres

287 1765 325 1796 s.
357 1750 574 1798 Marcelli
605 1753 653 1798 ct
679 1751 1061 1814 Transpontine;
1101 1749 1302 1798 tertium
1332 1749 1508 1798 fratres
1541 1749 1755 1797 Minerve
1781 1751 1830 1796 et
1850 1748 2056 1807 Araceli,

284 1830 413 1879 idem
457 1835 505 1881 et
541 1833 722 1881 laudes.
771 1834 1102 1882 Interfuerunt
1147 1832 1426 1895 quindecim
1469 1832 1759 1890 cardinales,
1799 1830 2055 1879 videlicet:

283 1929 320 1960 S.
346 1915 593 1975 Praxedis,
623 1932 663 1963 s.
697 1916 908 1980 Georgii,
932 1915 1145 1979 episcopi
1166 1933 1176 1973 ;
1201 1915 1479 1974 Grimanus,
1508 1914 1818 1973 Arborensis,
1849 1913 2056 1977 Regien-

283 1996 365 2054 sis,
388 1997 691 2058 CusentinUS,
718 1997 1068 2056 Salernitanus,
1097 1997 1493 2060 Caputaquensis,
1522 1996 1863 2054 Bononiensis,
1880 1997 2058 2044 Montis

282 2080 501 2142 Regalis,
546 2081 912 2144 Neapolitanus,
961 2081 1330 2140 Volaterranus,
1382 2081 1439 2128 de
1486 2080 1666 2138 Flisco,
1714 2079 2054 2143 Legionensis‚

280 2163 537 2224 Adrianus,
574 2165 863 2230 presbyteri,
910 2164 992 2228 qui
1030 2179 1197 2212 omnes
1225 2163 1458 2211 sederunt
1483 2179 1511 2211 a
1538 2163 1697 2226 capite
1726 2162 1851 2220 aule,
1891 2164 1939 2209 et
1971 2163 2057 2209 Co-

280 2244 462 2304 lumna,
500 2247 730 2306 Medices,
769 2265 806 2295 s.
837 2246 1068 2306 Severini,
1101 2246 1354 2295 Cesarinus
1382 2249 1428 2294 et
1458 2245 1676 2294 Elnensis
1704 2245 1784 2307 qui
1819 2244 2054 2292 sederunt

278 2327 326 2374 in
352 2328 509 2392 capite
538 2330 715 2378 banchi
746 2332 807 2378 ad
839 2331 1057 2379 dextram
1081 2329 1307 2378 intrantis
1332 2329 1496 2377 aulam
1532 2327 1736 2387 funeris,
1771 2328 1901 2391 quod
1928 2326 2056 2391 posi-

277 2412 380 2458 tum
403 2411 491 2460 fuit
525 2412 574 2460 in
604 2414 742 2461 tertia
775 2414 886 2462 aula
921 2414 969 2461 in
1006 2429 1101 2477 qua
1136 2415 1247 2460 sunt
1275 2411 1639 2476 mappemundi.
1674 2410 1852 2458 Prelati
1886 2409 2053 2474 palatii

279 2493 508 2543 sederunt
541 2495 590 2543 in
616 2500 848 2560 sequente
875 2497 1029 2545 banco
1054 2500 1164 2560 post
1186 2495 1418 2543 diaconos
1441 2494 1731 2554 cardinales,
1761 2496 1809 2542 et
1839 2492 1918 2541 alii
1942 2508 2052 2557 pre-

277 2577 359 2624 lati
385 2578 445 2625 ad
476 2579 719 2628 sinistram
751 2581 972 2628 intrantis
997 2581 1045 2627 in
1069 2581 1224 2628 banco
1259 2578 1390 2627 circa
1424 2578 1585 2626 funus.
1628 2580 1681 2625 In
1715 2577 1826 2625 aula
1858 2576 2052 2624 fuerunt

276 2658 441 2723 viginti
466 2661 561 2710 duo
589 2663 833 2712 intorticia
855 2664 968 2711 hinc
992 2667 1039 2711 et
1065 2663 1195 2722 inde,
1225 2666 1272 2711 et
1296 2662 1391 2709 duo
1415 2661 1465 2709 in
1489 2659 1794 2710 candelabris
1823 2659 1883 2706 ad
1909 2661 2052 2722 caput

277 2744 326 2789 et
354 2743 415 2790 ad
446 2745 612 2807 pedes.
646 2749 742 2795 Nos
772 2747 1027 2795 habuimus
1056 2747 1150 2795 duo
1184 2761 1328 2809 parva
1358 2745 1529 2805 banca,
1571 2742 1860 2800 massaritia,
1900 2755 2049 2789 unum

276 2840 509 2889 magnum
535 2829 725 2878 modice
749 2830 944 2890 valoris,
973 2829 1210 2894 pulvinar,
1235 2829 1356 2876 duos
1381 2827 1597 2876 cussinos
1619 2826 1677 2874 de
1703 2823 1976 2873 cremesino
1999 2825 2047 2871 et

275 2923 426 2956 unum
464 2926 695 2975 magnum
731 2929 922 2961 raseum
959 2918 1006 2962 et
1040 2928 1189 2960 unum
1223 2926 1422 2975 parvum
1459 2915 1507 2960 et
1548 2924 1696 2958 unum
1739 2908 1951 2971 tapetem
1987 2904 2046 2954 de

278 2988 434 3037 tribus
455 2992 607 3051 rosis;
635 2994 747 3054 alia,
779 3011 913 3043 more
939 2995 1100 3043 solito.

343 3073 429 3122 Die
458 3076 659 3136 sabbati,
698 3081 756 3125 23
792 3078 1082 3138 decembris,
1116 3077 1456 3126 Michaelettus
1488 3073 1672 3138 positus
1704 3075 1778 3121 est
1811 3072 1860 3121 in
1886 3075 2044 3121 castro

276 3172 312 3202 s.
340 3159 528 3222 Angeli.

337 3240 420 3288 Die
445 3242 704 3303 dominica,
738 3247 818 3305 24,
846 3261 944 3292 non
973 3244 1062 3293 fuit
1087 3245 1236 3293 missa
1267 3241 1471 3307 papaliS,
1505 3240 1591 3288 sed
1612 3240 1662 3288 in
1687 3256 1833 3305 parva
1858 3239 2044 3304 capella

271 3320 400 3369 dicta
428 3325 595 3386 missa,
629 3342 766 3376 more
797 3326 954 3376 solito.
996 3328 1128 3375 Hora
1161 3325 1395 3390 vigesima
1425 3323 1582 3387 prima
1612 3324 1685 3373 vel
1720 3324 1870 3384 circa,
1911 3326 2041 3387 Papa

269 3403 521 3456 descendit
557 3410 618 3458 ad
650 3410 898 3460 basilicam
932 3426 970 3458 5.
1020 3410 1150 3459 Petri
1197 3409 1276 3458 ubi
1320 3407 1516 3456 fuerunt
1553 3407 1679 3456 dicte
1715 3422 1917 3472 vespere
1960 3422 2039 3455 so-
