2228 3938
296 364 367 403 212
918 363 1151 402 εΙΟΗΑΝΝΙΞ
1185 358 1481 409 BURCHARDI,
1826 367 1960 409 [Juillet
1982 369 2072 412 1502]

359 469 503 516 Feria
534 468 693 526 tertia,
723 471 779 515 12
806 468 921 515 dicti
946 468 1127 516 mensis
1157 468 1278 533 julii,
1307 471 1472 516 Rmus.
1503 470 1561 515 D.
1590 467 1848 517 cardinalis
1872 471 2073 519 Ursinus

297 552 430 615 petiit
452 550 748 599 audientiam
775 567 802 598 a
829 552 912 598 SS.
949 554 1003 599 D.
1034 554 1200 600 nostro
1226 552 1274 599 in
1305 568 1400 615 qua
1427 551 1708 600 intendebat
1733 555 1900 616 petere
1924 553 2076 602 licen-

295 635 410 682 tiam
437 634 580 682 eundi
607 633 932 681 Mediolanum
959 635 1019 682 ad
1043 650 1207 699 regem
1240 634 1444 683 Francie
1477 634 1542 681 ibi
1571 635 1886 695 existentem;
1915 640 1963 684 et
1987 639 2072 685 SS.

297 720 352 764 D.
381 720 549 765 noster
583 717 774 780 negavit
798 716 915 764 dare
942 717 1236 766 audientiam
1262 718 1421 766 eidem
1447 717 1699 776 cardinali,
1731 717 1829 781 qui,
1858 718 1906 766 in
1932 724 2074 767 nocte

296 801 535 864 sequenti,
564 800 765 848 recessit
796 816 854 847 ex
890 801 1019 849 Urbe
1050 800 1203 849 iturus
1233 801 1558 849 Mediolanum
1597 800 1658 848 ad
1691 815 1853 864 regem
1887 802 2076 865 predic-

295 890 412 942 tum,
440 884 620 947 absque
645 886 773 947 Pape
795 884 1006 931 licentia.

359 967 538 1014 Eadem
564 967 641 1014 dic
666 967 849 1024 martis,
889 970 944 1014 12
961 967 1083 1030 julii,
1112 968 1363 1023 redierunt
1390 968 1450 1015 ad
1478 968 1658 1015 Urbem
1695 971 1903 1026 secreto,
1930 971 2077 1031 prout

294 1049 440 1098 etiam
472 1052 793 1110 recesserant,
834 1039 1095 1097 cardinalis
1130 1050 1189 1099 de
1211 1051 1444 1099 Alibretto
1471 1053 1519 1098 et
1555 1050 1838 1099 Franciscus
1869 1050 2076 1099 Trochia

295 1149 404 1181 cum
427 1133 765 1181 meretricibus
788 1134 904 1191 suis,
934 1133 1013 1196 qui
1045 1133 1437 1182 commissionem
1464 1134 1532 1181 eis
1555 1134 1720 1181 datam
1749 1149 1846 1181 non
1879 1134 2075 1181 fuerunt

294 1216 536 1279 exequuti,
574 1219 765 1263 Rmum.
795 1216 1096 1270 cardinalem
1123 1233 1160 1264 s.
1189 1217 1316 1264 Petri
1340 1218 1401 1264 ad
1427 1216 1632 1267 Vincula
1659 1217 1718 1264 de
1745 1216 1966 1264 manibus
1987 1216 2076 1264 im-

294 1299 484 1363 piorum
509 1299 714 1347 Domino
739 1303 1070 1363 preservante.

360 1383 498 1431 Feria
520 1385 707 1445 quarta,
735 1387 794 1430 20
813 1382 926 1430 dicti
948 1382 1144 1441 mensiS,
1171 1382 1303 1430 circa
1323 1382 1496 1430 horam
1519 1381 1876 1444 duodecimam,
1902 1387 2070 1432 Rmus.

296 1469 352 1513 D.
382 1466 626 1513 Johannes
659 1465 875 1528 Baptista
904 1465 963 1512 de
1002 1464 1255 1523 Ferrariis,
1298 1464 1557 1513 cardinalis
1592 1465 1874 1513 Mutinensis
1909 1451 1957 1514 et
1992 1469 2076 1514 Ca—

294 1564 498 1611 puanus,
521 1548 569 1594 in
593 1548 771 1610 palatio
795 1547 1078 1610 apostolico,
1104 1547 1290 1610 apud‘s.
1319 1550 1519 1595 Petrum
1538 1551 1585 1596 et
1602 1549 1810 1596 cameris
1833 1565 1915 1597 sue
1937 1549 2074 1597 habi-

294 1631 485 1679 tationis
512 1630 731 1694 spiritum
755 1629 966 1678 reddidit
991 1629 1102 1677 Orci
1125 1630 1324 1694 janitori
1343 1629 1422 1694 (1).
1458 1631 1547 1677 Hic
1577 1630 1850 1679 infirmatus
1885 1636 1958 1679 est
1995 1633 2074 1680 die

295 1713 555 1772 dominica,
584 1717 609 1762 3
635 1714 874 1777 presentis
899 1712 1096 1771 mensis,
1125 1715 1173 1761 et
1199 1714 1258 1760 ab
1283 1713 1454 1760 eadem
1483 1712 1560 1761 die
1594 1729 1745 1776 usque
1777 1714 1837 1761 ad
1869 1714 2071 1773 obitum,

294 1797 447 1845 noluit
466 1797 688 1845 minuere
709 1796 995 1860 sanguinem
1009 1812 1100 1844 nec
1115 1796 1183 1844 uti
1198 1796 1436 1861 clysteriis
1455 1812 1545 1844 nec
1565 1796 1789 1860 recipere
1813 1813 2071 1861 syruppos,

298 1880 487 1943 pillulas
512 1882 593 1928 aut
623 1880 915 1928 medicinam
947 1880 1176 1943 aliquam,
1214 1880 1299 1928 sed
1334 1882 1503 1944 quarta
1532 1879 1605 1927 vel
1638 1879 1803 1943 quinta
1838 1880 1916 1928 die
1949 1880 2079 1927 infir-

299 1963 480 2010 mitatis
518 1978 621 2022 sue,
649 1962 761 2010 fecit
795 1962 883 2010 sibi
915 1963 1019 2009 fieri
1051 1978 1253 2026 suppam
1275 1963 1414 2026 panis
1440 1962 1489 2009 in
1516 1961 1757 2027 chiatoffl)
1779 1962 1873 2010 vini
1899 1962 2075 2011 corsici

298 2045 466 2109 optimi
488 2060 634 2109 quam
660 2046 886 2104 comedit,
913 2049 962 2093 et
986 2046 1110 2092 bibit
1132 2045 1311 2093 vinum.

363 2128 629 2187 Dominica,
672 2133 728 2176 10
765 2129 928 2193 hujus,
971 2128 1221 2177 confessus
1255 2132 1342 2181 est,
1386 2133 1432 2177 et
1468 2128 1544 2177 die
1582 2129 1695 2177 lune
1736 2128 1974 2192 sequenti,
2018 2132 2070 2176 11

298 2213 440 2276 hujus
462 2211 523 2277 (3)
564 2211 752 2276 accepit
789 2212 1082 2260 eucharistie
1123 2216 1519 2271 sacramentum3
1564 2217 1611 2261 et
1647 2212 1726 2260 illa
1764 2212 1839 2260 die
1876 2211 2078 2260 cessavit

302 2312 395 2344 una
418 2295 567 2344 febris
594 2300 641 2344 et
661 2296 854 2359 gravior
878 2312 936 2344 ex
959 2297 1145 2344 duabus
1169 2296 1388 2344 tertianis
1413 2312 1532 2359 quas
1561 2296 1789 2354 habebat,
1820 2311 1930 2343 cum
1960 2310 2078 2343 con-

300 2379 434 2426 tinua
454 2395 605 2442 usque
630 2379 690 2426 ad
715 2379 843 2427 diem
869 2379 1070 2439 sabbati,
1104 2382 1160 2427 16
1186 2379 1402 2443 ejusdem
1425 2378 1623 2438 mensis,
1644 2394 1740 2442 qua
1760 2379 1907 2426 rediit
1929 2377 2077 2426 febris

302 2477 393 2524 que
416 2464 712 2510 cessaverat.
738 2462 917 2510 Habuit
938 2462 1099 2525 plures
1120 2462 1333 2511 valentes
1352 2462 1587 2522 medicos,
1612 2461 1694 2525 qui
1715 2477 1827 2510 eum
1847 2460 2078 2510 continuo

301 2544 585 2603 visitabant;
618 2561 716 2592 non
751 2547 915 2594 tamen
950 2549 1210 2609 potuerunt
1241 2562 1352 2593 eum
1385 2546 1550 2608 aliqua
1578 2545 1769 2594 ratione
1801 2545 1994 2593 vincere
2025 2546 2079 2592 ut

302 2627 555 2675 medicinis
573 2628 842 2692 juvaretur,
872 2644 1023 2692 usque
1050 2629 1110 2676 ad
1134 2628 1262 2677 diem
1292 2628 1586 2677 dominicam
1617 2632 1670 2675 17
1697 2627 1858 2691 hujus,
1891 2643 1985 2691 qua
2016 2627 2076 2674 de

303 2710 543 2759 medicina
578 2711 667 2759 sibi
703 2712 927 2760 ordinata
956 2712 1144 2776 accepit
1174 2716 1360 2761 sextam
1394 2712 1465 2760 vel
1501 2714 1720 2760 octavam
1758 2714 1947 2775 partem
1984 2725 2077 2774 que

352 2883 383 2918 1.
411 2882 506 2919 Telle
525 2887 582 2919 est
610 2881 645 2918 la
665 2881 768 2927 lecon
789 2882 839 2918 du
865 2893 954 2919 mss.
975 2883 1083 2928 5522,
1111 2883 1146 2918 4.
1169 2882 1194 2918 f.
1226 2882 1310 2925 423,
1330 2892 1365 2918 v.
1394 2883 1429 2918 et
1447 2881 1497 2918 du
1518 2879 1637 2929 Chigi,
1660 2880 1705 2918 L.
1741 2880 1771 2926 1,
1801 2881 1858 2926 14,
1880 2879 1903 2916 f.
1926 2880 2008 2924 407,
2033 2891 2069 2917 v.

305 2942 350 2977 Le
372 2943 432 2978 151
459 2942 576 2979 donne
603 2955 621 2975 «
642 2942 806 2978 reddidit
833 2943 1008 2979 Creatori.
1034 2956 1052 2974 »

349 3009 384 3042 2.
407 3006 503 3042 Telle
524 3010 580 3042 est
598 3005 633 3042 la
654 3006 754 3051 lecon
774 3007 823 3042 du
848 3019 940 3043 mss.
969 3006 1089 3054 Chigi.
1111 3007 1154 3042 L.
1183 3006 1210 3043 Ι.
1236 3007 1292 3051 14,
1314 3005 1342 3043 f.
1378 3007 1459 3052 407,
1479 3017 1513 3042 v.
1537 3004 1585 3041 Le
1609 3004 1765 3049 5522.4,
1789 3003 1814 3040 s.
1835 3005 1904 3040 421
1925 3003 2045 3040 donne
2065 3014 2074 3041 ε

305 3080 321 3098 «
343 3067 380 3101 ιή
400 3067 527 3112 cyatho
551 3078 590 3111 »3
612 3064 644 3101 le
664 3066 731 3102 150
751 3068 790 3101 in
809 3067 979 3102 bicherio.
999 3081 1018 3098 »

349 3126 384 3162 3.
413 3124 461 3161 Ce
482 3127 596 3161 meme
623 3125 719 3172 jour,
742 3124 1028 3161 l’ambassadeur
1052 3124 1210 3162 venitien
1233 3124 1393 3162 mandait
1421 3126 1442 3160 a
1467 3123 1502 3160 la
1523 3121 1740 3171 Seigneurie
1761 3134 1769 3159 :
1793 3137 1811 3156 «
1835 3121 1863 3158 ll
1895 3122 2076 3160 cardinale

303 3183 338 3219 di
360 3183 516 3219 Modena
536 3183 639 3231 giace
659 3183 790 3220 malato
812 3195 877 3220 con
897 3195 989 3231 poca
1009 3195 1183 3232 speranza
1199 3183 1232 3219 di
1248 3182 1464 3231 guarigione
1488 3193 1495 3218 :
1519 3182 1550 3218 si
1571 3181 1698 3218 dubita
1715 3181 1751 3217 di
1767 3181 1906 3218 veleno.
1932 3196 1950 3215 «
1971 3183 2073 3229 Disp.

304 3244 343 3279 di
369 3244 610 3285 Giuslim‘cmi,
634 3247 661 3280 t.
685 3243 714 3287 I,
746 3255 787 3291 p.
819 3243 878 3279 54.
912 3243 960 3279 Le
988 3242 1206 3287 lendemain,
1230 3243 1274 3278 12
1294 3241 1427 3290 juillet,
1459 3240 1746 3278 l’ambassadeur
1768 3240 1917 3277 ecrivait
1953 3252 1961 3277 :
1995 3255 2015 3275 «
2036 3240 2078 3278 El

303 3301 603 3339 reverendissimo
623 3302 781 3339 Modena
800 3301 853 3338 ozi
875 3305 932 3338 sta
948 3301 1078 3348 meglio
1100 3300 1273 3349 alquanto
1294 3300 1360 3337 che
1388 3300 1485 3345 heri;
1506 3312 1575 3348 pur
1595 3312 1667 3337 non
1688 3303 1707 3337 e
1729 3311 1839 3337 senza
1858 3311 1952 3348 gran
1978 3299 2077 3348 peri-

304 3362 393 3404 colo,
416 3373 479 3410 per
499 3361 681 3410 eljudicio
702 3361 757 3398 de'
785 3360 912 3397 medici
935 3371 944 3396 :
964 3360 995 3396 el
1018 3360 1220 3408 parosismo
1238 3361 1283 3396 de
1303 3363 1433 3407 questa
1459 3363 1557 3396 notte
1578 3359 1656 3396 sara
1682 3360 1735 3396 sar
1755 3359 1816 3408 piu
1835 3371 1921 3396 vero
1937 3357 2076 3407 judicio

304 3420 398 3457 della
417 3421 533 3459 salute
566 3433 586 3459 o
619 3425 731 3458 morte
751 3431 828 3457 sua.
852 3419 900 3456 Se
933 3419 991 3456 dio
1011 3420 1199 3456 esaudisse
1225 3419 1235 3455 i
1261 3418 1389 3468 preghi
1409 3418 1607 3456 universali
1634 3419 1670 3455 di
1699 3423 1796 3457 tutta
1815 3423 1947 3467 questa
1965 3421 2076 3462 terra,

305 3492 375 3517 non
398 3493 436 3517 sc
457 3481 589 3518 leveria
608 3481 653 3518 de
672 3480 773 3526 letto,
795 3471 849 3516 ch'
865 3479 896 3516 el
918 3478 1013 3516 saria
1032 3483 1174 3528 portato
1191 3478 1261 3516 alla
1281 3478 1480 3527 sepoltura.
1507 3492 1526 3515 »
1549 3479 1619 3524 Id„
1648 3490 1684 3526 p.
1706 3479 1765 3516 55.
