2222 3932
126 392 236 437 [Mars
257 393 352 437 1504]
579 390 750 433 RERUM
784 387 1084 431 URBANARUM
1112 387 1465 430 COMMENTARH.
1835 376 1908 426 339⁷

125 497 236 545 cula
253 495 455 545 visitavit
472 495 770 545 cardinalem
788 494 1166 543 Ulixbonensem
1190 495 1239 542 in
1263 494 1468 558 palatio;
1497 495 1903 551 Recanatensem,

125 595 163 626 s.
190 577 437 636 Praxedis,
467 594 507 626 s.
538 576 750 640 Georgii,
778 575 1077 636 Farnesium,
1110 578 1522 634 Beneventanum,
1555 576 1615 625 de
1641 575 1819 634 Flisco,
1846 550 1908 623 (se

125 660 370 723 Aragonia
396 664 531 708 extra
556 658 811 723 palatium3
838 658 1036 706 tandem
1060 658 1443 721 Alexandrinum
1468 659 1518 706 in
1543 659 1740 723 palatio.

195 743 283 791 Die
310 742 514 802 veneriS,
548 745 576 790 8
603 742 782 800 martii,
819 741 946 790 circa
968 741 1140 790 horam
1166 741 1449 805 vigesimam
1485 742 1767 801 secundam,
1799 741 1911 789 visi-

127 827 244 875 tavit
267 827 398 875 idem
418 825 807 889 Agrigentinum,
829 825 1160 884 Cusentinum,
1186 828 1509 885 Casanovam,
1532 825 1909 885 Bononiensem,

126 909 412 979 Adrianum,
437 909 695 967 Medicem,
721 908 1031 972 Regiensem,
1056 908 1438 972 Legionensem:
1465 912 1814 957 excusaverunt
1840 923 1910 967 se,

128 994 259 1054 quod
294 991 515 1056 occupati
542 1008 642 1040 non
673 994 874 1055 possent
897 1007 1006 1039 eum
1040 991 1238 1049 audire;
1277 991 1579 1051 Grimanum,
1609 991 1912 1051 Columnam,

128 1064 421 1133 Cornelium,
446 1074 707 1123 Ascanium
735 1079 783 1123 et
803 1075 1088 1122 Elnensem:
1119 1074 1345 1122 similiter
1366 1075 1574 1123 visitavit
1599 1074 1812 1137 reliquos
1833 1073 1915 1138 qui

129 1173 299 1206 omnes
320 1163 459 1206 erant
479 1158 528 1206 in
552 1158 651 1206 suis
674 1158 897 1217 cameris,
926 1159 975 1205 in
998 1158 1193 1222 palatio,
1222 1161 1270 1206 et
1291 1158 1685 1208 Volaterranum.

197 1241 450 1289 Dominica
473 1242 622 1290 tertia
646 1241 1038 1306 quadragesime,
1070 1245 1128 1290 10
1152 1241 1333 1300 martii,
1360 1244 1416 1289 R.
1446 1244 1499 1290 P.
1530 1244 1586 1290 D.
1617 1242 1915 1307 StephanuS‚

132 1325 527 1388 archiepiscopus
546 1325 868 1384 Patracensis,
888 1325 1135 1385 assistens,
1158 1325 1420 1373 celebravit
1437 1325 1639 1374 missam
1655 1342 1744 1390 pro
1760 1326 1919 1375 electo

134 1408 428 1467 Bellunensi,
455 1409 741 1457 assistente:
772 1408 1042 1457 orationem
1065 1408 1182 1457 fecit
1205 1409 1338 1472 prior
1366 1409 1555 1457 ordinis
1580 1426 1619 1457 s.
1646 1409 1918 1475 Augustini,

134 1490 313 1538 bonam
333 1494 379 1538 et
396 1490 609 1539 brevem.
629 1494 744 1539 Post
758 1492 1035 1555 prandium,
1057 1492 1356 1556 gubernator
1372 1492 1604 1555 equitavit
1618 1508 1706 1556 per
1720 1493 1917 1551 Urbem,

136 1578 182 1620 et
203 1573 389 1636 accepit
404 1573 533 1622 circa
553 1574 752 1638 triginta
763 1590 905 1622 enses
921 1591 979 1622 ex
993 1575 1322 1638 portatoribus
1339 1591 1349 1634 ;
1370 1580 1418 1623 et
1433 1591 1603 1623 omnes
1618 1575 1733 1623 fecit
1747 1575 1920 1639 projici

138 1656 197 1703 ad
218 1660 415 1719 pontem
440 1673 478 1704 s.
508 1657 677 1720 Angeli
702 1657 762 1705 ad
785 1656 1013 1721 Tyberim
1036 1657 1117 1722 (1).

206 1739 292 1786 Die
318 1739 449 1798 lune,
482 1743 534 1787 11
569 1739 751 1798 martii,
788 1739 878 1788 fuit
910 1740 1255 1788 consistorium
1288 1746 1549 1800 secretum,
1580 1741 1630 1789 in
1661 1741 1798 1805 cujus
1825 1741 1922 1788 fine

140 1823 269 1884 Papa
292 1821 486 1885 aperuit
508 1837 562 1869 os
591 1822 824 1870 cardinali
851 1839 890 1870 s,
922 1822 1052 1871 Petri
1073 1824 1134 1871 ad
1166 1823 1390 1883 Vincula,
1418 1830 1464 1872 et
1492 1824 1625 1872 dedit
1649 1824 1693 1873 ei
1720 1824 1922 1872 anulum

146 1908 195 1953 et
220 1905 411 1952 titulum
436 1921 474 1952 s.
504 1905 629 1953 Petri
648 1906 709 1953 ad
730 1906 949 1955 Vincula.

208 1987 295 2037 Die
320 1988 505 2047 martis,
537 1992 592 2036 12
615 1989 795 2047 martii,
827 1989 1006 2037 festum
1026 2006 1064 2038 s.
1095 1990 1332 2055 Gregorii,
1361 1993 1445 2040 SS.
1474 1994 1531 2039 D.
1560 1995 1744 2051 noster,
1772 2007 1918 2040 cruce

142 2087 254 2119 eum
278 2071 588 2134 precedente,
616 2071 813 2120 indutus
836 2072 1016 2122 amictu
1038 2079 1083 2122 et
1104 2074 1228 2123 stola
1249 2090 1393 2138 super
1418 2075 1687 2139 caputium,
1713 2090 1920 2138 sequen-

143 2154 270 2203 tibus
302 2155 643 2216 cardinalibus,
679 2172 766 2220 per
800 2159 1034 2221 Campum
1070 2158 1229 2217 Flore,
1266 2158 1478 2222 plateam
1506 2159 1772 2207 Judeorum
1807 2161 1921 2207 ante

142 2238 380 2302 hospitale
406 2255 445 2287 s.
481 2240 634 2289 Marie
660 2240 710 2288 in
735 2241 948 2299 Porticu,
985 2240 1214 2303 equitavit
1241 2242 1302 2288 ad
1331 2241 1591 2290 ecclesiam
1613 2258 1651 2289 s.
1682 2241 1922 2305 Gregorii,

145 2322 225 2369 ubi
249 2323 532 2387 genuflexus
553 2323 603 2372 in
631 2323 900 2372 faldistorio
929 2328 1039 2372 ante
1064 2323 1280 2371 medium
1307 2324 1490 2382 altaris,
1517 2324 1697 2372 audivit
1725 2324 1925 2372 missam

143 2405 338 2453 bassam
360 2406 418 2454 de
438 2407 610 2455 eodem
632 2411 817 2466 sanctO,
840 2407 942 2454 sine
962 2407 1428 2456 commemoratione
1443 2407 1581 2468 ferie,
1601 2407 1926 2456 cardinalibus

145 2487 258 2536 hinc
298 2488 411 2537 inde
454 2490 746 2553 genuflexis,
786 2489 864 2554 qui
904 2491 963 2538 ad
998 2490 1178 2538 Pacem
1218 2494 1558 2550 surrexerunt3
1604 2506 1767 2554 quam,
1814 2506 1926 2538 cum

151 2571 446 2635 suscepisset
489 2572 670 2635 primus
725 2573 982 2637 cujuslibet
1022 2573 1232 2632 ordiniS,
1279 2573 1469 2622 duobus
1517 2574 1735 2637 quolibet
1774 2574 1926 2622 latere

149 2654 387 2701 stantibus
421 2670 510 2718 per
535 2655 720 2703 socium
746 2655 874 2714 data,
905 2655 984 2704 ille
1013 2655 1072 2703 ab
1105 2656 1198 2703 illis
1231 2656 1484 2704 descendit
1514 2672 1602 2719 pro
1640 2657 1805 2705 osculo
1830 2657 1927 2705 oris

150 2737 210 2784 ad
237 2737 374 2797 alios.
395 2738 652 2787 Celebrans
675 2739 804 2787 dicto
824 2739 1037 2798 Placeat,
1067 2739 1128 2787 ad
1153 2739 1301 2786 finem
1321 2739 1502 2803 incepit
1522 2739 1760 2786 Dominus
1786 2739 1930 2787 vobis-

151 2836 274 2879 cum,
304 2828 410 2880 etc„
438 2837 525 2885 pro
548 2821 797 2886 evangelio
830 2838 868 2869 s.
892 2822 1143 2882 Johannis,
1170 2822 1300 2886 quod
1325 2822 1493 2882 finivit,
1512 2825 1773 2885 antequam
1799 2825 1931 2886 Papa

153 2903 290 2952 daret
309 2904 715 2954 benedictionem.
743 2908 846 2962 Quo
877 2905 1025 2965 lactc,
1052 2908 1184 2969 Papa
1219 2905 1438 2954 ascendit.
1470 2904 1531 2953 ad
1554 2905 1725 2966 altare,
1754 2910 1802 2954 et
1826 2904 1930 2953 sine

154 3002 297 3035 cruce
338 3004 438 3048 sua,
477 2988 673 3037 renibus
708 2988 844 3037 altari
877 2989 1045 3048 versiS‚
1080 2989 1212 3037 dedit
1241 2989 1291 3036 in
1332 2991 1478 3038 cantu
1515 2988 1927 3049 benedictionem,

204 3141 242 3178 1.
273 3141 345 3178 Par
373 3154 423 3178 un
446 3142 526 3179 bref
550 3142 600 3179 du
631 3143 678 3179 24
708 3142 778 3179 mai
813 3143 917 3186 1499,
951 3140 984 3178 le
1012 3154 1105 3191 pape
1137 3142 1342 3179 Alexandre
1370 3143 1420 3179 VI
1451 3142 1548 3179 avait
1578 3141 1643 3178 fait
1669 3141 1816 3178 defense
1860 3151 1934 3177 aux

158 3199 332 3236 Romains
353 3201 397 3237 de
418 3201 525 3238 sortir
545 3204 662 3238 armes
684 3201 776 3238 dans
806 3201 840 3238 la
867 3201 962 3239 ville.
995 3216 1012 3236 «
1040 3201 1129 3238 Cum
1158 3202 1227 3239 SS.
1255 3203 1300 3240 D.
1323 3206 1447 3239 noster
1466 3201 1613 3238 fecisset
1633 3201 1781 3238 verbum
1802 3200 1846 3236 de
1862 3199 1934 3237 tol-

154 3257 271 3294 lendis
291 3259 400 3295 armis
418 3272 488 3307 que
508 3260 648 3308 passim
669 3261 727 3297 die
750 3265 931 3309 nocteque
959 3262 1079 3298 serunt
1103 3272 1168 3309 per
1194 3260 1341 3303 Urbem,
1365 3262 1531 3298 hortatus
1553 3264 1651 3297 esset
1671 3260 1832 3297 RRmos.
1854 3258 1933 3297 DD.

156 3322 196 3353 ut
215 3316 347 3354 vellent
366 3319 508 3356 efficere
534 3325 575 3357 ut
601 3332 750 3357 suorum
776 3320 969 3358 familiares
997 3321 1144 3357 omnino
1171 3332 1191 3357 a
1214 3321 1403 3368 portandis
1425 3320 1535 3356 armis
1566 3319 1814 3363 abstinerent;
1844 3317 1938 3354 satis

157 3376 304 3412 laudata
323 3376 391 3413 fuit
410 3389 473 3425 per
493 3379 610 3416 dictos
643 3381 808 3419 szmos.
844 3380 997 3418 intentio
1030 3392 1094 3416 sue
1127 3380 1381 3422 Beatitudinis,
1416 3385 1452 3416 et
1489 3379 1539 3414 sic
1566 3379 1633 3414 fuit
1660 3377 1874 3414 conclusum
1897 3382 1939 3413 ut

158 3435 270 3471 fieret.
291 3450 308 3467 ι)
333 3438 494 3480 (Decreta
514 3441 783 3476 consistorialia
802 3441 845 3476 ab
863 3441 1074 3476 Almanam
1099 3441 1148 3478 VI
1162 3450 1274 3485 usque
1294 3440 1342 3475 ad
1366 3440 1550 3474 Urbanum
1576 3438 1687 3482 Vm.)
1709 3437 1750 3472 Β.
1774 3436 1818 3472 N.
1835 3448 1932 3474 mss,

160 3494 223 3532 lat.
248 3494 374 3539 12555,
396 3495 456 3532 fol.
475 3497 510 3542 2,
528 3509 564 3533 v.
1008 3500 1012 3505 ’
