2254 3944
195 417 300 459 [Mars
323 418 417 458 1500]
648 414 817 452 RERUM
853 412 1152 451 URBANARUM
1163 414 1167 416 “
1179 413 1538 452 ἘΟΜΜΕΝΤΑΗΙΙ.
1937 419 1984 455 23

218 520 220 523 ’
260 519 446 579 Martis,
488 522 514 568 3
555 518 737 578 martii,
776 521 1106 565 cucurrerunt
1143 518 1263 566 asini
1298 522 1345 567 et
1381 519 1545 567 bubali
1585 519 1855 568 successive
1893 536 1983 584 pro

196 619 369 652 eorum
395 603 568 668 palliis,
598 602 744 650 etiam
772 602 832 650 ad
858 617 895 648 s.
926 604 1142 650 Petrum.

264 689 407 736 Feria
452 689 628 750 quarta
671 686 918 745 cinerum,
960 689 987 732 4
1027 687 1208 734 mensis
1244 688 1428 746 martii,
1466 689 1550 736 SS.
1594 690 1648 736 D.
1692 690 1862 737 noster
1897 689 1983 737 be-

197 772 382 821 nedixit
422 774 470 819 et
507 769 737 833 imposuit
774 770 990 828 cinereS‚
1029 786 1168 818 more
1214 771 1370 819 solito.
1413 775 1581 819 Rmus.
1624 775 1681 820 D.
1721 773 1983 821 cardinalis

197 874 235 904 S.
276 855 445 904 Crucis
487 853 751 902 celebravit
786 853 983 902 missam
1030 858 1077 902 et
1116 854 1347 918 imposuit.
1386 856 1579 903 cineres
1615 859 1770 919 Pape3
1813 860 1983 906 orator

198 955 346 988 novus
380 938 510 1002 regis
546 936 851 1000 Neapolitani
883 938 1019 986 dedit
1051 954 1226 1002 aquam
1261 939 1485 986 manibus
1518 942 1665 1003 Pape‚
1702 955 1982 988 sermonem

198 1024 311 1071 fecit
342 1021 508 1070 nescio
541 1020 648 1084 quis
680 1020 933 1078 diaconuS,
968 1022 1155 1085 accepit
1188 1022 1584 1071 benedictionem
1621 1039 1649 1071 a
1682 1026 1830 1087 Papa,
1866 1025 1982 1072 dum

197 1107 448 1154 diceretur
486 1120 653 1152 versus
692 1107 901 1163 tractus,
940 1105 1158 1153 osculato
1195 1105 1330 1169 prius
1368 1107 1493 1169 pede
1534 1109 1664 1171 Pape
1700 1110 1746 1154 et
1783 1107 1982 1155 incenso

196 1205 284 1254 per
318 1193 496 1253 Papam
528 1187 778 1236 thuribulo
811 1188 1164 1251 imposit03alia
1188 1205 1324 1236 more
1351 1190 1509 1238 solito.
1540 1192 1616 1249 Et,
1645 1190 1784 1238 finita
1812 1191 1980 1248 missa,

199 1276 328 1336 Papa
353 1274 414 1320 ad
439 1271 844 1336 supplicationem
871 1287 1031 1319 meam
1059 1273 1304 1321 concessit
1330 1273 1462 1322 socio
1487 1289 1598 1322 meo
1624 1278 1671 1322 et
1697 1274 1898 1338 singulis
1923 1276 1982 1323 de

195 1357 382 1421 capella
411 1358 582 1404 nostra
615 1355 935 1402 existentibus
969 1357 1099 1418 quod
1138 1357 1338 1420 quilibet
1376 1360 1662 1406 nostrorum
1698 1364 1861 1422 posset
1894 1359 1980 1407 sibi

195 1441 378 1504 eligere
414 1440 749 1488 confessorem
791 1439 872 1502 qui
912 1455 1023 1487 eum
1064 1440 1283 1503 plenarie
1322 1441 1594 1490 absolveret
1627 1446 1674 1491 et
1710 1442 1982 1506 plenariam

197 1524 549 1588 indulgentiam
581 1524 719 1571 daret
758 1528 807 1570 ut
842 1523 1078 1572 visitando
1115 1524 1272 1572 tribus
1307 1525 1489 1573 vicibus
1525 1526 1622 1574 sive
1646 1526 1832 1574 diebus
1864 1542 1983 1590 qua-

198 1613 310 1656 tuor
338 1607 568 1656 ecclesias
592 1608 848 1670 deputatas
873 1622 1290 1670 consequeremur
1321 1608 1647 1671 indulgentias
1666 1609 1852 1672 jubilei.
1882 1611 1982 1673 Ego

199 1690 460 1754 supplicavi
489 1706 579 1753 pro
604 1705 682 1736 me
709 1691 857 1753 quod,
886 1690 1123 1738 visitando
1149 1691 1304 1738 tribus
1331 1692 1513 1739 vicibus
1537 1692 1634 1740 sive
1662 1692 1831 1741 diebus
1854 1693 1982 1742 basi-

196 1775 342 1823 licam
374 1791 411 1822 s
449 1776 580 1822 Petri
613 1774 863 1833 duntaxat,
894 1790 1227 1838 consequerer
1259 1775 1581 1839 indulgentias
1614 1776 1782 1840 jubilei
1813 1793 1822 1825 z
1854 1779 1982 1843 Papa

198 1858 351 1907 noluit
377 1858 495 1905 mihi
519 1857 615 1905 hoc
638 1858 912 1921 indulgere.

261 1942 399 1989 Feria
420 1942 603 2005 quinta,
631 1946 657 1990 5
680 1942 861 1990 mensis
882 1942 1039 1990 martii
1061 1942 1414 1991 illustrissimus
1436 1944 1532 1991 dux
1545 1944 1829 1993 Valentinus
1851 1944 1978 1993 ince-

198 2025 262 2090 pit
287 2025 479 2073 visitare
504 2041 672 2073 omnes
690 2029 895 2074 RRmos.
927 2025 1196 2074 cardinales
1219 2031 1265 2075 et
1287 2043 1383 2074 non
1405 2027 1573 2077 habuit
1589 2044 1759 2077 seeum
1772 2028 1982 2092 aliquem

195 2109 479 2174 episcopum
501 2109 573 2158 vel
595 2109 852 2173 prelatum,
877 2110 963 2158 sed
984 2111 1250 2159 associatus
1272 2111 1360 2160 fuit
1381 2127 1409 2159 a
1431 2112 1527 2159 suis
1550 2113 1782 2161 duntaxat
1804 2113 1983 2177 stipen-

195 2193 374 2242 diariis.
407 2192 530 2242 ‘Cum
560 2193 774 2242 visitaret
795 2194 1091 2244 cardinalem
1129 2196 1416 2255 Senensem,
1442 2196 1782 2245 descendendo
1816 2197 1874 2245 de
1902 2212 1982 2246 ca—

195 2293 346 2337 mera,
371 2278 626 2326 associavit
648 2294 760 2326 eum
789 2295 939 2342 usque
969 2279 1029 2327 ad
1051 2279 1201 2344 pedes
1223 2280 1463 2328 scalarum
1484 2286 1529 2329 et
1554 2280 1634 2328 ivit
1658 2280 1719 2328 ad
1741 2281 1980 2329 sinistram

179 2362 451 2410 cardinalis
480 2362 591 2426 quia
612 2362 742 2410 nullo
765 2364 910 2411 modo
933 2363 1313 2428 voluitaccipere
1335 2365 1601 2415 dexteram.
1625 2365 1736 2413 licet
1762 2365 1981 2413 cardina—

193 2446 249 2493 lis
293 2461 402 2493 cum
426 2461 603 2509 magna
635 2446 858 2495 instantia
896 2447 1027 2495 illam
1062 2448 1150 2496 sibi
1188 2448 1411 2507 offerret3
1454 2448 1583 2496 idem
1626 2449 1770 2497 audio
1808 2449 1981 2497 fecisse

194 2545 305 2578 cum
339 2530 446 2578 aliis
473 2530 799 2578 cardinalibus
815 2547 825 2590 ;
843 2531 1061 2579 Veniente
1084 2532 1224 2592 duce,
1259 2532 1425 2580 nescio
1447 2547 1699 2597 quousque
1723 2532 1980 2581 cardinalis

195 2612 284 2661 sibi
307 2612 536 2671 occurrit,
558 2618 819 2677 propterea
832 2629 929 2662 non
948 2615 1081 2678 potui
1103 2619 1353 2664 annotare.

258 2696 479 2756 Veneris,
505 2700 532 2744 6
556 2697 714 2745 martii
747 2697 1005 2746 cardinalis
1037 2699 1295 2747 Gurcensis
1319 2699 1459 2747 rediit
1481 2699 1541 2746 ad
1566 2692 1744 2746 Urbem
1768 2700 1828 2747 de
1850 2699 1982 2762 lega-

198 2773 327 2828 tione
351 2796 437 2828 sua
458 2781 711 2840 Perusina,
737 2782 841 2829 sine
861 2781 1058 2830 licentia
1076 2784 1221 2846 Pape,
1248 2786 1300 2830 ut
1318 2782 1549 2831 intellexi.

264 2864 494 2925 Sabbato,
521 2869 546 2913 7
576 2865 795 2930 ejusdem
832 2866 1013 2914 mensis
1040 2866 1220 2926 martii,
1243 2865 1367 2915 festo
1399 2883 1437 2914 s.
1476 2867 1660 2915 Thome
1698 2866 1756 2915 de
1788 2867 1981 2930 Aquino

200 2951 254 2996 R.
289 2951 339 2997 P.
379 2951 435 2997 D.
471 2950 773 3014 Hieremyas,
799 2949 1060 3013 episcopus
1080 2950 1470 3009 Assisinatensis‚
1498 2950 1760 2998 celebravit
1781 2950 1981 2997 missam

199 3032 468 3080 solemnem
510 3033 558 3080 in
597 3033 803 3081 ecclesia
837 3034 1077 3093 Minerve;
1119 3034 1238 3082 dixit
1282 3049 1426 3082 unam
1463 3034 1733 3082 orationem
1774 3037 1977 3092 tantum,

203 3114 353 3162 Credo
375 3119 422 3163 et
443 3115 768 3179 prefationem
791 3132 1104 3165 communem
1123 3120 1170 3166 et
1191 3117 1370 3166 chorus
1392 3117 1477 3165 fuit
1499 3121 1694 3181 paratus
1717 3133 1804 3181 pro
1824 3116 1981 3165 cardi-

199 3198 389 3246 nalibus
411 3205 458 3247 et
479 3200 698 3263 prelatis,
725 3203 872 3264 prout
893 3201 1029 3248 annis
1045 3201 1394 3265 superioribus.
1415 3202 1696 3249 Orationem
1714 3205 1821 3265 post
1837 3216 1981 3249 evan-

201 3281 381 3342 gelium
405 3282 519 3330 fecit
547 3286 602 3331 D.
640 3284 850 3332 Thomas
872 3285 1041 3343 Fedra,
1068 3289 1234 3333 orator
1255 3285 1466 3349 optimus
1490 3289 1535 3333 et
1559 3285 1835 3348 singularis,
1867 3299 1979 3331 cum

201 3377 375 3426 magna
395 3367 614 3414 omnium
634 3367 796 3416 laude.
823 3369 981 3416 Finita
1010 3369 1175 3427 missa,
1198 3384 1294 3416 non
1324 3368 1520 3417 fuerunt
1544 3369 1866 3432 pronunciate
1904 3366 1977 3412 in-

203 3444 467 3513 dulgentie,
499 3451 614 3512 quia
648 3451 864 3514 plenarie
893 3452 942 3499 in
967 3452 1113 3499 valvis
1135 3452 1337 3500 ecclesie
1362 3452 1626 3515 publicate.
1651 3449 1979 3498 Interfuerunt

203 3527 462 3577 duodecim
485 3533 771 3591 cardinales,
803 3534 1029 3582 videlicet
1057 3534 1420 3598 Neapolitanus,
1452 3531 1816 3590 RecanatensiS‚
1849 3531 1979 3594 epis-
