2228 3938
181 392 391 433 [Decembre
412 393 503 433 1501]
633 389 804 429 RERUM
837 386 1139 426 URBANARUM
1172 384 1525 424 COMMENTARH.
1895 387 1960 423 171

250 497 503 545 Dominica
529 495 687 560 prima
708 494 940 542 adventus
962 490 1174 550 Domini,
1200 493 1261 538 28
1288 488 1582 547 novembris,
1614 491 1668 536 R.
1704 491 1761 536 D.
1787 489 1964 536 Petrus

171 581 438 645 episcopus
475 578 743 629 Calmensis
773 576 978 625 vicarius
1006 574 1166 632 Urbis,
1194 573 1456 622 celebravit
1489 573 1688 620 missam
1715 571 1958 636 publicam

180 666 230 713 in
251 665 441 729 capella
458 665 664 728 majore,
690 664 820 725 Papa
842 662 1096 725 presente;
1121 673 1402 706 sermonem
1424 657 1536 705 secit
1557 660 1854 720 procurator
1880 671 1963 703 or-

181 749 307 796 dinis
330 748 720 813 predicatorum.

247 835 350 881 Hoc
388 847 549 891 mane,
595 830 747 878 frater
789 827 1088 892 Augustinus
1126 827 1185 874 de
1228 826 1456 885 Castello,
1500 824 1746 888 professus
1780 823 1964 870 ordinis

180 916 537 965 heremitarum
562 930 601 961 S.
638 912 911 977 Augustini,
934 911 1187 960 confessor
1207 912 1336 973 Pape
1366 914 1412 957 et
1440 907 1811 972 penitentiarius
1834 907 1965 955 basi-

178 1000 270 1049 lice
296 1016 334 1048 s,
371 1000 515 1060 Petri,
550 1014 700 1047 novus
741 996 942 1045 sacrista
976 994 1162 1059 capelle
1196 997 1342 1057 Pape,
1381 992 1559 1056 incepit
1590 991 1768 1039 servire
1801 990 1965 1038 officio

181 1084 476 1148 hujusmodi,
511 1087 558 1131 et
588 1082 758 1130 habuit
792 1081 1018 1130 ultimum
1047 1080 1210 1127 locum
1238 1078 1368 1126 inter
1405 1077 1709 1135 assistentes,
1750 1075 1846 1124 hoc
1870 1079 1962 1134 est,

180 1167 313 1215 stetit
331 1171 439 1231 post
460 1166 686 1214 ultimum
708 1165 947 1230 prelatum
971 1166 1103 1227 Pape
1127 1163 1455 1211 assistentem.

246 1254 370 1300 Ante
415 1251 632 1309 missam,
671 1251 720 1298 in
761 1264 961 1298 camera
992 1247 1235 1312 papagalli
1273 1250 1379 1295 orta
1412 1250 1487 1295 est
1526 1244 1803 1293 differentia
1838 1244 1966 1292 inter

179 1341 429 1384 oratorem
449 1337 751 1384 Venetorum
772 1339 817 1383 et
839 1336 1091 1381 oratorem
1113 1332 1250 1379 ducis
1269 1331 1512 1380 Sabaudie
1534 1346 1681 1394 super
1701 1329 1969 1393 preceden-

180 1419 266 1479 tia,
295 1434 390 1482 qua
408 1434 497 1482 per
516 1421 699 1482 Papam
729 1418 995 1477 intellecta,
1025 1416 1270 1465 mandavit
1300 1414 1540 1464 Sanctitas
1572 1429 1659 1461 sua
1686 1412 1817 1477 quod
1835 1411 1968 1460 veni-

180 1508 292 1550 rent
313 1502 566 1551 alternatis
588 1503 792 1561 vicibus,
818 1507 866 1550 et
890 1517 978 1566 pro
1007 1517 1066 1549 ea
1091 1501 1211 1560 vice,
1246 1499 1424 1548 mansit
1450 1500 1667 1548 Venetus
1695 1501 1742 1546 et
1763 1496 1968 1545 recessit

181 1586 450 1634 SabauduS.

242 1669 501 1717 Dominica
523 1668 740 1717 secunda
763 1666 1018 1726 adventus,
1045 1671 1071 1715 5
1094 1666 1278 1714 mensis
1299 1665 1592 1725 decembris,
1618 1668 1673 1712 R.
1697 1667 1752 1712 D.
1775 1666 1967 1721 Petrus,

186 1753 445 1816 episcopus
466 1751 765 1811 Narniensis,
790 1750 1050 1798 celebravit
1075 1749 1277 1797 missam
1308 1749 1555 1812 publicam
1581 1748 1628 1796 in
1651 1748 1839 1813 capella
1856 1764 1968 1812 pre-

185 1836 332 1897 dicta,
373 1839 500 1899 Papa
533 1838 788 1899 presente3
827 1849 1104 1883 sermonem
1135 1833 1250 1882 fecit
1278 1836 1566 1897 procurator
1597 1831 1784 1880 ordinis
1808 1847 1969 1880 servo-

189 1934 297 1966 rum
318 1918 366 1966 b.
391 1918 564 1978 Marie,
589 1918 771 1982 optime
798 1936 806 1965 :
829 1917 925 1965 alia
946 1917 1200 1965 observata
1222 1921 1330 1964 sunt
1349 1931 1484 1964 more
1504 1916 1666 1964 solito.

245 2004 368 2050 Ante
396 2002 612 2061 missam,
641 2001 690 2048 in
721 2016 915 2049 camera
937 2000 1201 2065 Papagalli,
1237 2000 1594 2048 contenderunt
1626 2002 1850 2048 oratores
1873 2002 1969 2049 Ve-

179 2090 322 2134 netus
345 2089 391 2133 et
413 2085 664 2134 Sabaudus
686 2101 836 2149 super
859 2084 1195 2149 precedentia,
1221 2087 1269 2132 et
1291 2087 1421 2148 Papa
1441 2084 1500 2131 de
1529 2084 1733 2132 consilio
1758 2083 1881 2132 Rmi.
1906 2088 1965 2133 D.

183 2169 560 2234 Ulissiponensis
598 2169 844 2218 mandavit
885 2169 1017 2233 quod
1058 2173 1266 2233 uterque
1302 2169 1483 2216 horum
1519 2169 1797 2227 recederet,
1837 2169 1967 2232 quod

183 2253 384 2302 factum.
425 2257 596 2303 Rmus.
636 2257 692 2302 D.
733 2253 1000 2302 cardinalis
1037 2253 1299 2301 Grimanus
1342 2253 1569 2318 allegavit
1606 2269 1776 2301 coram
1812 2255 1963 2316 Papa,

182 2338 313 2401 quod
337 2338 612 2386 dominium
649 2340 956 2387 Venetorum
987 2340 1116 2385 esset
1152 2337 1201 2384 in
1235 2337 1545 2401 possessione
1574 2337 1704 2384 illius
1729 2336 1825 2385 loci
1858 2338 1970 2385 ante

185 2421 468 2470 Sabaudum
493 2423 555 2470 ad
584 2422 915 2486 quadraginta
939 2437 1094 2471 annos
1117 2421 1192 2469 vel
1216 2421 1364 2482 ultra,
1394 2424 1441 2469 et
1466 2423 1699 2471 ducatum
1726 2420 1970 2470 Sabaudie

184 2568 341 2605 attribue
360 2570 382 2603 a
402 2567 514 2604 Cesar
532 2567 567 2604 la
576 2570 756 2616 patei-nite
777 2570 821 2605 de
849 2573 905 2606 eet
918 2569 1054 2614 enfant,
1075 2569 1197 2606 l’avait
1216 2570 1357 2607 ensuite
1376 2582 1537 2607 reconnu
1556 2582 1648 2619 pour
1662 2582 1729 2608 son
1746 2581 1877 2619 propre
1892 2570 1967 2608 fils.

186 2645 203 2661 «
228 2627 269 2664 Si
303 2626 357 2663 les
384 2631 482 2664 actes
514 2628 688 2665 n’etaient
714 2640 779 2677 pas
809 2628 840 2664 la
873 2640 964 2677 pour
991 2628 1160 2675 l‘etablir,
1183 2629 1274 2665 ecrit.
1294 2623 1552 2678 Gregorovius,
1581 2642 1627 2666 on
1647 2642 1693 2666 ne
1713 2630 1874 2678 pourrait
1906 2642 1973 2678 pas

185 2686 298 2723 croire
318 2689 340 2723 a
367 2698 438 2723 une
464 2686 669 2724 effronterie
696 2688 798 2725 aussi
818 2687 1116 2725 extraordinaire.
1146 2703 1165 2721 »
1189 2687 1283 2736 Voy.
1307 2691 1460 2725 Lucrece
1486 2691 1635 2735 Borqia,
1663 2693 1694 2727 t.
1727 2690 1755 2731 Ι,
1779 2701 1815 2738 p.
1845 2690 1915 2726 350
1937 2692 1974 2726 et

185 2747 279 2785 suiv.
303 2750 338 2783 et
358 2750 385 2783 t.
408 2747 456 2793 ΙΙ,
476 2753 535 2782 n⁰⁸
554 2748 601 2783 29
620 2751 657 2784 et
675 2749 734 2794 30,
758 2748 810 2784 les
830 2748 926 2784 deux
947 2747 1065 2784 bulles
1083 2747 1325 2785 d'Alexandre
1339 2749 1399 2794 VI,
1416 2748 1585 2786 relatives
1611 2752 1632 2785 a
1658 2748 1796 2785 l’infant
1817 2749 1971 2795 romain,

186 2805 367 2843 Giovanni
389 2806 539 2855 Borgia.
562 2807 618 2845 M.
651 2807 695 2844 de
716 2807 892 2856 l'Epinois
923 2820 944 2845 a
964 2809 1084 2846 etudie
1113 2821 1201 2846 sous
1220 2813 1341 2846 toutes
1368 2820 1428 2845 ses
1444 2808 1555 2851 faces,
1583 2812 1688 2858 apres
1711 2808 1970 2857 Gregorovius,

185 2865 217 2902 le
237 2865 422 2914 probleme
442 2866 487 2903 de
507 2866 543 2903 la
563 2866 716 2904 filiation
736 2868 978 2917 mysterieuse
999 2869 1048 2906 du
1069 2870 1139 2906 duc
1159 2869 1204 2906 de
1224 2868 1330 2918 Nepi.
1352 2869 1445 2917 Voy.
1469 2869 1503 2905 la
1521 2871 1637 2906 Revue
1655 2869 1718 2905 des
1739 2869 1862 2913 Quest.
1885 2869 1971 2906 hist.

185 2927 323 2974 (1881),
345 2938 385 2974 p.
408 2926 480 2963 399
509 2930 546 2963 et
566 2926 663 2965 suiv.
693 2927 879 2976 Quelques
896 2929 999 2976 jours
1033 2934 1156 2971 avant,
1180 2928 1211 2966 le
1231 2940 1338 2978 pape,
1361 2929 1534 2966 desireux
1562 2929 1746 2965 d'assurer
1771 2931 1793 2964 a
1829 2940 1896 2964 son
1915 2927 1973 2964 fils

185 2984 298 3022 Cesar
317 2985 352 3022 la
379 2986 593 3035 possession
617 2987 682 3024 des
713 2987 940 3036 seigneuries
967 2988 1054 3037 qu'il
1076 2989 1195 3026 s'etait
1214 2988 1384 3038 acquises
1409 3001 1495 3026 avec
1520 2989 1675 3037 l'argent
1700 2989 1744 3025 de
1766 2984 1917 3037 l’Eglise
1937 2992 1972 3025 et
2028 2993 2032 2999 '

187 3043 324 3094 l'appui
344 3046 408 3082 des
429 3045 553 3083 lances
573 3046 790 3092 francaises,
807 3048 930 3086 faisait
950 3048 1076 3096 signer
1089 3061 1136 3085 au
1157 3052 1257 3086 sacre
1278 3048 1415 3097 college
1433 3049 1704 3097 l'engagement
1721 3049 1764 3084 de
1779 3048 1974 3084 maintenir

185 3110 224 3141 et
243 3105 287 3141 de
308 3105 478 3142 defendre
499 3105 531 3142 le
553 3106 624 3142 duc
645 3107 738 3143 dans
759 3107 793 3144 la
805 3107 1015 3156 jouissance
1037 3109 1081 3145 de
1102 3120 1169 3145 son
1190 3109 1321 3146 nouvel
1342 3112 1428 3146 etat.
1453 3124 1518 3147 «...
1540 3109 1789 3145 Nuovamente
1810 3107 1844 3144 la
1864 3119 1971 3144 sanc-

188 3164 256 3201 tita
276 3165 318 3200 ‘di
350 3165 484 3202 Nostro
505 3165 656 3214 signore
690 3166 724 3203 fa
751 3179 823 3203 una
843 3167 938 3204 bolla
965 3181 1031 3217 per
1061 3168 1169 3218 quale
1195 3169 1378 3206 conferma
1403 3169 1491 3216 ogni
1523 3173 1618 3206 stato
1639 3169 1705 3205 che
1736 3168 1784 3204 ha
1803 3167 1838 3204 al
1867 3168 1975 3203 Duea

190 3222 378 3260 Valentino
404 3228 440 3260 et
465 3225 502 3261 fa
522 3226 802 3263 sobtoserIverla
829 3227 861 3263 al
888 3227 1041 3276 collegio
1071 3228 1107 3264 di
1138 3228 1229 3265 tucti
1249 3240 1268 3265 e
1291 3228 1478 3274 cardinali,
1508 3241 1526 3265 e
1554 3232 1770 3276 promettere
1796 3227 1832 3263 in
1859 3238 1970 3263 nome

189 3281 285 3317 della
303 3283 436 3320 chiesa
453 3289 488 3321 et
503 3284 562 3321 del
581 3285 735 3333 collegio
755 3287 1028 3324 manutentione
1042 3292 1078 3324 et
1097 3288 1311 3325 defensione
1326 3289 1360 3324 di
1378 3288 1483 3325 decto
1504 3289 1606 3324 Duca
1625 3288 1661 3323 in
1679 3287 1712 3323 lo
1728 3288 1832 3323 Stato
1852 3286 1967 3321 intero
2035 3305 2037 3307 -

191 3351 257 3376 suo
278 3341 342 3377 che
364 3342 460 3380 tiene
477 3344 609 3392 hoggi.
634 3345 679 3382 Et
698 3345 847 3383 intendo
865 3347 932 3383 che
952 3347 1027 3384 sara
1047 3347 1153 3384 etiam
1175 3347 1454 3385 sobtoscriverla
1471 3352 1506 3385 et
1525 3348 1626 3384 farne
1647 3347 1722 3395 pari
1742 3344 1973 3392 obligatione

191 3398 249 3494 del
275 3400 586 3440 christianissimo
589 3430 661 3441 .....
693 3405 821 3452 Rome,
854 3407 940 3454 xvnj
967 3407 1176 3444 novembris
1210 3409 1310 3445 MDI.
1345 3407 1509 3456 Scriptor
1537 3407 1750 3442 Franciseus
1782 3405 1826 3440 de
1854 3403 1965 3451 Pepis

192 3463 330 3504 (octor,
353 3465 490 3499 orator.
516 3478 540 3495 »ν

241 3517 355 3564 (Clas.
383 3520 428 3564 X,
451 3520 542 3560 dist.
566 3523 601 3567 2,
625 3523 704 3560 filza
724 3525 783 3568 51,
805 3536 826 3561 a
845 3537 877 3562 e.
904 3527 1009 3571 174.)
