2254 3944
125 397 396 438 [Fevrivr1500]
574 393 744 430 RERUM
777 391 1082 429 URBANARUM
1114 390 1468 429 COMMENTARH.
1868 394 1911 428 13

195 499 465 557 Dominica,
494 490 521 545 2
557 496 738 544 mensis
773 493 1020 552 februarii,
1048 493 1168 541 festo
1189 494 1543 541 Purificationis
1572 495 1711 542 beate
1740 496 1908 554 Marie,

129 585 213 631 SS.
238 586 295 630 D.
324 587 490 630 noster
512 580 641 630 venit
664 579 724 626 ad
746 577 982 641 capellam
1009 577 1247 640 majorem
1272 577 1450 640 palatii,
1480 578 1559 625 ubi
1591 578 1837 627 benedixit
1866 584 1914 626 et

127 667 370 715 distribuit
393 664 636 722 candelas,
671 678 804 710 more
832 662 990 709 solito.
1020 664 1126 709 Duo
1158 665 1345 709 tantum
1372 668 1736 710 conservatores
1763 663 1910 711 inter-

130 752 343 810 fuerunt,
371 750 449 813 qui
485 751 746 797 tenuerunt
783 735 1008 794 candelas
1038 749 1181 809 Pape.
1223 746 1423 794 Carolus
1457 749 1634 805 Mutus,
1663 748 1795 811 prior
1831 765 1914 797 ca—

131 836 387 899 porionum
412 837 460 881 et
482 833 609 880 venit
633 833 693 879 ad
723 831 958 895 capellam
983 830 1044 878 ad
1075 831 1266 893 jussum
1303 831 1665 894 gubernatoris;
1706 833 1791 880 sed
1817 849 1913 881 non

132 919 329 983 permisi
358 934 466 966 eum
496 917 664 964 sedere
708 931 819 964 cum
865 915 1302 974 conservatoribus,
1342 915 1416 962 vel
1441 916 1501 962 ad
1545 916 1749 979 gradum
1787 920 1912 981 Pape

128 1005 267 1068 juxta
298 1003 461 1051 locum
487 1017 678 1055 eorum;
708 1000 832 1048 sedit
857 999 918 1047 ad
940 999 1088 1063 pedes
1111 999 1366 1046 cardinalis
1392 999 1709 1063 Neapolitani.
1734 1004 1787 1048 In
1810 1018 1918 1065 pro-

132 1087 370 1145 cessione,
394 1087 474 1134 ivit
499 1091 608 1133 ante
634 1089 814 1149 Papam
829 1101 940 1132 cum
955 1084 1376 1132 conservatoribus
1391 1088 1500 1148 post
1515 1100 1688 1132 omnes
1702 1086 1919 1134 cardina-

131 1171 218 1219 lcs.
241 1171 566 1219 Interfuerunt
583 1170 728 1218 etiam
744 1173 842 1216 tres
867 1172 1086 1217 oratores
1103 1168 1388 1216 Pisanorum
1404 1169 1576 1231 quibus
1594 1185 1703 1233 ego,
1733 1187 1791 1217 ex
1817 1187 1914 1230 me,

133 1254 239 1303 dedi
262 1256 424 1304 locum
447 1255 497 1302 in
532 1254 724 1302 bancho
761 1258 1027 1312 oratorum,
1056 1256 1165 1316 post
1200 1252 1320 1300 alios
1351 1256 1586 1301 oratores.
1615 1256 1917 1317 Conquestus

134 1341 219 1387 suit
243 1339 546 1388 Florentinus
571 1342 698 1402 Pape
724 1338 806 1401 qui
830 1336 1073 1386 mandavit
1098 1336 1215 1384 mihi
1245 1341 1293 1384 ut
1318 1337 1448 1401 ipsos
1471 1342 1691 1387 oratores
1717 1338 1917 1387 Pisanos

135 1439 366 1488 ponerem
392 1430 501 1471 ante
527 1423 732 1470 barones
757 1438 946 1470 omnes.
965 1420 1185 1469 Interfuit
1208 1421 1353 1468 etiam
1379 1426 1542 1470 orator
1567 1422 1694 1486 regis
1710 1425 1916 1471 Navarre

135 1509 211 1572 qui
242 1508 410 1556 habuit
440 1508 602 1556 locum
626 1506 902 1554 immediate
933 1510 1041 1570 post
1077 1508 1132 1553 D.
1167 1505 1486 1554 Philibertum
1519 1511 1763 1555 oratorem
1790 1507 1917 1572 regis

136 1595 482 1650 Romanorum,
511 1591 623 1655 quia
644 1606 742 1638 non
782 1590 1100 1638 interfuerunt
1126 1590 1205 1637 alii
1230 1596 1448 1638 oratores
1473 1591 1612 1654 regii.
1647 1591 1774 1639 Dixit
1797 1590 1916 1638 mihi

137 1675 391 1723 cardinalis
417 1692 453 1723 s.
485 1675 713 1722 Praxedis
737 1675 899 1722 locum
926 1673 1092 1721 deberi
1115 1674 1333 1737 predicto
1359 1674 1537 1722 oratori
1562 1675 1691 1738 regis
1708 1677 1917 1723 Navarre

140 1763 250 1807 ante
287 1763 534 1806 oratorem
561 1758 686 1821 regis
722 1756 1022 1820 Neapolitani
1058 1761 1258 1820 propter
1284 1758 1619 1821 antiquitatem
1653 1758 1789 1822 regni
1824 1761 1919 1807 Na-

139 1859 297 1891 varre.
322 1842 646 1890 Interfuerunt
684 1841 829 1889 etiam
863 1841 959 1888 duo
993 1846 1211 1889 oratores
1249 1842 1515 1889 lmolenses
1542 1846 1590 1890 et
1613 1843 1707 1890 duo
1736 1843 1920 1891 Foroli-

140 1927 345 1984 vienses,
373 1926 453 1989 qui
473 1927 610 1990 jussu
627 1929 754 1989 Pape
779 1925 1009 1973 sederunt
1028 1925 1076 1971 in
1095 1925 1251 1973 banco
1276 1941 1464 1984 eorum,
1484 1931 1593 1989 post
1619 1927 1737 1975 alios
1760 1932 1922 1975 orato-

142 2026 236 2067 res,
256 2015 303 2058 et
329 2013 455 2073 Papa
477 2009 607 2057 dedit
633 2008 812 2056 seniori
836 2007 1150 2055 Foroliviensi
1179 2008 1302 2056 ultra
1328 2025 1463 2056 suam
1487 2009 1757 2070 candelam,
1776 2027 1921 2059 uuam

141 2093 394 2142 candelam
418 2093 575 2142 albam
605 2091 953 2141 cardinalarem
988 2107 1074 2155 pro
1109 2093 1233 2140 duce
1266 2093 1542 2142 Valentino.
1581 2095 1799 2158 Optimus
1837 2094 1927 2143 fuit

138 2178 256 2227 ordo
280 2178 330 2225 in
353 2176 690 2226 distributione
719 2176 1057 2233 candelarum,
1088 2176 1221 2223 nulla
1252 2193 1508 2240 pressura:
1537 2193 1708 2226 omnes
1734 2179 1926 2227 fuerunt

138 2261 366 2325 prohibiti
403 2265 538 2309 extra
575 2256 846 2308 cancellum
879 2263 989 2308 ante
1022 2260 1282 2309 adventum
1311 2263 1437 2325 Pape
1465 2277 1474 2319 ;
1509 2266 1730 2326 tempore
1768 2262 1928 2311 distri-

140 2345 350 2393 butionis
371 2348 684 2393 accesserunt
714 2360 800 2408 pro
833 2344 1044 2392 candelis
1075 2343 1135 2391 ad
1171 2345 1380 2392 bancum
1412 2345 1678 2409 primorum
1714 2347 1925 2409 prelato—

140 2445 247 2477 rum
273 2434 322 2477 et
350 2429 598 2477 redierunt
620 2445 707 2492 per
737 2427 952 2476 medium
983 2433 1094 2475 ante
1136 2428 1346 2476 baucum
1378 2429 1711 2478 cardinalium.
1744 2431 1925 2479 Soldati

142 2513 371 2561 tenebant
393 2513 590 2560 baculos
619 2512 733 2560 hinc
778 2512 888 2559 inde
922 2510 1145 2560 manibus
1177 2512 1447 2576 colligatos.
1487 2517 1616 2578 Papa
1650 2515 1736 2563 fuit
1765 2515 1928 2579 largus

143 2595 593 2652 distribut01·;dedit
617 2595 753 2658 quasi
780 2596 1003 2643 omnibus
1029 2596 1334 2655 officialibus,
1365 2597 1512 2650 etiam
1538 2599 1676 2646 nobis
1703 2615 1926 2647 ceremo-

148 2679 353 2737 niarum,
387 2678 652 2742 duplicatas
684 2678 928 2738 candelaS,
957 2679 1196 2741 aliquibus
1222 2685 1340 2736 tres,
1366 2681 1658 2743 quibusdam
1688 2687 1924 2744 quatuor;

147 2759 306 2810 nullus
330 2762 643 2810 cardinalium
667 2762 804 2826 petiit
828 2762 1053 2810 candelas
1080 2779 1164 2826 pro
1191 2764 1416 2823 Ascanio,
1436 2780 1594 2828 neque
1618 2781 1704 2829 pro
1732 2782 1770 2813 S.
1792 2768 1932 2814 Seve-

148 2846 256 2905 rini,
282 2863 438 2909 neque
475 2862 561 2910 pro
586 2848 805 2894 Estense.
834 2848 1105 2910 Capuanus,
1143 2849 1354 2911 quinque
1384 2849 1628 2908 candelas,
1656 2850 1822 2898 nescio
1844 2865 1931 2913 pro

149 2930 338 2994 quibus,
355 2929 547 2988 habuit3
578 2930 918 2978 Ulixbonensis
943 2930 1111 2978 habuit
1134 2947 1220 2994 pro
1243 2948 1283 2979 s.
1314 2932 1440 2980 Petri
1465 2932 1526 2980 ad
1552 2933 1782 2991 Vincula3
1805 2934 1932 2983 Ursi-

150 3030 240 3061 nus
264 3029 352 3078 pro
377 3013 662 3061 camerario.
679 3014 944 3062 Cardinalis
958 3015 1134 3063 Montis
1155 3016 1344 3079 Regalis
1367 3017 1714 3077 celebraturus,
1734 3022 1934 3081 accepta

152 3096 352 3144 candela
375 3112 480 3155 sua,
501 3097 630 3144 venit
652 3096 713 3144 ad
738 3097 1056 3145 faldistorium
1083 3104 1129 3146 et
1155 3100 1342 3163 accepit
1368 3100 1584 3148 sandalia
1605 3106 1652 3148 et
1677 3101 1768 3148 alia
1789 3118 1931 3165 para—

154 3185 315 3228 menta
336 3196 423 3244 pro
439 3180 608 3239 missa3
631 3180 805 3228 deinde
823 3186 985 3229 orator
1000 3182 1126 3246 regis
1141 3185 1348 3231 Navarre
1368 3184 1499 3232 dedit
1521 3201 1696 3248 aquam
1712 3185 1933 3233 manibus

157 3265 301 3326 Pape,
331 3268 378 3312 et
401 3279 571 3311 omnes
595 3264 864 3312 cardinales
887 3269 1146 3313 tenuerunt
1172 3268 1396 3315 manibus
1422 3268 1647 3316 candelas
1668 3285 1798 3317 suas.

223 3347 559 3410 Superioribus
586 3348 770 3397 diebus,
796 3353 965 3412 captus
990 3350 1074 3397 fuit
1107 3354 1154 3397 et
1179 3350 1227 3397 in
1251 3356 1409 3400 castro
1435 3369 1472 3399 s.
1502 3352 1672 3416 Angeli
1692 3353 1862 3399 ductus
1888 3354 1936 3397 et

162 3428 210 3474 in
235 3431 506 3478 carceribus
531 3432 830 3495 mancipatus
856 3435 912 3480 R.
931 3436 981 3480 P.
1005 3437 1061 3481 D.
1083 3436 1251 3482 Petrus
1276 3435 1333 3483 de
1359 3436 1552 3484 Aranda
1574 3435 1656 3499 (1),
1677 3435 1933 3497 episcopus

215 3531 244 3564 Ι.
273 3529 364 3577 Voy.
387 3534 413 3566 t.
437 3530 483 3575 II,
504 3543 540 3578 p.
564 3533 633 3568 440
647 3532 691 3569 de
711 3538 805 3570 cette
822 3534 910 3570 edit.
