2202 3918
268 321 339 358 398
867 317 1101 355 JOHANNIS
1135 316 1432 363 BURCHARDI,
1824 321 2044 363 [Aout1505]

331 419 577 478 Mercurii,
602 421 657 467 13
684 418 897 482 augusti,
916 419 1050 467 circa
1075 419 1249 467 horam
1272 419 1553 483 vigesimam
1578 419 1803 483 primam,
1824 427 2045 485 portatus

263 506 354 559 fuit
376 506 436 553 ad
462 502 783 567 sepulturam,
812 501 873 550 ad
894 502 1151 550 ecclesiam
1178 519 1215 551 5.
1243 502 1518 567 Augustini,
1544 504 1604 551 de
1618 503 1764 552 domo
1780 504 1896 552 olim
1921 507 2047 570 epis-

264 588 374 653 copi
399 585 630 636 Nucerini
656 585 717 632 ad
741 601 780 632 s.
806 585 1015 644 Celsum,
1043 585 1154 634 inde
1175 586 1249 634 via
1270 589 1422 646 recta,
1446 574 1581 650 virgo
1606 587 1665 635 de
1683 588 1922 647 Feneriis,
1942 589 2048 637 des-

261 673 467 736 ponsata
491 672 549 717 D.
567 668 799 716 -Alidosio
824 667 964 716 fratri
991 668 1205 732 episcopi
1227 669 1494 732 Papiensis,
1526 669 1820 718 thesaurarii
1848 686 2046 733 genera-

258 755 317 803 lis
350 756 498 816 Pape,
522 750 893 815 quatuordecim
917 766 1174 810 annorum,
1226 768 1316 815 que
1340 753 1461 800 duos
1489 767 1682 800 menses
1711 755 1822 801 ante
1847 757 2047 802 venerat

260 837 322 885 ad
343 836 543 894 Urbem,
569 837 617 883 et
639 834 768 893 heri,
795 834 870 882 vel
891 839 1034 882 nocte
1056 835 1292 898 preterita
1315 840 1386 883 est
1416 836 1512 883 vita
1546 836 1727 884 functa.
1771 836 1881 884 Fuit
1916 852 2046 885 asso-

261 919 388 968 ciata
408 934 436 967 a
455 918 610 966 tribus
633 916 1133 976 confraternitatihus,
1173 917 1396 966 videlicet
1431 918 1714 978 Salvatoris,
1746 919 2040 968 Annuntiate

263 1006 311 1051 et
331 1000 536 1060 Araceli,
563 999 903 1048 confaloneriis
927 1003 974 1047 et
995 1003 1232 1048 conventu
1257 1016 1297 1048 s.
1335 1000 1575 1049 Dominici
1611 1005 1660 1050 et
1694 1018 1731 1050 S.
1766 1001 2038 1066 Augustini-

263 1087 616 1134 Precesserunt
644 1082 968 1147 quadraginta
1004 1082 1276 1143 intorticia;
1315 1084 1511 1132 fuerunt
1546 1084 1806 1132 duodecim
1840 1084 2040 1144 funesti;

265 1168 417 1217 secuti
442 1169 552 1215 sunt
577 1166 752 1214 deinde
782 1180 955 1214 novem
988 1165 1067 1213 alii
1098 1165 1268 1213 affines
1297 1166 1371 1214 vel
1407 1167 1757 1231 consanguinei
1797 1167 2039 1226 defuncte,

263 1252 344 1316 qui
371 1250 546 1315 singuli
571 1250 769 1298 fuerunt
792 1248 1016 1297 associati
1041 1249 1102 1296 ab
1123 1264 1218 1297 uno
1242 1249 1450 1312 prelato,
1471 1265 1500 1297 a
1527 1250 1731 1298 sinistris
1767 1249 2039 1299 incedente.

263 1334 463 1399 Sequuti
487 1336 597 1381 sunt
612 1333 720 1381 illos
736 1332 814 1380 alii
837 1336 1043 1395 quatuor
1059 1331 1249 1395 prelati,
1271 1331 1368 1379 bini
1387 1336 1434 1381 et
1449 1332 1569 1392 bini,
1588 1349 1756 1382 omnes
1773 1334 2038 1397 pedestres,

264 1417 378 1481 quia
413 1416 668 1480 episcopus
712 1415 862 1463 frater
896 1415 963 1462 ita
1004 1414 1191 1478 rogavit
1226 1415 1276 1462 in
1309 1415 1532 1463 ecclesia.
1582 1418 1746 1475 Retro,
1786 1416 1847 1464 ad
1887 1416 2041 1464 altare

265 1499 439 1564 majus,
466 1498 662 1562 quidam
684 1497 920 1545 scholaris
946 1500 1190 1544 Romanus
1221 1497 1335 1544 fecit
1373 1498 1645 1546 orationem
1677 1499 1871 1547 brevem
1908 1498 2043 1547 fune-

263 1583 432 1641 brem3
464 1584 512 1629 et
557 1580 635 1628 alii
676 1595 850 1628 novem
883 1579 1086 1642 predicti
1129 1595 1227 1626 non
1271 1578 1467 1627 fuerunt
1507 1580 1733 1628 associati
1757 1596 1786 1628 a
1816 1580 2041 1644 predictis

266 1665 464 1731 prelatis
498 1664 584 1712 sed
619 1680 647 1712 a
678 1662 1026 1711 fraternatibus
1070 1662 1331 1710 Salvatoris
1371 1666 1418 1711 et
1452 1662 1573 1723 aliis,
1621 1678 1757 1712 more
1802 1665 2036 1711 Romano.

266 1748 545 1813 Eugubinus
570 1747 844 1811 episcopus,
872 1746 1027 1795 frater
1050 1745 1279 1806 defuncti,
1314 1745 1462 1794 voluit
1495 1746 1642 1794 etiam
1671 1746 1962 1794 intervenire
1993 1748 2041 1794 et

265 1831 506 1880 associare
531 1830 686 1889 funus,
717 1830 802 1877 sed
817 1845 907 1894 ego
936 1829 1035 1876 dixi
1066 1828 1288 1892 dignitati
1326 1844 1412 1877 sue
1440 1829 1719 1877 nullatenus
1758 1829 2031 1888 convenire,

263 1918 312 1965 et
346 1914 484 1962 multi
520 1930 578 1962 ex
612 1912 814 1976 prelatis
854 1912 1168 1960 laudaverunt
1200 1912 1492 1960 sententiam
1539 1928 1717 1972 meam,
1755 1915 1804 1961 et
1842 1912 1910 1960 sic
1942 1927 2040 1960 non

260 1998 409 2047 venit.
445 1996 551 2045 Fuit
584 1999 749 2043 tamen
788 1995 837 2042 in
884 1995 1028 2042 domo
1063 1996 1201 2058 juxta
1239 1995 1438 2042 domum
1478 1995 1708 2044 defuncte
1742 1995 1824 2043 ubi
1861 1995 2039 2044 mansit

260 2084 307 2129 et
330 2079 457 2128 venit
482 2078 543 2126 ad
564 2077 696 2125 illam
724 2076 1001 2125 travestitus
1027 2079 1072 2124 et
1110 2076 1176 2124 ita
1203 2078 1314 2140 post
1339 2076 1611 2140 predictam
1635 2093 1646 2125 :
1675 2077 1822 2125 etiam
1854 2079 2037 2125 traves-

258 2163 390 2222 titus,
416 2165 467 2210 ut
492 2159 656 2219 credo,
680 2159 826 2207 rediit
848 2159 909 2206 ad
933 2159 1178 2223 palatium.

322 2245 467 2304 Jovis,
509 2247 565 2291 14
613 2242 821 2306 augusti,
864 2245 975 2305 post
1023 2243 1199 2290 horam
1226 2242 1583 2304 duodecimam,
1619 2242 1667 2290 in
1699 2258 1860 2303 mane,
1903 2243 2034 2305 Papa

259 2327 504 2394 equitavit,
533 2341 668 2374 more
691 2325 851 2384 solito,
881 2324 932 2372 in
956 2325 1078 2373 stola
1109 2340 1256 2389 super
1289 2326 1448 2374 albam
1487 2329 1535 2374 et
1566 2325 1827 2389 cappuccio
1865 2324 2031 2384 rubro,

260 2415 318 2463 de
343 2429 382 2460 5.
409 2414 552 2460 Petro
579 2426 666 2474 per
690 2409 965 2468 Parionem,
988 2409 1329 2470 Pelliciariam,
1349 2426 1388 2457 s.
1404 2412 1642 2470 Marcum,
1658 2409 1736 2458 via
1756 2413 1889 2457 recta
1907 2409 1969 2456 ad
1990 2424 2030 2456 5.

261 2497 465 2546 Mariam
488 2494 741 2557 Majorem,
771 2491 871 2551 uhi,
896 2492 1023 2540 facta
1054 2493 1278 2541 oratione
1313 2496 1425 2541 ante
1459 2493 1615 2541 altare
1647 2492 1820 2556 majus,
1862 2491 2036 2540 obtulit

258 2579 519 2644 imaginem
541 2578 587 2625 b.
609 2576 762 2624 Marie
784 2579 1068 2640 argenteam
1090 2576 1365 2624 inauratam
1384 2575 1615 2640 ponderis
1634 2575 1883 2624 librarum.
1915 2612 1926 2622 .
1955 2611 1964 2622 .
1996 2589 2033 2633 .;

260 2663 434 2712 deinde
458 2658 752 2719 retrocessit,
766 2659 1050 2722 genuflexus
1075 2662 1148 2707 est
1169 2659 1217 2706 in
1242 2659 1525 2718 faldistorio,
1546 2658 1594 2705 in
1606 2658 1750 2722 plano
1763 2673 1907 2721 super
1929 2672 2038 2720 gra-

259 2747 322 2794 du
346 2743 593 2794 inferioris
620 2742 914 2806 presbyterii
954 2743 1043 2790 sibi
1061 2745 1248 2807 parato,
1278 2747 1325 2790 et
1346 2744 1404 2790 D.
1430 2740 1730 2799 Dominicus‚
1755 2740 2034 2804 capellanus

260 2846 390 2889 5υυ5,
419 2826 680 2877 celebravit
700 2825 895 2873 missam
913 2826 1051 2889 juxta
1088 2826 1238 2874 altare
1268 2826 1423 2890 majus
1450 2830 1675 2889 paratum
1703 2839 1840 2872 more
1871 2822 2030 2881 solito,

259 2919 306 2962 et
331 2914 380 2961 in
405 2911 499 2959 fine
520 2908 786 2967 benedixit,
813 2909 942 2971 quod
965 2924 1063 2956 non
1085 2909 1292 2957 debebat
1309 2908 1498 2968 fecisse,
1526 2908 1610 2955 sed
1633 2910 1779 2970 Papa.
1808 2904 2034 2955 Cardina-

257 2997 317 3046 lis
339 3013 378 3045 5.
403 2992 596 3058 Georgii
619 2991 751 3039 dedit
773 2990 952 3039 librum
976 2996 1086 3055 post
1107 2992 1407 3056 evangelium
1440 2994 1488 3039 et
1511 3005 1683 3054 pacem
1721 2987 2033 3036 osculandam

259 3083 412 3144 Pape;
431 3076 604 3126 deinde
631 3077 688 3122 D.
718 3073 1112 3137 Christophorus‚
1138 3075 1414 3138 capellanus
1442 3072 1652 3137 Pape,in
1667 3071 2027 3136 superpellicio,

259 3163 391 3210 dcdit
414 3164 472 3210 D.
500 3157 729 3208 cardinali
752 3156 808 3221 [5.
838 3157 1049 3221 Georgii]
1075 3161 1122 3205 et
1146 3157 1377 3205 cardinali
1412 3172 1449 3204 5.
1486 3155 1652 3203 Crucis
1695 3158 1743 3204 et
1779 3155 2026 3214 Columne,

259 3250 306 3294 et
331 3245 398 3294 illi
423 3240 663 3308 genuflexi
685 3239 808 3299 aliis,
833 3239 963 3302 quod
986 3239 1073 3286 suit
1093 3239 1242 3298 male;
1273 3238 1514 3287 debebant
1534 3238 1662 3287 enim
1681 3238 1952 3288 surrexisse
1971 3237 2032 3286 ad

258 3327 592 3392 recipiendam
637 3328 686 3374 et
728 3322 939 3371 dandam
974 3322 1254 3386 hujusmodi
1291 3338 1494 3386 pacem:
1522 3322 1672 3371 missa
1709 3323 1864 3381 finita,
1900 3324 2032 3384 Papa

259 3411 507 3460 descendit
528 3410 587 3458 ad
612 3406 858 3472 palatium,
888 3405 967 3453 ubi
1001 3406 1177 3454 mansit
1210 3421 1362 3469 usque
1398 3405 1459 3453 ad
1488 3406 1770 3454 crastinum.
1794 3404 2029 3454 Interfue-
