<?xml version="1.0" encoding="UTF-8"?>
<!DOCTYPE html PUBLIC "-//W3C//DTD XHTML 1.0 Transitional//EN"
    "http://www.w3.org/TR/xhtml1/DTD/xhtml1-transitional.dtd">
<html xmlns="http://www.w3.org/1999/xhtml" xml:lang="en" lang="en">
 <head>
  <title>
</title>
<meta http-equiv="Content-Type" content="text/html;charset=utf-8" />
  <meta name='ocr-system' content='tesseract 3.04.00' />
  <meta name='ocr-capabilities' content='ocr_page ocr_carea ocr_par ocr_line ocrx_word'/>
</head>
<body>
  <div class='ocr_page' id='page_1' title='image "./diariumsivererum03burcuoft_0179.png"; bbox 0 0 2228 3938; ppageno 0'>
   <div class='ocr_carea' id='block_1_1' title="bbox 179 347 1942 399">
    <p class='ocr_par' dir='ltr' id='par_1_1' title="bbox 179 347 1942 399">
     <span class='ocr_line' id='line_1_1' title="bbox 179 347 1942 399; baseline -0.005 -10"><span class='ocrx_word' id='word_1_1' title='bbox 179 357 333 399; x_wconf 62' lang='lat' dir='ltr'>{lanvisr</span> <span class='ocrx_word' id='word_1_2' title='bbox 354 358 447 396; x_wconf 82' lang='lat'><strong>1501]</strong></span> <span class='ocrx_word' id='word_1_3' title='bbox 616 351 785 389; x_wconf 82' lang='lat' dir='ltr'>RERUM</span> <span class='ocrx_word' id='word_1_4' title='bbox 818 348 1121 387; x_wconf 84' lang='lat' dir='ltr'>URBANARUM</span> <span class='ocrx_word' id='word_1_5' title='bbox 1154 347 1504 385; x_wconf 87' lang='lat' dir='ltr'><strong>COMMENTARII.</strong></span> <span class='ocrx_word' id='word_1_6' title='bbox 1898 348 1942 381; x_wconf 79' lang='lat'>97</span> 
     </span>
    </p>
   </div>
   <div class='ocr_carea' id='block_1_2' title="bbox 167 447 1972 3521">
    <p class='ocr_par' dir='ltr' id='par_1_2' title="bbox 167 447 1972 3521">
     <span class='ocr_line' id='line_1_2' title="bbox 170 447 1946 520; baseline -0.007 -13"><span class='ocrx_word' id='word_1_7' title='bbox 170 457 333 506; x_wconf 89' lang='lat' dir='ltr'>tandis</span> <span class='ocrx_word' id='word_1_8' title='bbox 354 459 574 520; x_wconf 78' lang='lat' dir='ltr'><strong>quartam</strong></span> <span class='ocrx_word' id='word_1_9' title='bbox 595 458 781 519; x_wconf 89' lang='lat' dir='ltr'>partem</span> <span class='ocrx_word' id='word_1_10' title='bbox 801 451 927 499; x_wconf 92' lang='lat' dir='ltr'>illius</span> <span class='ocrx_word' id='word_1_11' title='bbox 948 451 1088 514; x_wconf 89' lang='lat' dir='ltr'>pretii</span> <span class='ocrx_word' id='word_1_12' title='bbox 1109 450 1240 514; x_wconf 91' lang='lat' dir='ltr'>quod</span> <span class='ocrx_word' id='word_1_13' title='bbox 1261 449 1498 497; x_wconf 86' lang='lat' dir='ltr'>visitando</span> <span class='ocrx_word' id='word_1_14' title='bbox 1515 448 1684 496; x_wconf 89' lang='lat' dir='ltr'>limina</span> <span class='ocrx_word' id='word_1_15' title='bbox 1705 447 1946 511; x_wconf 89' lang='lat' dir='ltr'>apostolo-</span> 
     </span>
     <span class='ocr_line' id='line_1_3' title="bbox 170 530 1948 596; baseline -0.007 -7"><span class='ocrx_word' id='word_1_16' title='bbox 170 557 277 589; x_wconf 93' lang='lat' dir='ltr'>rum</span> <span class='ocrx_word' id='word_1_17' title='bbox 304 540 432 589; x_wconf 91' lang='lat' dir='ltr'>Petri</span> <span class='ocrx_word' id='word_1_18' title='bbox 459 543 508 587; x_wconf 96' lang='lat' dir='ltr'>et</span> <span class='ocrx_word' id='word_1_19' title='bbox 539 537 691 596; x_wconf 89' lang='lat' dir='ltr'>Pauli,</span> <span class='ocrx_word' id='word_1_20' title='bbox 715 538 761 584; x_wconf 89' lang='lat' dir='ltr'>et</span> <span class='ocrx_word' id='word_1_21' title='bbox 787 533 905 582; x_wconf 90' lang='lat' dir='ltr'>alias</span> <span class='ocrx_word' id='word_1_22' title='bbox 934 533 1158 582; x_wconf 90' lang='lat' dir='ltr'>basilicas</span> <span class='ocrx_word' id='word_1_23' title='bbox 1187 533 1313 581; x_wconf 87' lang='lat' dir='ltr'>dicte</span> <span class='ocrx_word' id='word_1_24' title='bbox 1344 532 1502 590; x_wconf 85' lang='lat' dir='ltr'>Urbis,</span> <span class='ocrx_word' id='word_1_25' title='bbox 1531 535 1578 581; x_wconf 89' lang='lat' dir='ltr'>et</span> <span class='ocrx_word' id='word_1_26' title='bbox 1599 535 1733 580; x_wconf 87' lang='lat' dir='ltr'>extra</span> <span class='ocrx_word' id='word_1_27' title='bbox 1753 545 1861 579; x_wconf 90' lang='lat' dir='ltr'>eam</span> <span class='ocrx_word' id='word_1_28' title='bbox 1887 530 1948 578; x_wconf 84' lang='lat' dir='ltr'>ad</span> 
     </span>
     <span class='ocr_line' id='line_1_4' title="bbox 167 615 1948 688; baseline -0.006 -15"><span class='ocrx_word' id='word_1_29' title='bbox 167 624 213 672; x_wconf 92' lang='lat' dir='ltr'>id</span> <span class='ocrx_word' id='word_1_30' title='bbox 236 624 508 688; x_wconf 86' lang='lat' dir='ltr'>deputatas,</span> <span class='ocrx_word' id='word_1_31' title='bbox 534 620 695 669; x_wconf 87' lang='lat' dir='ltr'>tamin</span> <span class='ocrx_word' id='word_1_32' title='bbox 716 617 886 681; x_wconf 33' lang='lat' dir='ltr'>eundo,</span> <span class='ocrx_word' id='word_1_33' title='bbox 896 617 956 666; x_wconf 90' lang='lat' dir='ltr'>de</span> <span class='ocrx_word' id='word_1_34' title='bbox 975 617 1098 666; x_wconf 92' lang='lat' dir='ltr'>locis</span> <span class='ocrx_word' id='word_1_35' title='bbox 1115 617 1212 666; x_wconf 90' lang='lat' dir='ltr'>suis</span> <span class='ocrx_word' id='word_1_36' title='bbox 1228 616 1290 665; x_wconf 92' lang='lat' dir='ltr'>ad</span> <span class='ocrx_word' id='word_1_37' title='bbox 1311 617 1490 665; x_wconf 84' lang='lat' dir='ltr'>Urbem</span> <span class='ocrx_word' id='word_1_38' title='bbox 1513 615 1781 680; x_wconf 80' lang='lat' dir='ltr'>predictam</span> <span class='ocrx_word' id='word_1_39' title='bbox 1803 630 1948 678; x_wconf 91' lang='lat' dir='ltr'>quam</span> 
     </span>
     <span class='ocr_line' id='line_1_5' title="bbox 170 700 1949 764; baseline -0.003 -10"><span class='ocrx_word' id='word_1_40' title='bbox 170 706 417 756; x_wconf 88' lang='lat' dir='ltr'>redeundo</span> <span class='ocrx_word' id='word_1_41' title='bbox 439 705 499 753; x_wconf 92' lang='lat' dir='ltr'>de</span> <span class='ocrx_word' id='word_1_42' title='bbox 520 702 691 752; x_wconf 84' lang='lat' dir='ltr'>eadem</span> <span class='ocrx_word' id='word_1_43' title='bbox 711 701 770 750; x_wconf 90' lang='lat' dir='ltr'>ad</span> <span class='ocrx_word' id='word_1_44' title='bbox 801 715 970 749; x_wconf 88' lang='lat' dir='ltr'>eorum</span> <span class='ocrx_word' id='word_1_45' title='bbox 999 700 1107 748; x_wconf 88' lang='lat' dir='ltr'>loca</span> <span class='ocrx_word' id='word_1_46' title='bbox 1126 700 1360 764; x_wconf 84' lang='lat' dir='ltr'>predicta,</span> <span class='ocrx_word' id='word_1_47' title='bbox 1392 700 1713 748; x_wconf 86' lang='lat' dir='ltr'>verisimiliter</span> <span class='ocrx_word' id='word_1_48' title='bbox 1734 715 1949 763; x_wconf 88' lang='lat' dir='ltr'>expone-</span> 
     </span>
     <span class='ocr_line' id='line_1_6' title="bbox 171 783 1951 851; baseline -0.004 -13"><span class='ocrx_word' id='word_1_49' title='bbox 171 794 295 849; x_wconf 89' lang='lat' dir='ltr'>rent,</span> <span class='ocrx_word' id='word_1_50' title='bbox 333 788 407 838; x_wconf 88' lang='lat' dir='ltr'>vel</span> <span class='ocrx_word' id='word_1_51' title='bbox 440 788 558 836; x_wconf 88' lang='lat' dir='ltr'>alias</span> <span class='ocrx_word' id='word_1_52' title='bbox 588 787 725 851; x_wconf 85' lang='lat' dir='ltr'>juxta</span> <span class='ocrx_word' id='word_1_53' title='bbox 760 783 915 831; x_wconf 89' lang='lat' dir='ltr'>nuntii</span> <span class='ocrx_word' id='word_1_54' title='bbox 949 787 997 831; x_wconf 87' lang='lat' dir='ltr'>et</span> <span class='ocrx_word' id='word_1_55' title='bbox 1024 783 1346 831; x_wconf 89' lang='lat' dir='ltr'>commissarii</span> <span class='ocrx_word' id='word_1_56' title='bbox 1381 799 1438 831; x_wconf 90' lang='lat' dir='ltr'>ac</span> <span class='ocrx_word' id='word_1_57' title='bbox 1478 783 1866 847; x_wconf 85' lang='lat' dir='ltr'>deputandorum</span> <span class='ocrx_word' id='word_1_58' title='bbox 1903 787 1951 831; x_wconf 88' lang='lat' dir='ltr'>et</span> 
     </span>
     <span class='ocr_line' id='line_1_7' title="bbox 173 865 1953 937; baseline -0.004 -15"><span class='ocrx_word' id='word_1_59' title='bbox 173 871 646 937; x_wconf 87' lang='lat' dir='ltr'>subdelegandorum</span> <span class='ocrx_word' id='word_1_60' title='bbox 669 865 1011 933; x_wconf 77' lang='lat' dir='ltr'>predictorum]</span> <span class='ocrx_word' id='word_1_61' title='bbox 1023 866 1379 917; x_wconf 90' lang='lat' dir='ltr'>ordinationem</span> <span class='ocrx_word' id='word_1_62' title='bbox 1406 882 1491 915; x_wconf 89' lang='lat' dir='ltr'>seu</span> <span class='ocrx_word' id='word_1_63' title='bbox 1521 866 1773 914; x_wconf 81' lang='lat' dir='ltr'>arbitrium</span> <span class='ocrx_word' id='word_1_64' title='bbox 1804 867 1953 916; x_wconf 83' lang='lat' dir='ltr'>effec-</span> 
     </span>
     <span class='ocr_line' id='line_1_8' title="bbox 174 948 1954 1020; baseline -0.006 -14"><span class='ocrx_word' id='word_1_65' title='bbox 174 957 365 1006; x_wconf 87' lang='lat' dir='ltr'>tualiter</span> <span class='ocrx_word' id='word_1_66' title='bbox 399 953 666 1020; x_wconf 83' lang='lat' dir='ltr'>posuerint,</span> <span class='ocrx_word' id='word_1_67' title='bbox 711 951 902 1001; x_wconf 87' lang='lat' dir='ltr'>etiamsi</span> <span class='ocrx_word' id='word_1_68' title='bbox 940 950 1125 999; x_wconf 86' lang='lat' dir='ltr'>dictum</span> <span class='ocrx_word' id='word_1_69' title='bbox 1161 950 1402 1014; x_wconf 87' lang='lat' dir='ltr'>jubileum</span> <span class='ocrx_word' id='word_1_70' title='bbox 1441 950 1536 999; x_wconf 93' lang='lat' dir='ltr'>hoc</span> <span class='ocrx_word' id='word_1_71' title='bbox 1571 966 1696 998; x_wconf 91' lang='lat' dir='ltr'>anno</span> <span class='ocrx_word' id='word_1_72' title='bbox 1738 948 1784 996; x_wconf 92' lang='lat' dir='ltr'>in</span> <span class='ocrx_word' id='word_1_73' title='bbox 1825 949 1954 997; x_wconf 91' lang='lat' dir='ltr'>dicta</span> 
     </span>
     <span class='ocr_line' id='line_1_9' title="bbox 176 1033 1952 1099; baseline -0.005 -10"><span class='ocrx_word' id='word_1_74' title='bbox 176 1042 303 1089; x_wconf 86' lang='lat' dir='ltr'>Urbe</span> <span class='ocrx_word' id='word_1_75' title='bbox 326 1039 401 1087; x_wconf 85' lang='lat' dir='ltr'>vel</span> <span class='ocrx_word' id='word_1_76' title='bbox 427 1038 538 1087; x_wconf 86' lang='lat' dir='ltr'>alibi</span> <span class='ocrx_word' id='word_1_77' title='bbox 562 1034 845 1099; x_wconf 81' lang='lat' dir='ltr'>consequuti</span> <span class='ocrx_word' id='word_1_78' title='bbox 874 1034 1093 1093; x_wconf 87' lang='lat' dir='ltr'>fuissent,</span> <span class='ocrx_word' id='word_1_79' title='bbox 1121 1034 1345 1082; x_wconf 89' lang='lat' dir='ltr'>eamdem</span> <span class='ocrx_word' id='word_1_80' title='bbox 1378 1050 1576 1098; x_wconf 91' lang='lat' dir='ltr'>prorsus</span> <span class='ocrx_word' id='word_1_81' title='bbox 1602 1033 1952 1097; x_wconf 82' lang='lat' dir='ltr'>indulgentiam</span> 
     </span>
     <span class='ocr_line' id='line_1_10' title="bbox 175 1117 1953 1186; baseline -0.003 -16"><span class='ocrx_word' id='word_1_82' title='bbox 175 1122 287 1170; x_wconf 91' lang='lat' dir='ltr'>anni</span> <span class='ocrx_word' id='word_1_83' title='bbox 308 1120 479 1186; x_wconf 88' lang='lat' dir='ltr'>jubilei</span> <span class='ocrx_word' id='word_1_84' title='bbox 505 1124 554 1168; x_wconf 93' lang='lat' dir='ltr'>et</span> <span class='ocrx_word' id='word_1_85' title='bbox 577 1118 912 1184; x_wconf 84' lang='lat' dir='ltr'>plenissimam</span> <span class='ocrx_word' id='word_1_86' title='bbox 938 1122 1254 1182; x_wconf 90' lang='lat' dir='ltr'>peccatorum</span> <span class='ocrx_word' id='word_1_87' title='bbox 1280 1134 1479 1166; x_wconf 89' lang='lat' dir='ltr'>suorum</span> <span class='ocrx_word' id='word_1_88' title='bbox 1509 1117 1867 1176; x_wconf 86' lang='lat' dir='ltr'>remissionem,</span> <span class='ocrx_word' id='word_1_89' title='bbox 1898 1132 1953 1164; x_wconf 90' lang='lat' dir='ltr'>ac</span> 
     </span>
     <span class='ocr_line' id='line_1_11' title="bbox 176 1201 1955 1265; baseline -0.003 -11"><span class='ocrx_word' id='word_1_90' title='bbox 176 1221 287 1254; x_wconf 89' lang='lat' dir='ltr'>cum</span> <span class='ocrx_word' id='word_1_91' title='bbox 303 1203 547 1254; x_wconf 90' lang='lat' dir='ltr'>Altissimo</span> <span class='ocrx_word' id='word_1_92' title='bbox 567 1202 1013 1252; x_wconf 83' lang='lat' dir='ltr'>reconciliationem</span> <span class='ocrx_word' id='word_1_93' title='bbox 1035 1202 1179 1250; x_wconf 90' lang='lat' dir='ltr'>etiam</span> <span class='ocrx_word' id='word_1_94' title='bbox 1201 1219 1229 1250; x_wconf 89' lang='lat' dir='ltr'>a</span> <span class='ocrx_word' id='word_1_95' title='bbox 1248 1206 1413 1251; x_wconf 88' lang='lat' dir='ltr'>sancte</span> <span class='ocrx_word' id='word_1_96' title='bbox 1436 1202 1672 1251; x_wconf 89' lang='lat' dir='ltr'>memorie</span> <span class='ocrx_word' id='word_1_97' title='bbox 1694 1201 1955 1265; x_wconf 87' lang='lat' dir='ltr'>predeces-</span> 
     </span>
     <span class='ocr_line' id='line_1_12' title="bbox 177 1285 1955 1350; baseline -0.003 -13"><span class='ocrx_word' id='word_1_98' title='bbox 177 1289 364 1337; x_wconf 90' lang='lat' dir='ltr'>soribus</span> <span class='ocrx_word' id='word_1_99' title='bbox 409 1287 586 1336; x_wconf 90' lang='lat' dir='ltr'>nostris</span> <span class='ocrx_word' id='word_1_100' title='bbox 624 1287 686 1335; x_wconf 89' lang='lat' dir='ltr'>ad</span> <span class='ocrx_word' id='word_1_101' title='bbox 730 1285 1152 1350; x_wconf 80' lang='lat' dir='ltr'>recuperationem</span> <span class='ocrx_word' id='word_1_102' title='bbox 1191 1288 1336 1334; x_wconf 91' lang='lat' dir='ltr'>Terre</span> <span class='ocrx_word' id='word_1_103' title='bbox 1379 1289 1564 1345; x_wconf 87' lang='lat' dir='ltr'>sancte,</span> <span class='ocrx_word' id='word_1_104' title='bbox 1604 1290 1652 1334; x_wconf 89' lang='lat' dir='ltr'>et</span> <span class='ocrx_word' id='word_1_105' title='bbox 1687 1288 1955 1333; x_wconf 89' lang='lat' dir='ltr'>Turcarum</span> 
     </span>
     <span class='ocr_line' id='line_1_13' title="bbox 177 1369 1956 1435; baseline -0.002 -15"><span class='ocrx_word' id='word_1_106' title='bbox 177 1371 461 1421; x_wconf 88' lang='lat' dir='ltr'>eorumdem</span> <span class='ocrx_word' id='word_1_107' title='bbox 489 1370 896 1435; x_wconf 87' lang='lat' dir='ltr'>expugnationem</span> <span class='ocrx_word' id='word_1_108' title='bbox 924 1370 1128 1417; x_wconf 91' lang='lat' dir='ltr'>concedi</span> <span class='ocrx_word' id='word_1_109' title='bbox 1158 1369 1369 1424; x_wconf 87' lang='lat' dir='ltr'>solitam,</span> <span class='ocrx_word' id='word_1_110' title='bbox 1400 1373 1779 1433; x_wconf 86' lang='lat' dir='ltr'>consequantur,</span> <span class='ocrx_word' id='word_1_111' title='bbox 1811 1385 1956 1432; x_wconf 86' lang='lat' dir='ltr'>quam</span> 
     </span>
     <span class='ocr_line' id='line_1_14' title="bbox 178 1453 1959 1519; baseline -0.002 -15"><span class='ocrx_word' id='word_1_112' title='bbox 178 1459 608 1519; x_wconf 86' lang='lat' dir='ltr'>consequerentur,</span> <span class='ocrx_word' id='word_1_113' title='bbox 633 1454 671 1502; x_wconf 92' lang='lat' dir='ltr'>si</span> <span class='ocrx_word' id='word_1_114' title='bbox 693 1453 906 1518; x_wconf 86' lang='lat' dir='ltr'>presenti</span> <span class='ocrx_word' id='word_1_115' title='bbox 936 1469 1063 1501; x_wconf 88' lang='lat' dir='ltr'>anno</span> <span class='ocrx_word' id='word_1_116' title='bbox 1087 1453 1260 1518; x_wconf 89' lang='lat' dir='ltr'>jubilei</span> <span class='ocrx_word' id='word_1_117' title='bbox 1286 1453 1569 1518; x_wconf 90' lang='lat' dir='ltr'>hujusmodi</span> <span class='ocrx_word' id='word_1_118' title='bbox 1597 1456 1800 1501; x_wconf 90' lang='lat' dir='ltr'>Romam</span> <span class='ocrx_word' id='word_1_119' title='bbox 1825 1457 1871 1501; x_wconf 93' lang='lat' dir='ltr'>et</span> <span class='ocrx_word' id='word_1_120' title='bbox 1899 1453 1959 1500; x_wconf 89' lang='lat' dir='ltr'>ad</span> 
     </span>
     <span class='ocr_line' id='line_1_15' title="bbox 179 1535 1953 1603; baseline -0.002 -17"><span class='ocrx_word' id='word_1_121' title='bbox 179 1538 601 1603; x_wconf 86' lang='lat' dir='ltr'>recuperationem</span> <span class='ocrx_word' id='word_1_122' title='bbox 639 1536 919 1601; x_wconf 87' lang='lat' dir='ltr'>hujusmodi</span> <span class='ocrx_word' id='word_1_123' title='bbox 954 1540 1002 1584; x_wconf 84' lang='lat' dir='ltr'>et</span> <span class='ocrx_word' id='word_1_124' title='bbox 1040 1537 1449 1601; x_wconf 84' lang='lat' dir='ltr'>expugnationem</span> <span class='ocrx_word' id='word_1_125' title='bbox 1486 1535 1691 1600; x_wconf 90' lang='lat' dir='ltr'>profecti</span> <span class='ocrx_word' id='word_1_126' title='bbox 1731 1535 1953 1594; x_wconf 86' lang='lat' dir='ltr'>fuissent,</span> 
     </span>
     <span class='ocr_line' id='line_1_16' title="bbox 180 1621 1958 1684; baseline -0.002 -14"><span class='ocrx_word' id='word_1_127' title='bbox 180 1638 269 1672; x_wconf 91' lang='lat' dir='ltr'>nec</span> <span class='ocrx_word' id='word_1_128' title='bbox 295 1638 393 1684; x_wconf 90' lang='lat' dir='ltr'>non</span> <span class='ocrx_word' id='word_1_129' title='bbox 423 1621 648 1670; x_wconf 88' lang='lat' dir='ltr'>basilicas</span> <span class='ocrx_word' id='word_1_130' title='bbox 676 1626 722 1670; x_wconf 92' lang='lat' dir='ltr'>et</span> <span class='ocrx_word' id='word_1_131' title='bbox 753 1624 984 1672; x_wconf 88' lang='lat' dir='ltr'>ecclesias</span> <span class='ocrx_word' id='word_1_132' title='bbox 1015 1623 1076 1670; x_wconf 89' lang='lat' dir='ltr'>ad</span> <span class='ocrx_word' id='word_1_133' title='bbox 1104 1623 1151 1670; x_wconf 92' lang='lat' dir='ltr'>id</span> <span class='ocrx_word' id='word_1_134' title='bbox 1173 1622 1222 1669; x_wconf 91' lang='lat' dir='ltr'>in</span> <span class='ocrx_word' id='word_1_135' title='bbox 1246 1621 1418 1670; x_wconf 87' lang='lat' dir='ltr'>eadem</span> <span class='ocrx_word' id='word_1_136' title='bbox 1453 1622 1577 1670; x_wconf 91' lang='lat' dir='ltr'>Urbe</span> <span class='ocrx_word' id='word_1_137' title='bbox 1604 1626 1652 1670; x_wconf 87' lang='lat' dir='ltr'>et</span> <span class='ocrx_word' id='word_1_138' title='bbox 1683 1625 1822 1670; x_wconf 83' lang='lat' dir='ltr'>extra</span> <span class='ocrx_word' id='word_1_139' title='bbox 1849 1637 1958 1669; x_wconf 87' lang='lat' dir='ltr'>eam</span> 
     </span>
     <span class='ocr_line' id='line_1_17' title="bbox 186 1705 1960 1771; baseline 0 -18"><span class='ocrx_word' id='word_1_140' title='bbox 186 1705 458 1769; x_wconf 80' lang='lat' dir='ltr'>deputataS‚</span> <span class='ocrx_word' id='word_1_141' title='bbox 481 1705 618 1768; x_wconf 87' lang='lat' dir='ltr'>juxta</span> <span class='ocrx_word' id='word_1_142' title='bbox 639 1710 856 1754; x_wconf 90' lang='lat' dir='ltr'>nostram</span> <span class='ocrx_word' id='word_1_143' title='bbox 885 1711 932 1755; x_wconf 90' lang='lat' dir='ltr'>et</span> <span class='ocrx_word' id='word_1_144' title='bbox 958 1706 1360 1771; x_wconf 89' lang='lat' dir='ltr'>predecessorum</span> <span class='ocrx_word' id='word_1_145' title='bbox 1387 1709 1666 1754; x_wconf 88' lang='lat' dir='ltr'>nostrorum</span> <span class='ocrx_word' id='word_1_146' title='bbox 1700 1705 1960 1753; x_wconf 90' lang='lat' dir='ltr'>ordinatio-</span> 
     </span>
     <span class='ocr_line' id='line_1_18' title="bbox 189 1788 1960 1853; baseline 0 -17"><span class='ocrx_word' id='word_1_147' title='bbox 189 1804 301 1837; x_wconf 89' lang='lat' dir='ltr'>nem</span> <span class='ocrx_word' id='word_1_148' title='bbox 350 1788 616 1853; x_wconf 88' lang='lat' dir='ltr'>predictam</span> <span class='ocrx_word' id='word_1_149' title='bbox 670 1789 992 1852; x_wconf 86' lang='lat' dir='ltr'>personaliter</span> <span class='ocrx_word' id='word_1_150' title='bbox 1034 1790 1285 1837; x_wconf 84' lang='lat' dir='ltr'>visitarent</span> <span class='ocrx_word' id='word_1_151' title='bbox 1331 1793 1378 1837; x_wconf 91' lang='lat' dir='ltr'>et</span> <span class='ocrx_word' id='word_1_152' title='bbox 1420 1789 1753 1838; x_wconf 87' lang='lat' dir='ltr'>visitavisseut.</span> <span class='ocrx_word' id='word_1_153' title='bbox 1801 1791 1859 1836; x_wconf 90' lang='lat' dir='ltr'>Et.</span> <span class='ocrx_word' id='word_1_154' title='bbox 1907 1794 1960 1836; x_wconf 91' lang='lat' dir='ltr'>ut</span> 
     </span>
     <span class='ocr_line' id='line_1_19' title="bbox 189 1869 1960 1937; baseline 0.001 -19"><span class='ocrx_word' id='word_1_155' title='bbox 189 1869 356 1919; x_wconf 89' lang='lat' dir='ltr'>fideles</span> <span class='ocrx_word' id='word_1_156' title='bbox 385 1870 478 1934; x_wconf 89' lang='lat' dir='ltr'>ipsi</span> <span class='ocrx_word' id='word_1_157' title='bbox 500 1871 778 1934; x_wconf 90' lang='lat' dir='ltr'>hujusmodi</span> <span class='ocrx_word' id='word_1_158' title='bbox 803 1872 1102 1937; x_wconf 84' lang='lat' dir='ltr'>indulgentie</span> <span class='ocrx_word' id='word_1_159' title='bbox 1132 1871 1435 1921; x_wconf 89' lang='lat' dir='ltr'>commodius</span> <span class='ocrx_word' id='word_1_160' title='bbox 1461 1872 1649 1935; x_wconf 90' lang='lat' dir='ltr'>possint</span> <span class='ocrx_word' id='word_1_161' title='bbox 1676 1872 1782 1920; x_wconf 89' lang='lat' dir='ltr'>fieri</span> <span class='ocrx_word' id='word_1_162' title='bbox 1810 1873 1960 1936; x_wconf 89' lang='lat' dir='ltr'>parti-</span> 
     </span>
     <span class='ocr_line' id='line_1_20' title="bbox 188 1954 1959 2019; baseline 0.001 -17"><span class='ocrx_word' id='word_1_163' title='bbox 188 1954 336 2018; x_wconf 91' lang='lat' dir='ltr'>cipes,</span> <span class='ocrx_word' id='word_1_164' title='bbox 362 1954 579 2018; x_wconf 90' lang='lat' dir='ltr'>predicto</span> <span class='ocrx_word' id='word_1_165' title='bbox 596 1956 763 2003; x_wconf 89' lang='lat' dir='ltr'>nuntio</span> <span class='ocrx_word' id='word_1_166' title='bbox 782 1959 831 2004; x_wconf 87' lang='lat' dir='ltr'>et</span> <span class='ocrx_word' id='word_1_167' title='bbox 856 1957 1208 2015; x_wconf 89' lang='lat' dir='ltr'>commissario,</span> <span class='ocrx_word' id='word_1_168' title='bbox 1236 1955 1295 2003; x_wconf 90' lang='lat' dir='ltr'>de</span> <span class='ocrx_word' id='word_1_169' title='bbox 1318 1956 1456 2019; x_wconf 85' lang='lat' dir='ltr'>cujus</span> <span class='ocrx_word' id='word_1_170' title='bbox 1483 1954 1798 2018; x_wconf 88' lang='lat' dir='ltr'>providentia,</span> <span class='ocrx_word' id='word_1_171' title='bbox 1833 1955 1959 2004; x_wconf 88' lang='lat' dir='ltr'>inte-</span> 
     </span>
     <span class='ocr_line' id='line_1_21' title="bbox 185 2037 1959 2103; baseline 0.001 -19"><span class='ocrx_word' id='word_1_172' title='bbox 185 2037 359 2100; x_wconf 89' lang='lat' dir='ltr'>gritate</span> <span class='ocrx_word' id='word_1_173' title='bbox 387 2041 433 2085; x_wconf 90' lang='lat' dir='ltr'>et</span> <span class='ocrx_word' id='word_1_174' title='bbox 465 2037 659 2085; x_wconf 86' lang='lat' dir='ltr'>solertia</span> <span class='ocrx_word' id='word_1_175' title='bbox 689 2038 738 2087; x_wconf 92' lang='lat' dir='ltr'>in</span> <span class='ocrx_word' id='word_1_176' title='bbox 772 2039 848 2087; x_wconf 89' lang='lat' dir='ltr'>his</span> <span class='ocrx_word' id='word_1_177' title='bbox 885 2044 933 2088; x_wconf 89' lang='lat' dir='ltr'>et</span> <span class='ocrx_word' id='word_1_178' title='bbox 962 2039 1065 2088; x_wconf 88' lang='lat' dir='ltr'>aliis</span> <span class='ocrx_word' id='word_1_179' title='bbox 1100 2037 1360 2103; x_wconf 88' lang='lat' dir='ltr'>specialem</span> <span class='ocrx_word' id='word_1_180' title='bbox 1398 2037 1447 2085; x_wconf 91' lang='lat' dir='ltr'>in</span> <span class='ocrx_word' id='word_1_181' title='bbox 1486 2037 1692 2086; x_wconf 93' lang='lat' dir='ltr'>Domino</span> <span class='ocrx_word' id='word_1_182' title='bbox 1732 2037 1959 2086; x_wconf 89' lang='lat' dir='ltr'>fiduciam</span> 
     </span>
     <span class='ocr_line' id='line_1_22' title="bbox 184 2120 1963 2186; baseline 0.001 -18"><span class='ocrx_word' id='word_1_183' title='bbox 184 2120 476 2180; x_wconf 81' lang='lat' dir='ltr'>obtinemus,</span> <span class='ocrx_word' id='word_1_184' title='bbox 494 2136 581 2185; x_wconf 92' lang='lat' dir='ltr'>per</span> <span class='ocrx_word' id='word_1_185' title='bbox 601 2137 652 2170; x_wconf 91' lang='lat' dir='ltr'>se</span> <span class='ocrx_word' id='word_1_186' title='bbox 670 2122 744 2171; x_wconf 92' lang='lat' dir='ltr'>vel</span> <span class='ocrx_word' id='word_1_187' title='bbox 758 2138 845 2186; x_wconf 93' lang='lat' dir='ltr'>per</span> <span class='ocrx_word' id='word_1_188' title='bbox 860 2122 1007 2171; x_wconf 85' lang='lat' dir='ltr'>alium</span> <span class='ocrx_word' id='word_1_189' title='bbox 1028 2139 1113 2171; x_wconf 93' lang='lat' dir='ltr'>seu</span> <span class='ocrx_word' id='word_1_190' title='bbox 1135 2122 1271 2181; x_wconf 86' lang='lat' dir='ltr'>alios,</span> <span class='ocrx_word' id='word_1_191' title='bbox 1298 2121 1470 2186; x_wconf 92' lang='lat' dir='ltr'>quibus</span> <span class='ocrx_word' id='word_1_192' title='bbox 1491 2121 1618 2170; x_wconf 88' lang='lat' dir='ltr'>vices</span> <span class='ocrx_word' id='word_1_193' title='bbox 1638 2137 1748 2169; x_wconf 88' lang='lat' dir='ltr'>suas</span> <span class='ocrx_word' id='word_1_194' title='bbox 1769 2122 1963 2170; x_wconf 87' lang='lat' dir='ltr'>duxerit</span> 
     </span>
     <span class='ocr_line' id='line_1_23' title="bbox 186 2204 1961 2269; baseline 0.002 -18"><span class='ocrx_word' id='word_1_195' title='bbox 186 2204 575 2265; x_wconf 86' lang='lat' dir='ltr'>committendaS,</span> <span class='ocrx_word' id='word_1_196' title='bbox 607 2206 893 2255; x_wconf 84' lang='lat' dir='ltr'>auctoritate</span> <span class='ocrx_word' id='word_1_197' title='bbox 916 2211 1100 2267; x_wconf 88' lang='lat' dir='ltr'>nostra,</span> <span class='ocrx_word' id='word_1_198' title='bbox 1134 2205 1353 2255; x_wconf 89' lang='lat' dir='ltr'>ecclesiis</span> <span class='ocrx_word' id='word_1_199' title='bbox 1376 2221 1469 2269; x_wconf 91' lang='lat' dir='ltr'>que</span> <span class='ocrx_word' id='word_1_200' title='bbox 1496 2210 1755 2269; x_wconf 90' lang='lat' dir='ltr'>propterea</span> <span class='ocrx_word' id='word_1_201' title='bbox 1782 2205 1961 2254; x_wconf 88' lang='lat' dir='ltr'>visitari</span> 
     </span>
     <span class='ocr_line' id='line_1_24' title="bbox 185 2287 1961 2354; baseline 0.001 -19"><span class='ocrx_word' id='word_1_202' title='bbox 185 2287 392 2336; x_wconf 87' lang='lat' dir='ltr'>debeant</span> <span class='ocrx_word' id='word_1_203' title='bbox 420 2288 699 2337; x_wconf 88' lang='lat' dir='ltr'>declarandi</span> <span class='ocrx_word' id='word_1_204' title='bbox 727 2293 776 2338; x_wconf 91' lang='lat' dir='ltr'>et</span> <span class='ocrx_word' id='word_1_205' title='bbox 797 2290 846 2337; x_wconf 89' lang='lat' dir='ltr'>in</span> <span class='ocrx_word' id='word_1_206' title='bbox 873 2290 1087 2354; x_wconf 88' lang='lat' dir='ltr'>qualibet</span> <span class='ocrx_word' id='word_1_207' title='bbox 1112 2289 1395 2338; x_wconf 89' lang='lat' dir='ltr'>earumdem</span> <span class='ocrx_word' id='word_1_208' title='bbox 1419 2287 1570 2337; x_wconf 86' lang='lat' dir='ltr'>semel</span> <span class='ocrx_word' id='word_1_209' title='bbox 1591 2288 1667 2336; x_wconf 90' lang='lat' dir='ltr'>vel</span> <span class='ocrx_word' id='word_1_210' title='bbox 1692 2289 1961 2338; x_wconf 88' lang='lat' dir='ltr'>successive</span> 
     </span>
     <span class='ocr_line' id='line_1_25' title="bbox 185 2372 1961 2439; baseline 0.001 -19"><span class='ocrx_word' id='word_1_211' title='bbox 185 2374 371 2420; x_wconf 91' lang='lat' dir='ltr'>certum</span> <span class='ocrx_word' id='word_1_212' title='bbox 415 2388 675 2421; x_wconf 89' lang='lat' dir='ltr'>numerum</span> <span class='ocrx_word' id='word_1_213' title='bbox 715 2373 1128 2439; x_wconf 80' lang='lat' dir='ltr'>presbyterorum,</span> <span class='ocrx_word' id='word_1_214' title='bbox 1177 2372 1517 2437; x_wconf 88' lang='lat' dir='ltr'>religiosorum</span> <span class='ocrx_word' id='word_1_215' title='bbox 1555 2372 1630 2420; x_wconf 91' lang='lat' dir='ltr'>vel</span> <span class='ocrx_word' id='word_1_216' title='bbox 1671 2373 1961 2422; x_wconf 88' lang='lat' dir='ltr'>secularium</span> 
     </span>
     <span class='ocr_line' id='line_1_26' title="bbox 187 2454 1961 2520; baseline 0.002 -17"><span class='ocrx_word' id='word_1_217' title='bbox 187 2454 409 2503; x_wconf 84' lang='lat' dir='ltr'>ordinum</span> <span class='ocrx_word' id='word_1_218' title='bbox 429 2472 865 2520; x_wconf 90' lang='lat' dir='ltr'>quorumcumque,</span> <span class='ocrx_word' id='word_1_219' title='bbox 893 2457 1040 2506; x_wconf 89' lang='lat' dir='ltr'>etiam</span> <span class='ocrx_word' id='word_1_220' title='bbox 1064 2456 1463 2515; x_wconf 89' lang='lat' dir='ltr'>mendicantium,</span> <span class='ocrx_word' id='word_1_221' title='bbox 1490 2456 1635 2505; x_wconf 92' lang='lat' dir='ltr'>etiam</span> <span class='ocrx_word' id='word_1_222' title='bbox 1658 2458 1961 2507; x_wconf 83' lang='lat' dir='ltr'>observantie</span> 
     </span>
     <span class='ocr_line' id='line_1_27' title="bbox 188 2537 1960 2601; baseline 0.003 -17"><span class='ocrx_word' id='word_1_223' title='bbox 188 2537 438 2601; x_wconf 86' lang='lat' dir='ltr'>regularis,</span> <span class='ocrx_word' id='word_1_224' title='bbox 464 2539 524 2586; x_wconf 92' lang='lat' dir='ltr'>de</span> <span class='ocrx_word' id='word_1_225' title='bbox 546 2554 641 2601; x_wconf 90' lang='lat' dir='ltr'>quo</span> <span class='ocrx_word' id='word_1_226' title='bbox 667 2538 755 2586; x_wconf 91' lang='lat' dir='ltr'>sibi</span> <span class='ocrx_word' id='word_1_227' title='bbox 777 2539 1016 2588; x_wconf 89' lang='lat' dir='ltr'>videbitur</span> <span class='ocrx_word' id='word_1_228' title='bbox 1033 2540 1094 2588; x_wconf 90' lang='lat' dir='ltr'>ad</span> <span class='ocrx_word' id='word_1_229' title='bbox 1113 2539 1410 2588; x_wconf 90' lang='lat' dir='ltr'>audiendum</span> <span class='ocrx_word' id='word_1_230' title='bbox 1434 2541 1719 2589; x_wconf 86' lang='lat' dir='ltr'>eorumdem</span> <span class='ocrx_word' id='word_1_231' title='bbox 1743 2541 1960 2589; x_wconf 89' lang='lat' dir='ltr'>fidelium</span> 
     </span>
     <span class='ocr_line' id='line_1_28' title="bbox 188 2619 1961 2686; baseline 0.005 -20"><span class='ocrx_word' id='word_1_232' title='bbox 188 2634 274 2683; x_wconf 90' lang='lat' dir='ltr'>pro</span> <span class='ocrx_word' id='word_1_233' title='bbox 319 2619 621 2684; x_wconf 88' lang='lat' dir='ltr'>indulgentia</span> <span class='ocrx_word' id='word_1_234' title='bbox 665 2620 970 2670; x_wconf 86' lang='lat' dir='ltr'>affluentium</span> <span class='ocrx_word' id='word_1_235' title='bbox 1019 2623 1350 2672; x_wconf 88' lang='lat' dir='ltr'>confessiones</span> <span class='ocrx_word' id='word_1_236' title='bbox 1397 2623 1678 2686; x_wconf 88' lang='lat' dir='ltr'>deputandi,</span> <span class='ocrx_word' id='word_1_237' title='bbox 1726 2630 1773 2674; x_wconf 91' lang='lat' dir='ltr'>et</span> <span class='ocrx_word' id='word_1_238' title='bbox 1816 2626 1961 2675; x_wconf 90' lang='lat' dir='ltr'>etiam</span> 
     </span>
     <span class='ocr_line' id='line_1_29' title="bbox 188 2701 1961 2772; baseline 0.005 -23"><span class='ocrx_word' id='word_1_239' title='bbox 188 2701 372 2750; x_wconf 91' lang='lat' dir='ltr'>eisdem</span> <span class='ocrx_word' id='word_1_240' title='bbox 391 2703 689 2767; x_wconf 84' lang='lat' dir='ltr'>presbyteris</span> <span class='ocrx_word' id='word_1_241' title='bbox 717 2705 1017 2753; x_wconf 85' lang='lat' dir='ltr'>secularibus</span> <span class='ocrx_word' id='word_1_242' title='bbox 1049 2706 1122 2754; x_wconf 85' lang='lat' dir='ltr'>vel</span> <span class='ocrx_word' id='word_1_243' title='bbox 1143 2706 1446 2770; x_wconf 88' lang='lat' dir='ltr'>regularibus</span> <span class='ocrx_word' id='word_1_244' title='bbox 1473 2723 1595 2770; x_wconf 93' lang='lat' dir='ltr'>quos</span> <span class='ocrx_word' id='word_1_245' title='bbox 1626 2724 1713 2772; x_wconf 91' lang='lat' dir='ltr'>per</span> <span class='ocrx_word' id='word_1_246' title='bbox 1741 2710 1961 2757; x_wconf 92' lang='lat' dir='ltr'>nuntium</span> 
     </span>
     <span class='ocr_line' id='line_1_30' title="bbox 189 2779 1962 2857; baseline 0.005 -25"><span class='ocrx_word' id='word_1_247' title='bbox 189 2787 238 2833; x_wconf 87' lang='lat' dir='ltr'>et</span> <span class='ocrx_word' id='word_1_248' title='bbox 257 2786 642 2834; x_wconf 89' lang='lat' dir='ltr'>commissarium</span> <span class='ocrx_word' id='word_1_249' title='bbox 666 2787 728 2836; x_wconf 88' lang='lat' dir='ltr'>ad</span> <span class='ocrx_word' id='word_1_250' title='bbox 749 2779 1052 2857; x_wconf 78' lang='lat' dir='ltr'>deputandos</span> <span class='ocrx_word' id='word_1_251' title='bbox 1079 2791 1128 2838; x_wconf 86' lang='lat' dir='ltr'>et</span> <span class='ocrx_word' id='word_1_252' title='bbox 1148 2790 1536 2854; x_wconf 86' lang='lat' dir='ltr'>subdelegandos</span> <span class='ocrx_word' id='word_1_253' title='bbox 1560 2792 1806 2856; x_wconf 73' lang='lat' dir='ltr'>predictos</span> <span class='ocrx_word' id='word_1_254' title='bbox 1831 2794 1891 2842; x_wconf 90' lang='lat' dir='ltr'>ad</span> <span class='ocrx_word' id='word_1_255' title='bbox 1916 2794 1962 2841; x_wconf 93' lang='lat' dir='ltr'>id</span> 
     </span>
     <span class='ocr_line' id='line_1_31' title="bbox 189 2867 1963 2939; baseline 0.006 -24"><span class='ocrx_word' id='word_1_256' title='bbox 189 2867 409 2931; x_wconf 89' lang='lat' dir='ltr'>deputari</span> <span class='ocrx_word' id='word_1_257' title='bbox 429 2870 704 2934; x_wconf 84' lang='lat' dir='ltr'>contigerit,</span> <span class='ocrx_word' id='word_1_258' title='bbox 726 2887 878 2935; x_wconf 93' lang='lat' dir='ltr'>usque</span> <span class='ocrx_word' id='word_1_259' title='bbox 900 2872 960 2920; x_wconf 88' lang='lat' dir='ltr'>ad</span> <span class='ocrx_word' id='word_1_260' title='bbox 982 2875 1175 2935; x_wconf 92' lang='lat' dir='ltr'>tempus</span> <span class='ocrx_word' id='word_1_261' title='bbox 1196 2888 1285 2936; x_wconf 91' lang='lat' dir='ltr'>per</span> <span class='ocrx_word' id='word_1_262' title='bbox 1308 2889 1391 2922; x_wconf 91' lang='lat' dir='ltr'>eos</span> <span class='ocrx_word' id='word_1_263' title='bbox 1413 2875 1767 2939; x_wconf 87' lang='lat' dir='ltr'>prefigendum,</span> <span class='ocrx_word' id='word_1_264' title='bbox 1793 2892 1963 2925; x_wconf 91' lang='lat' dir='ltr'>eorum</span> 
     </span>
     <span class='ocr_line' id='line_1_32' title="bbox 189 2950 1972 3023; baseline 0.005 -25"><span class='ocrx_word' id='word_1_265' title='bbox 189 2951 405 2999; x_wconf 87' lang='lat' dir='ltr'>fidelium</span> <span class='ocrx_word' id='word_1_266' title='bbox 438 2953 743 3003; x_wconf 87' lang='lat' dir='ltr'>confessione</span> <span class='ocrx_word' id='word_1_267' title='bbox 783 2955 1044 3020; x_wconf 86' lang='lat' dir='ltr'>diligenter</span> <span class='ocrx_word' id='word_1_268' title='bbox 1080 2955 1244 3004; x_wconf 86' lang='lat' dir='ltr'>audita</span> <span class='ocrx_word' id='word_1_269' title='bbox 1281 2973 1368 3020; x_wconf 91' lang='lat' dir='ltr'>pro</span> <span class='ocrx_word' id='word_1_270' title='bbox 1406 2957 1678 3006; x_wconf 88' lang='lat' dir='ltr'>commissis</span> <span class='ocrx_word' id='word_1_271' title='bbox 1713 2974 1801 3022; x_wconf 91' lang='lat' dir='ltr'>per</span> <span class='ocrx_word' id='word_1_272' title='bbox 1833 2950 1972 3023; x_wconf 75' lang='lat' dir='ltr'>ipsos⁴</span> 
     </span>
     <span class='ocr_line' id='line_1_33' title="bbox 191 3033 1964 3104; baseline 0.005 -22"><span class='ocrx_word' id='word_1_273' title='bbox 191 3033 365 3082; x_wconf 86' lang='lat' dir='ltr'>Christi</span> <span class='ocrx_word' id='word_1_274' title='bbox 386 3035 555 3085; x_wconf 88' lang='lat' dir='ltr'>fideles</span> <span class='ocrx_word' id='word_1_275' title='bbox 583 3038 812 3098; x_wconf 87' lang='lat' dir='ltr'>excessis,</span> <span class='ocrx_word' id='word_1_276' title='bbox 843 3038 1145 3098; x_wconf 90' lang='lat' dir='ltr'>criminibus,</span> <span class='ocrx_word' id='word_1_277' title='bbox 1172 3040 1399 3088; x_wconf 83' lang='lat' dir='ltr'>videlicet</span> <span class='ocrx_word' id='word_1_278' title='bbox 1421 3041 1734 3104; x_wconf 90' lang='lat' dir='ltr'>quibuslibet,</span> <span class='ocrx_word' id='word_1_279' title='bbox 1759 3042 1905 3091; x_wconf 86' lang='lat' dir='ltr'>etiam</span> <span class='ocrx_word' id='word_1_280' title='bbox 1928 3043 1964 3091; x_wconf 90' lang='lat' dir='ltr'>si</span> 
     </span>
     <span class='ocr_line' id='line_1_34' title="bbox 192 3117 1964 3187; baseline 0.006 -23"><span class='ocrx_word' id='word_1_281' title='bbox 192 3117 305 3166; x_wconf 84' lang='lat' dir='ltr'>talia</span> <span class='ocrx_word' id='word_1_282' title='bbox 325 3118 484 3168; x_wconf 88' lang='lat' dir='ltr'>forent</span> <span class='ocrx_word' id='word_1_283' title='bbox 505 3125 704 3185; x_wconf 91' lang='lat' dir='ltr'>propter</span> <span class='ocrx_word' id='word_1_284' title='bbox 723 3137 816 3185; x_wconf 86' lang='lat' dir='ltr'>que</span> <span class='ocrx_word' id='word_1_285' title='bbox 840 3122 979 3171; x_wconf 89' lang='lat' dir='ltr'>sedes</span> <span class='ocrx_word' id='word_1_286' title='bbox 1000 3122 1271 3185; x_wconf 88' lang='lat' dir='ltr'>apostolica</span> <span class='ocrx_word' id='word_1_287' title='bbox 1288 3128 1414 3171; x_wconf 86' lang='lat' dir='ltr'>esset</span> <span class='ocrx_word' id='word_1_288' title='bbox 1435 3125 1603 3187; x_wconf 89' lang='lat' dir='ltr'>quovis</span> <span class='ocrx_word' id='word_1_289' title='bbox 1622 3126 1768 3174; x_wconf 91' lang='lat' dir='ltr'>modo</span> <span class='ocrx_word' id='word_1_290' title='bbox 1789 3127 1964 3175; x_wconf 86' lang='lat' dir='ltr'>merito</span> 
     </span>
     <span class='ocr_line' id='line_1_35' title="bbox 192 3201 1964 3273; baseline 0.006 -25"><span class='ocrx_word' id='word_1_291' title='bbox 192 3201 508 3263; x_wconf 87' lang='lat' dir='ltr'>consulenda,</span> <span class='ocrx_word' id='word_1_292' title='bbox 532 3208 578 3252; x_wconf 88' lang='lat' dir='ltr'>et</span> <span class='ocrx_word' id='word_1_293' title='bbox 601 3219 629 3252; x_wconf 88' lang='lat' dir='ltr'>a</span> <span class='ocrx_word' id='word_1_294' title='bbox 651 3205 924 3263; x_wconf 79' lang='lat' dir='ltr'>sententiiS,</span> <span class='ocrx_word' id='word_1_295' title='bbox 950 3204 1167 3252; x_wconf 86' lang='lat' dir='ltr'>censuris</span> <span class='ocrx_word' id='word_1_296' title='bbox 1190 3210 1238 3254; x_wconf 89' lang='lat' dir='ltr'>et</span> <span class='ocrx_word' id='word_1_297' title='bbox 1259 3208 1398 3270; x_wconf 88' lang='lat' dir='ltr'>penis</span> <span class='ocrx_word' id='word_1_298' title='bbox 1427 3209 1767 3258; x_wconf 88' lang='lat' dir='ltr'>ecclesiasticis</span> <span class='ocrx_word' id='word_1_299' title='bbox 1792 3211 1964 3273; x_wconf 90' lang='lat' dir='ltr'>quibus</span> 
     </span>
     <span class='ocr_line' id='line_1_36' title="bbox 193 3285 1963 3350; baseline 0.006 -21"><span class='ocrx_word' id='word_1_300' title='bbox 193 3285 555 3344; x_wconf 89' lang='lat' dir='ltr'>quomodolibet</span> <span class='ocrx_word' id='word_1_301' title='bbox 588 3286 723 3350; x_wconf 90' lang='lat' dir='ltr'>ligati</span> <span class='ocrx_word' id='word_1_302' title='bbox 761 3287 934 3346; x_wconf 87' lang='lat' dir='ltr'>forent,</span> <span class='ocrx_word' id='word_1_303' title='bbox 977 3287 1048 3335; x_wconf 92' lang='lat' dir='ltr'>eis</span> <span class='ocrx_word' id='word_1_304' title='bbox 1077 3286 1135 3333; x_wconf 92' lang='lat' dir='ltr'>de</span> <span class='ocrx_word' id='word_1_305' title='bbox 1173 3289 1491 3338; x_wconf 90' lang='lat' dir='ltr'>absolutionis</span> <span class='ocrx_word' id='word_1_306' title='bbox 1526 3293 1689 3340; x_wconf 91' lang='lat' dir='ltr'>debite</span> <span class='ocrx_word' id='word_1_307' title='bbox 1725 3293 1963 3341; x_wconf 82' lang='lat' dir='ltr'>beneficio</span> 
     </span>
     <span class='ocr_line' id='line_1_37' title="bbox 193 3365 1966 3438; baseline 0.007 -28"><span class='ocrx_word' id='word_1_308' title='bbox 193 3365 494 3428; x_wconf 87' lang='lat' dir='ltr'>providendi,</span> <span class='ocrx_word' id='word_1_309' title='bbox 533 3372 583 3417; x_wconf 92' lang='lat' dir='ltr'>et</span> <span class='ocrx_word' id='word_1_310' title='bbox 614 3370 932 3433; x_wconf 90' lang='lat' dir='ltr'>penitentiam</span> <span class='ocrx_word' id='word_1_311' title='bbox 966 3371 1224 3421; x_wconf 86' lang='lat' dir='ltr'>salutarem</span> <span class='ocrx_word' id='word_1_312' title='bbox 1261 3373 1564 3438; x_wconf 89' lang='lat' dir='ltr'>injungendi,</span> <span class='ocrx_word' id='word_1_313' title='bbox 1592 3392 1682 3423; x_wconf 88' lang='lat' dir='ltr'>nec</span> <span class='ocrx_word' id='word_1_314' title='bbox 1719 3391 1817 3422; x_wconf 90' lang='lat' dir='ltr'>non</span> <span class='ocrx_word' id='word_1_315' title='bbox 1857 3379 1966 3422; x_wconf 85' lang='lat' dir='ltr'>vota</span> 
     </span>
     <span class='ocr_line' id='line_1_38' title="bbox 195 3453 1964 3521; baseline 0.006 -27"><span class='ocrx_word' id='word_1_316' title='bbox 195 3461 500 3513; x_wconf 86' lang='lat' dir='ltr'>quecumque</span> <span class='ocrx_word' id='word_1_317' title='bbox 524 3468 614 3515; x_wconf 89' lang='lat' dir='ltr'>per</span> <span class='ocrx_word' id='word_1_318' title='bbox 638 3468 721 3502; x_wconf 87' lang='lat' dir='ltr'>eos</span> <span class='ocrx_word' id='word_1_319' title='bbox 751 3453 944 3513; x_wconf 90' lang='lat' dir='ltr'>emissa,</span> <span class='ocrx_word' id='word_1_320' title='bbox 982 3458 1086 3503; x_wconf 89' lang='lat' dir='ltr'>voto</span> <span class='ocrx_word' id='word_1_321' title='bbox 1118 3455 1368 3518; x_wconf 87' lang='lat' dir='ltr'>religionis</span> <span class='ocrx_word' id='word_1_322' title='bbox 1398 3457 1628 3506; x_wconf 83' lang='lat' dir='ltr'>duntaxat</span> <span class='ocrx_word' id='word_1_323' title='bbox 1656 3462 1876 3521; x_wconf 89' lang='lat' dir='ltr'>excepto,</span> <span class='ocrx_word' id='word_1_324' title='bbox 1915 3458 1964 3505; x_wconf 90' lang='lat' dir='ltr'>in</span> 
     </span>
    </p>
   </div>
   <div class='ocr_carea' id='block_1_3' title="bbox 384 3559 1774 3593">
    <p class='ocr_par' dir='ltr' id='par_1_3' title="bbox 384 3559 1774 3593">
     <span class='ocr_line' id='line_1_39' title="bbox 384 3559 1774 3593; baseline -0.004 -9"><span class='ocrx_word' id='word_1_325' title='bbox 384 3560 415 3584; x_wconf 88' lang='lat' dir='ltr'>T.</span> <span class='ocrx_word' id='word_1_326' title='bbox 445 3561 495 3586; x_wconf 80' lang='lat'>111.</span> <span class='ocrx_word' id='word_1_327' title='bbox 1752 3559 1774 3593; x_wconf 80' lang='lat'><strong>7</strong></span> 
     </span>
    </p>
   </div>
  </div>
 </body>
</html>
