2222 3918
294 362 364 397 414
903 358 921 394 J
927 359 1137 397 OHANNIS
1164 359 1461 405 BURCHARDI,
1804 360 1956 402 [Janvier
1976 361 2070 403 1506]

289 462 414 525 jore,
451 464 582 524 Papa
611 464 856 524 presente,
892 462 972 525 qui
1006 463 1190 526 creavit
1219 466 1427 526 quatuor
1453 461 1733 509 assistentes
1765 460 1847 524 qui
1875 461 2071 509 fuerunt

293 544 519 592 adstatim
554 544 755 607 recepti,
784 544 1014 594 videlicet
1042 546 1310 594 Ludovicus
1343 545 1599 609 episcopus
1630 543 1884 608 Aquensis,
1913 546 2065 592 Anto-

291 627 398 675 nius
425 628 612 675 electus
630 627 841 676 Civitatis
870 629 1079 688 Castelli,
1107 631 1279 678 Petrus
1306 629 1487 677 electus
1506 628 1855 686 Anconitanus,
1875 627 2066 675 auditor

290 713 415 769 rote,
446 713 494 759 et
514 710 809 759 Franciscus
832 711 1090 776 episcopus
1112 714 1406 772 Suessanus,
1435 713 1530 761 alia
1554 727 1689 761 more
1711 712 1875 760 solito.

1104 1043 1259 1090 MDVI

358 1216 505 1275 Jovis,
555 1220 573 1263 1
620 1213 860 1280 januarii,
908 1214 1086 1261 festum
1128 1212 1509 1261 circumcisionis
1545 1212 1765 1272 Domini,
1812 1212 2071 1261 celebravit

298 1298 497 1346 missam
529 1299 799 1346 solemnem
830 1297 1087 1345 cardinalis
1110 1313 1149 1343 s.
1179 1295 1351 1346 Vitalis
1383 1295 1432 1343 in
1466 1295 1654 1359 capella
1682 1295 1910 1353 secunda,
1940 1297 2070 1358 Papa

294 1386 536 1444 presente.
574 1382 859 1430 Orationem
895 1380 1011 1428 fecit
1044 1380 1253 1428 Jacobus
1261 1416 1357 1428 .....
1384 1378 1463 1444 (1),
1490 1379 1742 1427 familiaris
1772 1395 1810 1426 s.
1849 1378 1980 1426 Petri
2009 1377 2069 1425 ad

268 1474 273 1478 ’
298 1464 524 1514 Vincula.
547 1464 656 1512 Alia
675 1480 815 1513 more
838 1464 997 1512 solito.

361 1550 511 1607 Lune,
542 1551 568 1596 5
590 1547 818 1612 januarii,
851 1546 1047 1595 fuerunt
1078 1561 1279 1610 vespere
1308 1545 1523 1610 papales,
1558 1546 1608 1594 in
1639 1545 1825 1610 capella
1860 1544 2064 1609 majore,

300 1633 429 1695 Papa
454 1631 678 1691 absente;
706 1631 823 1679 fecit
848 1630 1063 1679 officium
1087 1647 1126 1678 s,
1153 1629 1362 1693 Georgii.

361 1715 534 1763 Martis
572 1715 833 1778 sequentis,
870 1714 1047 1763 festum
1082 1713 1357 1778 epiphanie·
1379 1712 1588 1772 Domini,
1635 1711 1765 1760 idem
1812 1710 2068 1760 cardinalis

299 1798 561 1847 celebravit
596 1799 796 1846 missam
829 1798 1097 1847 solemnem
1130 1797 1178 1845 in
1211 1796 1411 1845 basilica
1439 1813 1475 1846 s.
1503 1796 1649 1856 Petri,
1682 1798 1814 1859 Papa
1847 1795 2064 1853 absente,

299 1882 411 1945 quia
439 1883 591 1931 frater
627 1883 708 1931 ille
746 1870 929 1930 ordinis
968 1884 1230 1930 Servorum
1269 1880 1350 1944 qui
1379 1880 1538 1929 facere
1567 1879 1759 1928 volebat
1798 1878 2070 1927 orationem

296 1965 529 2028 egrotavit
554 1981 563 2012 :
590 1965 696 2012 Alia
716 1981 854 2012 more
881 1965 1041 2013 solito.
1931 1965 1934 1968 ’
2047 1950 2051 1956 ’

360 2051 504 2112 Papa,
527 2047 657 2096 infra
685 2048 901 2107 missam,
933 2048 983 2095 in
1009 2063 1205 2095 camera
1236 2063 1324 2095 sua
1345 2046 1527 2094 creavit
1547 2046 1753 2094 militem
1775 2049 1832 2094 D.
1861 2047 2069 2094 Bernar-

293 2131 461 2179 dinum
499 2132 834 2190 Gozzadinum,
868 2131 1021 2179 civem
1053 2130 1430 2189 Bononiensem,
1465 2129 1667 2178 fratrem
1693 2128 1924 2177 Johannis
1947 2130 2067 2177 Goz—

291 2215 466 2274 zadini,
491 2214 680 2274 datarii,
710 2220 758 2263 et
780 2215 1004 2262 similiter
1031 2230 1142 2263 eum
1163 2213 1280 2262 fecit
1297 2214 1527 2262 comitem
1548 2212 1831 2277 palatinum.

354 2299 499 2357 Jovis,
530 2301 589 2345 22
611 2298 840 2362 januarii,
864 2298 994 2345 circa
1012 2297 1185 2345 horam
1206 2297 1490 2360 vigesimam
1512 2300 1751 2360 quartam,
1769 2296 2065 2344 intraverunt

292 2397 377 2445 per
398 2385 588 2444 portam
605 2381 664 2428 de
685 2381 865 2444 Populo
881 2385 1073 2428 centum
1096 2379 1443 2443 quinquaginta
1462 2378 1742 2427 Suissences
1761 2379 1819 2426 de
1838 2377 2067 2426 mandato

293 2464 486 2511 Domini
521 2463 701 2523 Nostri,
733 2479 821 2527 per
847 2466 904 2511 D.
943 2463 1348 2511 Leithestiensem
1382 2461 1733 2511 cubicularium
1769 2460 1947 2510 laicum
1985 2475 2067 2509 ca-

294 2562 428 2594 mere
472 2546 856 2595 Constantiensis
898 2547 947 2593 in
991 2546 1264 2594 Allemania
1306 2545 1550 2605 conducti,
1600 2550 1648 2593 et
1693 2559 1862 2593 omnes
1909 2542 2069 2592 vestiti

294 2645 445 2692 usque
471 2629 531 2677 ad
563 2629 718 2677 calsas
750 2629 983 2678 inclusive
1012 2628 1237 2692 expensis
1271 2628 1464 2676 Domini
1497 2628 1676 2687 Nostri,
1706 2642 1910 2691 quorum
1935 2625 2070 2689 capi-

294 2715 466 2760 taneus
502 2729 617 2760 suus
655 2715 693 2760 D
704 2750 802 2762 .....
833 2715 1134 2760 Intraverunt
1166 2727 1254 2775 per
1285 2715 1478 2775 portam
1514 2710 1574 2758 de
1606 2709 1804 2774 Populo,
1832 2703 2069 2772 Campum

292 2796 516 2845 Flore‘ad
550 2796 782 2860 palatium
816 2812 854 2842 s,
887 2795 1031 2854 Petri,
1070 2795 1148 2843 ubi
1174 2811 1261 2842 sua
1291 2794 1545 2842 Beatitudo
1569 2798 1701 2841 stans
1724 2808 1868 2856 super
1886 2790 2066 2839 lodiam

293 2880 429 2927 Pauli
456 2879 701 2928 benedixit
740 2879 827 2938 eiS,
866 2879 1041 2926 deinde
1074 2878 1371 2926 intraverunt
1409 2876 1734 2925 habitationes
1769 2877 1906 2923 extra
1936 2872 2069 2937 pala-

292 2963 414 3010 tium
433 2978 522 3026 pro
545 2962 768 3010 custodia
793 2961 960 3025 palatii
982 2961 1218 3024 deputati.

357 3046 588 3103 Sabbato,
609 3047 669 3092 24
683 3043 914 3108 januarii,
933 3043 1110 3092 festum
1130 3043 1459 3092 conversionis
1475 3059 1512 3090 s.
1540 3040 1692 3101 Pauli,
1718 3042 1802 3089 Ss.
1823 3041 1878 3087 D.
1904 3045 2069 3088 noster

289 3132 400 3193 post
429 3129 607 3177 horam
638 3130 859 3191 quartam
896 3127 1137 3175 decimam
1170 3126 1402 3190 equitavit
1431 3126 1493 3174 ad
1531 3141 1569 3172 s,
1602 3123 1824 3183 Paulum,
1860 3123 1909 3171 in
1947 3123 2071 3172 stola

339 3301 372 3338 1.
400 3299 497 3337 Telle
514 3302 570 3336 est
591 3298 623 3335 Ia
643 3297 745 3343 lecon
765 3297 829 3333 des
847 3307 955 3341 mss,
978 3296 1088 3344 qu'on
1120 3298 1208 3344 peut
1236 3294 1396 3343 corriger
1422 3306 1509 3332 avec
1527 3294 1561 3332 le
1592 3298 1693 3332 texte
1713 3295 1758 3332 de
1777 3295 1821 3332 P.
1843 3295 1886 3332 de
1908 3293 2067 3332 Grassis.

292 3376 310 3394 «
331 3361 432 3396 Hanc
451 3358 600 3395 missam
619 3356 777 3394 cantavit
795 3356 833 3392 in
849 3354 990 3403 capella
1009 3356 1139 3391 Rmus.
1164 3356 1212 3393 D.
1239 3353 1433 3391 cardinalis
1446 3353 1662 3402 Eugubinus
1685 3355 1763 3391 sive
1784 3367 1814 3391 s.
1833 3353 2004 3392 vitans...
2026 3353 2066 3390 In

290 3434 332 3458 ea
352 3421 439 3457 nihil
458 3419 545 3457 novi
563 3418 641 3463 suit,
661 3416 734 3453 nisi
752 3415 851 3463 quod
876 3414 988 3451 oratio
1010 3413 1083 3451 sive
1104 3426 1222 3451 sermo
1240 3413 1503 3463 pulcherrimus
1523 3425 1588 3462 per
1607 3414 1799 3462 quemdam
1818 3414 1863 3452 D.
1884 3413 2061 3451 Joannem

289 3480 493 3529 Baptistam
509 3479 555 3515 de
574 3477 765 3521 Leonissa,
787 3473 999 3520 secularem,
1019 3473 1165 3511 habitus
1185 3473 1266 3511 fuit.
1290 3487 1308 3507 »
1328 3473 1368 3510 F.
1390 3473 1474 3510 275.
