2254 3944
336 392 359 427 6
955 383 1187 423 JOHANNIS
1221 385 1516 430 BURCHARDI,
1843 385 2000 427 [Janvier
2019 389 2115 429 1500]

331 491 420 550 bis,
458 491 585 554 quod
619 490 825 537 aliorum
859 489 1132 537 officiorum
1165 488 1443 553 hujusmodi
1483 490 1611 538 bono
1647 493 1695 537 et
1732 488 1861 536 felici
1890 489 2113 553 regimini

329 574 623 631 consuletur,
666 572 781 620 dum
819 572 1078 637 siquidem,
1121 587 1231 621 cum
1271 573 1472 621 dilectus
1513 572 1640 620 filius
1673 574 1840 620 noster
1876 572 2113 620 Ascanius

327 658 476 705 Maria
500 673 538 704 S.
567 656 662 706 Viti
696 657 743 704 in
767 656 970 704 Macello
998 660 1263 721 martyrum
1301 657 1513 705 decanus
1536 655 1811 715 cardinaliS,
1842 671 1880 703 S.
1915 670 2112 704 romane

328 741 544 789 Ecclesie
572 740 997 788 vicecancellarius
1018 756 1045 788 a
1077 756 1280 788 romana
1304 740 1438 789 curia
1458 745 1587 788 esset
1609 740 1803 799 absens,
1827 743 1971 804 prout
1991 740 2113 788 exti-

327 823 398 881 tit,
419 827 586 886 etpost
609 824 878 871 absentiam
897 823 1175 888 hujusmodi
1191 824 1316 872 bone
1341 823 1575 872 memorie
1593 822 1833 887 AloysiUS,
1850 822 2106 886 episcopus

327 907 662 966 Pisauriensis,
690 908 770 970 qui
797 907 1014 971 predicto
1035 907 1432 956 vicecancellario
1456 907 1505 954 in
1529 906 1818 955 cancellaria
1848 906 2115 970 apostolica

325 1007 526 1055 presens
560 995 678 1049 erat,
716 991 775 1039 ab
808 991 900 1038 hac
943 991 1051 1040 luce
1097 991 1323 1040 decessit.
1362 993 1474 1047 Nos,
1514 1005 1575 1038 ne
1609 996 1808 1055 propter
1840 990 2111 1038 absentiam

325 1075 532 1138 predicti
561 1074 940 1122 vicecancellarii
972 1074 1100 1123 dicta
1127 1074 1416 1123 cancellarIa
1446 1073 1791 1123 detrimentum
1814 1074 2011 1137 aliquod
2034 1089 2116 1137 pa-

326 1162 526 1217 teretur,
552 1174 662 1205 cum
690 1158 973 1206 exercitium
1001 1158 1113 1206 dicti
1137 1157 1284 1206 officii
1306 1173 1499 1206 cessare
1534 1173 1630 1205 non
1653 1162 1834 1221 posset,
1857 1157 2111 1206 venerabi-

323 1242 419 1290 lem
450 1242 647 1290 fratrem
674 1242 944 1290 Johannem
977 1242 1260 1305 Baptistam,
1287 1242 1570 1305 episcopum
1603 1241 1948 1298 Mutinensem,
1975 1240 2109 1288 data-

326 1326 470 1384 rium,
517 1330 564 1374 et
608 1325 991 1374 referendarium
1037 1329 1256 1373 nostrum
1298 1325 1638 1385 domesticum,
1677 1329 1821 1387 atque
1855 1338 2005 1372 unum
2050 1322 2109 1370 de

324 1425 528 1457 numero
563 1409 849 1458 dilectorum
884 1409 1096 1457 filiorum
1131 1409 1518 1458 abbreviatorum
1559 1408 1756 1472 majoris
1792 1406 2105 1472 presidentie,

325 1493 404 1555 qui
429 1509 515 1556 per
540 1493 685 1556 longa
716 1498 933 1556 tempora
957 1493 1005 1540 in
1026 1493 1154 1542 dicta
1183 1493 1472 1541 cancellaria
1497 1492 1545 1539 in
1579 1491 1885 1556 expeditione
1916 1490 2106 1538 littera-

325 1591 431 1622 rum
453 1576 826 1638 apostolicarum
855 1581 1072 1623 versatus
1099 1577 1272 1636 fuerat,
1298 1580 1553 1639 regentem
1581 1576 1707 1623 dicte
1736 1573 2021 1623 cancellarie
2047 1573 2106 1621 ad

325 1659 446 1706 bene
468 1658 698 1721 placitum
720 1663 941 1706 nostrum
963 1664 1093 1707 motu
1120 1659 1316 1723 proprio
1345 1658 1688 1706 constituimus
1708 1662 1755 1706 et
1774 1656 2105 1721 deputavimus

326 1745 467 1805 prout
486 1740 533 1788 in
553 1741 731 1788 nostris
750 1741 860 1789 inde
883 1741 1115 1790 confectis
1136 1741 1307 1790 litteris
1328 1741 1518 1805 plenius
1540 1741 1831 1789 continetur.

393 1844 415 1868 «
447 1823 571 1873 Cum
596 1829 758 1873 autem
784 1825 1026 1888 predictus
1060 1825 1302 1874 Johannes
1331 1825 1546 1888 Baptista
1576 1824 1847 1888 episcopus,
1881 1824 1961 1888 qui
1989 1824 2106 1871 hac-

327 1912 465 1955 tenus
500 1908 680 1956 dictum
712 1908 924 1956 officium
956 1909 1261 1956 laudabiliter
1284 1908 1499 1956 exercuit
1531 1913 1729 1972 propter
1762 1908 2026 1956 datariatus
2057 1913 2104 1955 et

325 1992 419 2039 alia
457 1992 650 2039 diversa
685 2006 884 2040 romane
919 1992 1050 2040 curie
1085 1992 1244 2039 officia
1276 2008 1368 2055 que
1407 1992 1572 2050 habet,
1605 1992 1837 2039 continuo
1871 1991 1974 2038 sine
2008 1990 2102 2038 ulla

324 2075 683 2123 intermissione
724 2091 951 2124 exercere
982 2092 1036 2124 ac
1067 2076 1281 2139 plenaria
1308 2075 1503 2139 negotia
1530 2091 1621 2138 que
1660 2075 1747 2123 sibi
1778 2075 1966 2123 ratione
1992 2073 2100 2121 offi-

322 2158 509 2206 ciorum
529 2158 673 2207 etiam
695 2159 921 2208 continue
941 2159 1226 2207 incumbunt
1241 2158 1539 2222 expedienda
1560 2158 1661 2205 sine
1691 2173 1777 2205 suo
1805 2157 2016 2205 maximo
2039 2158 2103 2222 (et

321 2242 516 2305 negotia
562 2242 841 2307 hujusmodi
890 2243 938 2291 in
975 2242 1102 2291 dicta
1144 2242 1276 2290 curia
1317 2240 1733 2305 prosequentium)
1770 2240 2098 2298 incommodo,

322 2325 435 2372 dicti
462 2326 674 2389 regentis
708 2325 869 2375 officio
894 2326 1143 2374 intendere
1174 2330 1400 2388 nequeat,
1429 2328 1523 2374 Nos
1547 2325 1764 2373 volentes
1792 2340 1902 2371 eum
1926 2324 1985 2372 ab
2008 2323 2100 2372 hu-

314 2408 529 2470 jusmodi
555 2425 703 2456 onere
738 2410 956 2458 relevare
984 2414 1047 2471 et,
1077 2426 1137 2457 ne
1168 2413 1426 2473 propterea
1455 2409 1558 2472 ipsa
1589 2407 1877 2456 cancellaria
1901 2411 2098 2470 regente

319 2496 498 2551 careat,
525 2492 684 2540 debite
707 2493 976 2556 providere,
1003 2498 1066 2554 te,
1095 2509 1182 2558 pro
1209 2508 1302 2556 quo
1329 2493 1474 2541 etiam
1501 2492 1655 2540 dictus
1678 2490 2100 2540 vicecancellarius

317 2574 455 2623 nobis
493 2591 637 2639 super
673 2577 767 2624 hoc
797 2577 1044 2626 humiliter
1075 2576 1372 2641 supplicavit,
1405 2576 1454 2623 in
1492 2580 1746 2639 regentem
1783 2574 1896 2623 dicti
1931 2573 2097 2633 officii,

317 2673 428 2705 cum
453 2658 675 2707 omnibus
700 2663 746 2708 et
772 2659 973 2724 singulis
999 2660 1125 2708 illius
1153 2660 1440 2720 honoribUS,
1469 2658 1696 2707 oneribus
1724 2663 1771 2705 et
1797 2657 2100 2705 emolumen—

318 2741 377 2788 tis
403 2742 647 2790 consuetis
685 2759 836 2806 usque
869 2744 930 2792 ad
959 2744 1084 2792 bene
1108 2745 1338 2808 placitum
1370 2747 1609 2801 nostrum,
1641 2741 1923 2789 auctoritate
1956 2756 2099 2804 apos-

320 2824 477 2884 tolica,
525 2829 693 2874 tenore
735 2827 1036 2890 presentium
1082 2827 1417 2875 constituimus
1460 2830 1506 2873 et
1545 2826 1832 2889 deputamus
1871 2827 1918 2872 et
1960 2822 2093 2883 illud,

320 2907 445 2955 dicto
470 2909 670 2957 durante
694 2911 818 2958 bene
842 2911 1037 2975 placito,
1060 2911 1145 2959 tibi
1167 2927 1255 2974 per
1281 2915 1345 2967 te,
1374 2909 1518 2958 veluti
1541 2913 1793 2972 regentem
1817 2907 1967 2972 ipsius
1996 2907 2099 2955 offi-

317 2989 400 3047 cii;
429 2992 713 3054 regendum,
742 2995 1009 3057 gerendum
1035 2999 1082 3042 et
1110 2994 1434 3042 exercendum
1459 2991 1826 3050 committimUS,
1855 2990 2023 3039 dantes
2049 2997 2097 3038 et

317 3073 642 3133 concedentes
666 3082 801 3124 motu
828 3078 969 3126 simili
994 3078 1170 3126 harum
1195 3077 1338 3126 seriei
1366 3077 1450 3125 tibi
1475 3076 1670 3140 plenam
1694 3079 1741 3124 et
1766 3074 2094 3123 omnimodam

318 3155 593 3204 facultatem
623 3159 786 3207 omnia
816 3165 862 3209 et
894 3161 1079 3225 singula
1110 3162 1242 3210 circa
1272 3160 1415 3209 officii
1446 3159 1725 3224 hujusmodi
1757 3157 1981 3216 faciendi,
2017 3172 2096 3219 ge-

317 3238 451 3286 rendi
480 3243 526 3286 ct
558 3243 813 3289 exercendi
843 3259 934 3306 que
967 3245 1211 3307 predictus
1242 3245 1486 3292 Johannes
1520 3242 1733 3306 Baptista
1762 3240 2015 3304 episcopus
2047 3243 2095 3288 et

316 3322 394 3369 alii
420 3322 545 3370 dicte
572 3325 856 3372 cancellarie
889 3332 1112 3390 regentes
1137 3327 1214 3390 qui
1247 3341 1333 3390 pro
1357 3330 1573 3388 tempore
1598 3325 1808 3382 fuerunt,
1844 3338 2013 3385 gerere
2047 3327 2091 3371 et

318 3406 475 3453 facere
500 3410 548 3453 et
572 3422 798 3455 exercere
829 3411 1071 3472 quomodo
1093 3409 1210 3457 libet
1235 3411 1495 3473 potuerunt
1521 3423 1605 3454 seu
1634 3407 1923 3455 debuerunt.

390 3510 410 3530 «
449 3491 515 3537 Tu
554 3495 733 3551 autem,
773 3493 1053 3542 exercitium
1096 3491 1239 3541 officii
1277 3490 1554 3554 hujusmodi
1600 3490 1791 3555 propria
1834 3489 2087 3538 devotione
