2228 3938
189 376 408 419 [Novemhre
430 377 526 417 1501]
635 376 804 414 RERUM
835 374 1140 413 URBANARUM
1174 373 1525 412 COMMENTARII.
1910 376 1980 413 169

193 480 610 547 quadragenas-de
640 495 755 528 vera
775 478 1074 541 indulgentia
1106 478 1153 525 in
1182 477 1340 526 forma
1365 478 1573 528 ecclesie
1603 484 1838 528 consueta
1861 495 1976 528 con-

197 565 414 614 cedimus
439 568 487 612 et
513 563 762 626 largimur,
790 560 1080 609 mandantes
1113 561 1439 624 indulgentias
1471 562 1752 626 hujusmodi
1790 563 1973 628 populo

196 664 330 696 more
355 647 497 695 solito
529 646 781 703 nunciare,
814 659 911 692 non
953 645 1260 693 obstantibus
1304 645 1558 693 contrariis
1591 646 1976 710 quibuscumque

195 731 502 796 presentibus
539 730 632 777 hac
675 729 777 786 vice
815 728 1045 777 duntaxat
1071 728 1287 776 valituris
1319 729 1583 777 concessis.
1611 732 1743 777 Motu
1772 730 1974 794 proprio

195 815 243 862 in
272 814 523 879 presentia
555 814 641 861 SS.
669 815 725 860 D.
750 814 805 860 N.
831 814 982 874 Pape;
1013 815 1087 859 Jo.
1108 812 1367 860 cardinalis
1386 812 1701 860 Alexandrini
1721 818 1767 861 et
1787 829 1982 876 presen-

196 899 317 946 tium
337 898 440 946 sola
455 898 704 961 signatura
722 895 932 944 sufficiat
955 895 1220 945 concessis
1239 896 1485 944 Johannes
1505 896 1764 944 cardinalis
1779 897 1985 945 Alexan-

197 982 382 1031 drinus.
412 1002 434 1026 υ

262 1065 589 1129 Indulgentias
610 1064 893 1129 hujusmodi
914 1063 1249 1128 pronuntiavit
1269 1063 1350 1126 qui
1370 1062 1485 1111 fecit
1508 1077 1804 1122 sermonem,
1828 1070 1875 1111 et
1895 1063 1989 1111 alia

199 1165 334 1198 more
357 1149 496 1198 solito
519 1152 632 1197 sunt
653 1149 928 1197 observata.
966 1150 1019 1196 In
1043 1163 1152 1195 sero
1174 1147 1352 1195 iterum
1380 1145 1528 1211 aliqui
1553 1161 1613 1194 ex
1633 1145 1982 1205 cardinalibus,

195 1233 418 1281 videlicet
444 1234 839 1292 Beneventanus,
878 1248 917 1280 s.
960 1231 1195 1280 Praxedis
1239 1235 1285 1280 et
1319 1230 1607 1279 Cusentinus
1646 1233 1886 1279 venerunt
1928 1230 1989 1278 ad

198 1332 444 1385 cameram
476 1316 742 1381 Papagalli,
769 1315 850 1363 alii
884 1315 945 1363 ad
973 1315 1211 1379 capellam
1247 1315 1491 1379 majorem
1525 1313 1710 1377 palatii,
1747 1314 1808 1361 ad
1840 1329 1987 1377 quam

197 1416 283 1464 per
295 1415 374 1448 me
396 1400 550 1449 vocati
571 1404 806 1448 venerunt
828 1399 976 1447 etiam
1004 1403 1102 1447 tres
1130 1398 1406 1447 cardinales
1440 1397 1664 1461 predicti,
1694 1396 1985 1461 ubitdictum

198 1483 286 1531 fuit
308 1483 523 1531 officium
550 1488 873 1543 mortuorum,
900 1483 1029 1547 quod
1054 1483 1246 1547 peregit
1270 1485 1436 1530 Rmus.
1471 1484 1525 1530 D.
1555 1481 1818 1529 cardinalis
1841 1481 1986 1544 Agri-

199 1567 446 1629 gentinus,
485 1569 615 1631 Papa
642 1566 862 1625 absente,
897 1571 945 1615 et
975 1566 1052 1614 die
1086 1566 1279 1624 martis,
1303 1569 1331 1613 2
1353 1565 1648 1623 novembris,
1689 1579 1988 1612 commemo-

199 1650 326 1697 ratio
349 1636 577 1696 omnium'
597 1649 837 1702 fidelium:
863 1649 992 1697 idem
1019 1649 1282 1696 cardinalis
1305 1648 1567 1696 celebravit
1595 1647 1797 1694 missam
1828 1646 1986 1710 publi-

201 1747 308 1780 cam
330 1732 380 1779 in
404 1732 578 1781 eadem
599 1732 804 1796 capella,
836 1735 965 1796 Papa
993 1732 1140 1780 etiam
1166 1732 1386 1791 absente,
1410 1736 1457 1780 et
1485 1730 1691 1779 absolvit
1712 1746 1851 1779 more
1873 1745 1985 1780 con-

202 1819 341 1864 sueto
366 1815 446 1880 (1).

275 1899 418 1947 Feria
437 1900 623 1963 quinta,
651 1904 702 1947 11
728 1899 911 1948 mensis
933 1899 1231 1957 novembris,
1254 1898 1448 1946 intravit
1471 1897 1647 1947 Urbem
1674 1914 1763 1962 per
1792 1904 1986 1962 portam

202 1982 432 2031 viridarii
460 1982 660 2046 quidam
692 1983 901 2030 rusticus
938 1982 1121 2030 ducens
1152 1981 1271 2029 duas
1288 1981 1538 2046 jumentas
1563 1980 1708 2045 lignis
1731 1985 1984 2040 oneratas;

201 2080 295 2128 que
317 2080 428 2112 cum
451 2070 615 2114 essent
639 2066 687 2112 in
716 2065 875 2129 platea
897 2082 936 2113 s,
975 2065 1125 2125 Petri,
1153 2068 1480 2113 accurrerunt.
1502 2064 1806 2128 stipendiarii
1835 2067 1984 2129 Pape,

202 2147 475 2196 inciderunt
506 2149 812 2214 singulorum
842 2149 1114 2213 pectoralia
1143 2154 1190 2197 et
1227 2149 1491 2212 gropperia
1519 2148 1790 2208 bastorum,
1822 2149 1988 2213 proje-

200 2237 370 2280 cerunt
397 2232 564 2281 hastos
592 2238 638 2281 et
671 2232 803 2297 ligna
825 2238 873 2281 et
909 2234 1154 2282 duxerunt
1182 2234 1431 2297 jumentas
1466 2232 1527 2280 ad
1553 2232 1683 2280 illam
1723 2232 1986 2296 plateolam

201 2331 294 2379 que
321 2319 393 2363 est
428 2316 554 2364 intra
588 2316 822 2380 palatium
853 2318 993 2380 juxta
1032 2317 1160 2365 illius
1195 2321 1410 2381 portam3
1443 2321 1557 2364 tunc
1590 2316 1755 2363 emissi
1795 2316 1989 2364 fuerunt

202 2402 413 2462 quatuor
432 2399 546 2462 equi
568 2400 770 2448 curserii
794 2400 936 2449 liberi
965 2401 1064 2448 suis
1088 2400 1236 2449 frenis
1260 2404 1308 2449 et
1333 2400 1569 2464 capestris
1596 2414 1654 2448 ex
1683 2399 1880 2463 palatio,
1907 2399 1987 2463 qui

204 2487 524 2530 accurrerunt
545 2484 606 2530 ad
634 2498 782 2546 equas
817 2490 864 2532 et
895 2484 1024 2532 inter
1055 2500 1105 2531 se
1144 2487 1402 2548 propterea
1432 2499 1543 2532 cum
1580 2499 1759 2547 magno
1783 2483 1988 2547 strepitu

205 2570 253 2612 et
275 2565 507 2625 clamore,
538 2566 783 2615 morsibus
808 2572 856 2615 et
886 2567 1064 2616 calceis
1092 2567 1473 2627 contendenteS,
1491 2567 1816 2616 ascenderunt
1838 2582 1987 2630 equas

205 2652 253 2697 et
274 2648 494 2696 coierunt
514 2664 626 2697 cum
654 2649 724 2697 eis
750 2654 797 2698 et
818 2666 901 2698 eas
931 2651 1142 2714 graviter
1163 2651 1406 2714 pistarunt
1432 2654 1480 2698 et
1501 2650 1733 2710 leserunt,
1767 2653 1900 2713 Papa
1939 2649 1988 2696 in

206 2731 420 2780 fenestra
441 2747 633 2781 camere
655 2749 806 2797 supra
830 2738 1019 2798 portam
1046 2734 1213 2798 palatii
1244 2738 1292 2782 et
1323 2733 1522 2782 domina
1546 2733 1775 2781 Lucretia
1796 2747 1907 2780 cum
1930 2748 1988 2780 eo

206 2815 462 2876 existente,
490 2832 601 2864 cum
619 2832 799 2881 magno
820 2817 922 2865 risu
938 2822 986 2866 et
1007 2817 1329 2866 delectatione
1350 2817 1594 2881 premissa
1611 2815 1885 2864 videntibus
1908 2815 1987 2881 (2).

272 2899 501 2955 sabbam,
530 2903 586 2949 13
615 2901 730 2950 dicti
750 2901 951 2961 mensiS,
987 2901 1134 2950 rediit
1156 2902 1217 2949 ad
1245 2901 1426 2950 Urbem
1447 2904 1615 2948 RmuS.
1642 2903 1698 2949 D.
1725 2899 1987 2948 cardinalis

208 2978 544 3032 salernitanus
568 2999 628 3032 ex
649 2984 894 3049 legatione
917 3001 1004 3034 sua
1024 2985 1244 3034 Marchie
1268 2985 1590 3034 Anconitane.

258 3145 291 3178 1.
309 3156 328 3177 «
405 3142 456 3180 La
475 3143 640 3182 Sanctita
662 3144 699 3180 di
718 3145 851 3182 Nostro
868 3145 1040 3193 Signore,
1061 3144 1123 3193 gia
1139 3148 1193 3181 tre
1211 3144 1247 3180 di
1267 3156 1286 3180 e
1308 3148 1404 3180 stata
1423 3143 1459 3179 in
1480 3155 1610 3192 reposo
1631 3155 1740 3180 sanza
1760 3143 1844 3180 noia
1862 3155 1882 3179 o
1903 3154 1990 3191 pare

210 3202 396 3250 audienza,
418 3215 481 3252 per
508 3204 628 3241 effersi
655 3209 782 3242 cavato
805 3217 876 3242 uno
901 3206 1010 3241 dente
1032 3208 1067 3240 et
1094 3204 1228 3241 havere
1249 3215 1371 3240 mosso
1390 3214 1494 3240 scesa
1522 3203 1581 3239 nel
1610 3214 1680 3239 uno
1706 3202 1779 3239 lato
1811 3202 1869 3239 del
1896 3202 1991 3246 viso,

210 3261 329 3298 donde
355 3261 381 3298 li
401 3263 575 3301 conviene
601 3267 696 3301 stare
715 3264 879 3310 fasciato,
909 3279 927 3298 »
955 3264 1103 3302 ccrivait:
1128 3264 1297 3300 l'orateur
1316 3263 1501 3309 florentin,
1531 3263 1731 3299 Franccsco
1753 3262 1795 3298 dc
1826 3262 1951 3310 Pcpis,
1971 3265 1992 3297 a

212 3319 246 3356 la
266 3320 486 3368 seigneurie,
508 3322 541 3359 le
552 3324 600 3359 26
616 3324 762 3361 octobre
785 3325 894 3362 1501.
916 3325 1046 3372 (Arch.
1067 3326 1224 3361 Florem.
1249 3323 1346 3359 Clas.
1368 3323 1416 3368 X,
1442 3322 1512 3359 Dit.
1530 3323 1576 3367 ΙΙ,
1596 3322 1688 3366 filza,
1709 3323 1769 3366 51,
1791 3333 1812 3356 a
1834 3333 1865 3357 c.
1891 3320 1990 3365 102.)

213 3378 306 3427 Voy.
328 3380 410 3427 plus
430 3381 533 3428 haut,
553 3382 587 3419 la
604 3383 762 3432 depeche
783 3384 832 3420 du
852 3387 981 3426 meme,
1002 3384 1106 3420 datee
1126 3384 1170 3420 de
1195 3383 1323 3427 Rome,
1345 3383 1367 3419 4
1387 3382 1582 3419 novembre
1603 3392 1689 3429 pag.
1715 3382 1794 3423 167,
1818 3384 1902 3415 note
1924 3379 1957 3414 1.

258 3439 293 3475 2.
322 3438 591 3478 L'observation
611 3443 655 3478 dc
673 3442 827 3490 Roscoe,
850 3443 942 3480 citee
967 3443 1273 3491 precedemment‚
1294 3454 1388 3490 page
1414 3443 1492 3485 168,
1510 3445 1594 3476 note
1615 3441 1649 3483 1,
1672 3437 1876 3486 s'applique
1898 3440 1988 3485 ega--

214 3497 346 3534 lement
365 3499 386 3533 a
405 3502 498 3536 cette
518 3503 638 3538 scene.
