2228 3938
338 363 384 397 80
941 363 961 399 J
964 361 1125 400 OHANN
1130 362 1173 399 IS
1207 359 1500 406 BURCHARDI,
1771 361 2001 408 [Septembre
2022 362 2112 403 1500]

339 467 465 510 retro
502 463 710 510 bancum
743 465 1134 528 presbyterorum
1170 465 1502 523 cardinalium,
1540 461 1708 510 ordine
1748 460 1929 510 debito.
1970 463 2110 518 Quod

338 546 500 593 videns
520 548 649 609 Papa
666 545 850 593 vocavit
871 562 949 595 me
971 551 1018 596 et
1038 548 1184 596 voluit
1213 549 1341 612 quod
1363 547 1473 596 novi
1501 544 1773 594 cardinales
1800 543 2021 592 venirent
2050 543 2111 592 ad

334 628 552 676 osculum
580 628 735 692 pedis,
767 645 937 677 manus
966 635 1014 679 et
1041 631 1140 679 oris
1172 631 1262 679 sui.
1296 630 1403 679 Dixi
1432 633 1559 693 Pape
1591 628 1721 691 quod
1755 642 1851 676 non
1881 627 2112 677 deberent

333 711 493 759 venire
525 711 616 759 nisi
646 716 756 776 post
786 713 1167 762 admonitionem
1194 730 1281 778 per
1311 713 1623 762 Sanctitatem
1659 726 1796 759 suam
1819 709 1887 758 eis
1909 709 2103 768 factam,

330 798 469 858 prout
491 794 540 842 in
561 796 888 844 ceremoniali.
921 799 1051 861 Papa
1074 797 1324 861 respondit
1355 813 1433 845 me
1463 812 1561 844 non
1589 795 1711 844 scire
1739 793 1852 858 quid
1873 793 2104 841 facerem.

330 878 572 941 Replicavi
601 894 680 927 me
701 880 824 928 bene
847 879 970 928 scire
1000 884 1047 928 et
1070 881 1305 930 hactenus
1327 882 1451 930 bene
1483 880 1655 928 fecisse
1693 883 1741 926 et
1774 876 2024 926 ordinasse
2058 878 2106 923 et

328 976 427 1010 non
463 977 570 1010 esse
610 962 753 1011 aliter
792 962 1035 1027 agendum
1067 964 1204 1029 juxta
1239 964 1460 1012 ordinem
1497 962 1807 1022 Pontificum,
1840 964 1889 1009 et
1920 975 1979 1008 ea
2009 975 2103 1023 que

332 1044 568 1093 Sanctitas
588 1061 676 1093 sua
702 1045 751 1093 in
773 1046 848 1094 die
876 1046 1102 1095 mercurii
1131 1047 1349 1111 proxime
1370 1046 1600 1110 preterita
1617 1045 1736 1094 mihi
1764 1042 2104 1099 commiserat;

332 1128 578 1193 subjunxit
610 1133 767 1193 Pape:
805 1151 826 1173 «
857 1131 924 1178 sic
953 1130 1203 1178 volumus!
1237 1149 1259 1174 »
1291 1129 1408 1178 Silui
1437 1132 1484 1177 et
1510 1129 1856 1193 obtemperavi.
1891 1130 2106 1176 Fuerunt

330 1217 584 1278 propterea
618 1229 787 1261 omnes
816 1214 922 1261 novi
953 1213 1221 1262 cardinales
1250 1229 1279 1261 a
1300 1215 1430 1277 Papa
1457 1213 1645 1276 accepti
1676 1212 1737 1260 ad
1764 1211 1982 1260 osculum
2011 1210 2106 1259 oris

330 1297 390 1343 ab
418 1297 638 1345 omnibus
667 1297 1012 1356 cardinalibus,
1046 1297 1420 1361 precedentibus
1448 1313 1531 1344 eos
1561 1296 1774 1344 Medices
1802 1299 1850 1344 et
1874 1293 2119 1343 Farnesio.

331 1379 410 1442 qui
449 1396 531 1428 eos
572 1380 717 1428 etiam
753 1380 922 1429 ultimo
959 1384 1278 1445 receperunt3
1317 1395 1487 1429 omnes
1514 1380 1625 1428 novi
1652 1378 1926 1427 cardinales
1961 1377 2105 1426 locati

332 1461 527 1510 fuerunt
553 1463 603 1510 in
623 1463 777 1512 banco
800 1463 1114 1512 diaconorum
1136 1463 1471 1523 cardinalium,
1498 1463 1609 1526 quia
1635 1463 1820 1511 bancus
1853 1461 2105 1525 presbyte-

333 1561 496 1593 rorum
514 1546 703 1609 plenus,
727 1546 948 1595 videlicet
970 1551 1078 1610 post
1098 1546 1399 1605 Farnesium,
1423 1545 1728 1605 Mutinensis,
1750 1544 1926 1594 deinde
1948 1546 2104 1608 Capu-

333 1628 598 1691 taquensis,
622 1629 966 1688 Salernitanus,
992 1629 1202 1692 Reginus
1225 1633 1272 1677 et
1293 1629 1461 1676 ultimo
1483 1628 1787 1677 Arborensis.

398 1712 582 1768 Quibus
614 1712 837 1760 omnibus
869 1728 978 1760 cum
1010 1712 1220 1775 antiquis
1252 1712 1552 1771 sedentibUS,
1581 1714 1635 1760 D.
1665 1709 1958 1775 Burgundus
1987 1725 2103 1772 pro-

329 1796 491 1859 posuit
520 1796 667 1844 aliam
698 1796 1117 1855 commissionem;
1151 1812 1248 1859 qua
1278 1796 1521 1859 expedita,
1557 1798 1784 1843 cantores
1811 1794 2102 1857 inceperunt

330 1879 408 1939 Te,
441 1880 619 1939 Deum,
653 1879 920 1938 laudamus,
955 1883 1003 1927 et
1034 1895 1202 1927 omnes
1234 1880 1509 1927 cardinales
1539 1881 1776 1927 venerunt
1807 1878 1868 1926 ad
1898 1891 2100 1941 parvam

328 1963 586 2025 capellam,
611 1963 823 2026 demptis
842 1963 1056 2011 Medices
1073 1965 1119 2010 et
1137 1963 1370 2010 Farnesio
1393 1963 1473 2025 qui
1499 1965 1784 2011 manserunt
1812 1977 1922 2010 cum
1946 1963 2095 2023 Papa.

326 2045 442 2093 Novi
469 2046 668 2094 fuerunt
694 2046 920 2094 associati
948 2047 1007 2093 ab
1033 2046 1216 2093 ultimis
1242 2062 1322 2095 sex
1348 2046 1669 2110 presbyteris,
1697 2046 1921 2094 videlicet
1945 2045 2100 2092 Arbo-

323 2128 481 2176 rensis
506 2145 594 2192 per
620 2129 867 2189 Ursinum,
903 2130 1115 2194 Reginus
1141 2146 1229 2194 per
1255 2129 1657 2188 Alexandrinum,
1691 2129 1983 2177 Cusentinus
2007 2144 2096 2191 per

321 2228 358 2259 S.
389 2212 574 2272 CruciS,
605 2213 944 2261 Salernitanus
969 2229 1057 2277 per
1082 2215 1399 2273 Gurcensem,
1434 2213 1819 2277 Caputaquensis
1845 2228 1933 2275 per
1956 2211 2096 2276 Agri-

319 2296 588 2359 gentinum,
629 2299 677 2344 et
715 2297 1004 2345 Mutinensis
1041 2313 1129 2360 per
1167 2300 1480 2360 Capuanum;
1522 2300 1569 2344 et
1604 2296 1714 2344 novi
1757 2297 1996 2344 venerunt
2032 2295 2093 2342 ad

317 2379 540 2427 dextram
572 2380 903 2443 antiquorum,
934 2381 1065 2444 quod
1090 2380 1178 2428 fuit
1207 2383 1354 2440 bene;
1386 2382 1470 2429 sed
1494 2380 1660 2428 nescio
1686 2380 1725 2427 si
1755 2381 1879 2428 bene
1909 2378 2091 2427 fuerint

317 2461 384 2509 sic
412 2463 647 2522 ordinati;
682 2479 781 2511 non
812 2463 926 2527 quia
957 2465 1103 2523 male,
1135 2465 1219 2512 sed
1245 2481 1306 2512 an
1330 2464 1617 2512 Mutinensis
1649 2463 1848 2511 ultimus
1872 2463 1931 2510 de
1954 2461 2091 2510 novis

314 2561 412 2592 non
438 2546 641 2594 deberet
673 2563 779 2595 esse
814 2563 924 2595 cum
957 2548 1150 2608 Ursino,
1181 2548 1564 2612 Caputaquensis
1595 2563 1706 2596 cum
1735 2545 2083 2604 Alexandrino,

316 2628 654 2677 Salernitanus
690 2646 801 2678 cum
828 2646 866 2678 s,
900 2630 1085 2689 Crucis,
1113 2632 1402 2679 Cusentinus
1433 2647 1544 2679 cum
1578 2633 1841 2688 Gurcense,
1875 2629 2087 2694 Reginus

315 2727 426 2758 cum
463 2712 782 2777 Agrigentino
820 2717 867 2762 et
902 2714 1197 2762 Arborensis
1235 2731 1346 2763 cum
1384 2715 1642 2778 Capuano‘?
1681 2716 1752 2761 lta
1789 2713 1903 2776 quia
1939 2713 2080 2770 bene,

313 2809 423 2841 cum
447 2799 592 2858 caput
617 2812 859 2844 novorum
885 2797 935 2856 in
961 2797 1069 2844 aliis
1094 2797 1265 2844 ultimo
1290 2798 1399 2845 loco
1426 2797 1643 2860 incipiat.

379 2879 430 2924 In
454 2878 644 2941 capella
668 2895 818 2942 parva
842 2880 1028 2942 antiqui
1054 2879 1278 2927 fecerunt
1294 2880 1548 2938 circulum,
1568 2880 1706 2943 cujus
1733 2881 1878 2942 caput
1902 2876 2083 2941 incepit

313 2975 341 3005 a
365 2975 518 3007 cornu
544 2961 749 3023 epistole
775 2962 944 3009 altaris
971 2963 1019 3009 in
1045 2978 1140 3025 quo
1166 2963 1299 3010 stetit
1321 2963 1669 3026 Neapolitanus
1694 2979 1703 3010 :
1732 2962 1841 3010 novi
1867 2963 2084 3025 prostra-

312 3046 485 3090 verunt
511 3059 560 3091 se
584 3059 670 3106 per
696 3046 904 3102 terram3
933 3045 1227 3092 Arborensis
1250 3061 1278 3092 a
1299 3061 1452 3093 cornu
1479 3045 1703 3108 predicti,
1731 3045 1791 3093 ad
1817 3044 1922 3107 ejus
1947 3042 2082 3090 sinis-

312 3128 438 3172 tram
464 3126 694 3190 Reginus,
724 3130 833 3190 post
857 3127 994 3175 illum
1019 3129 1324 3187 Cusentinus,
1356 3129 1709 3187 SalernitanuS‚
1742 3129 2081 3190 Caputaquen-

312 3208 394 3267 εἰς,
436 3209 606 3256 ultimo
649 3210 951 3258 Mutinensis.
985 3211 1142 3259 Finito
1180 3212 1244 3259 Te
1271 3212 1448 3272 Deum,
1482 3211 1830 3275 Neapolitanus
1868 3213 2000 3258 stans
2030 3209 2078 3256 in

312 3291 421 3338 loco
446 3292 669 3355 predicto
693 3308 864 3340 versus
890 3297 1163 3356 prostratos
1190 3295 1308 3343 dixit
1332 3296 1480 3343 Pater
1501 3298 1717 3342 nosteret
1741 3293 1835 3341 alia
1859 3295 2005 3357 prout
2029 3292 2078 3340 in

313 3375 662 3435 ceremoniali3
705 3376 880 3439 quibus
925 3377 1083 3436 dictis,
1131 3394 1300 3426 omnes
1337 3378 1611 3427 cardinales
1652 3379 1836 3426 reversi
1873 3380 1984 3425 sunt
2018 3376 2078 3424 ad

312 3459 489 3521 Papam
521 3459 695 3507 eodem
730 3459 900 3507 ordine
933 3477 1029 3523 quo
1059 3464 1311 3521 venerant,
1349 3465 1396 3510 et
1428 3461 1612 3525 antiqui
1643 3461 1914 3521 redierunt,
1950 3462 2079 3524 Papa
