<?xml version="1.0" encoding="UTF-8"?>
<!DOCTYPE html PUBLIC "-//W3C//DTD XHTML 1.0 Transitional//EN"
    "http://www.w3.org/TR/xhtml1/DTD/xhtml1-transitional.dtd">
<html xmlns="http://www.w3.org/1999/xhtml" xml:lang="en" lang="en">
 <head>
  <title>
</title>
<meta http-equiv="Content-Type" content="text/html;charset=utf-8" />
  <meta name='ocr-system' content='tesseract 3.04.00' />
  <meta name='ocr-capabilities' content='ocr_page ocr_carea ocr_par ocr_line ocrx_word'/>
</head>
<body>
  <div class='ocr_page' id='page_1' title='image "./diariumsivererum03burcuoft_0489.png"; bbox 0 0 2222 3918; ppageno 0'>
   <div class='ocr_carea' id='block_1_1' title="bbox 213 315 2000 374">
    <p class='ocr_par' dir='ltr' id='par_1_1' title="bbox 213 315 2000 374">
     <span class='ocr_line' id='line_1_1' title="bbox 213 315 2000 374; baseline 0.003 -9"><span class='ocrx_word' id='word_1_1' title='bbox 213 331 427 374; x_wconf 83' lang='lat' dir='ltr'>[Novembre</span> <span class='ocrx_word' id='word_1_2' title='bbox 452 333 545 373; x_wconf 83' lang='lat'>1505]</span> <span class='ocrx_word' id='word_1_3' title='bbox 660 331 830 369; x_wconf 86' lang='lat' dir='ltr'>RERUM</span> <span class='ocrx_word' id='word_1_4' title='bbox 864 331 1166 368; x_wconf 84' lang='lat' dir='ltr'><strong>URBANARUM</strong></span> <span class='ocrx_word' id='word_1_5' title='bbox 1193 331 1545 370; x_wconf 84' lang='lat' dir='ltr'><strong>COMMENTARII.</strong></span> <span class='ocrx_word' id='word_1_6' title='bbox 1895 315 1906 326; x_wconf 37' lang='lat' dir='ltr'><strong><em>s</em></strong></span> <span class='ocrx_word' id='word_1_7' title='bbox 1931 334 2000 370; x_wconf 75' lang='lat'>407</span> 
     </span>
    </p>
   </div>
   <div class='ocr_carea' id='block_1_2' title="bbox 200 433 2004 2835">
    <p class='ocr_par' dir='ltr' id='par_1_2' title="bbox 208 433 2004 1419">
     <span class='ocr_line' id='line_1_2' title="bbox 218 433 1998 487; baseline -0.001 -3"><span class='ocrx_word' id='word_1_8' title='bbox 218 450 462 484; x_wconf 90' lang='lat' dir='ltr'>consensu</span> <span class='ocrx_word' id='word_1_9' title='bbox 497 440 608 485; x_wconf 90' lang='lat' dir='ltr'>octo</span> <span class='ocrx_word' id='word_1_10' title='bbox 637 435 849 484; x_wconf 91' lang='lat' dir='ltr'>millibus</span> <span class='ocrx_word' id='word_1_11' title='bbox 880 434 1069 482; x_wconf 84' lang='lat' dir='ltr'>ducatis</span> <span class='ocrx_word' id='word_1_12' title='bbox 1099 437 1146 487; x_wconf 86' lang='lat' dir='ltr'>et</span> <span class='ocrx_word' id='word_1_13' title='bbox 1179 433 1480 482; x_wconf 88' lang='lat' dir='ltr'>fornimenta</span> <span class='ocrx_word' id='word_1_14' title='bbox 1507 434 1683 483; x_wconf 89' lang='lat' dir='ltr'>valoris</span> <span class='ocrx_word' id='word_1_15' title='bbox 1717 434 1865 483; x_wconf 88' lang='lat' dir='ltr'>trium</span> <span class='ocrx_word' id='word_1_16' title='bbox 1889 435 1998 483; x_wconf 91' lang='lat' dir='ltr'>mil-</span> 
     </span>
     <span class='ocr_line' id='line_1_3' title="bbox 216 517 1999 584; baseline 0 -17"><span class='ocrx_word' id='word_1_17' title='bbox 216 519 335 567; x_wconf 91' lang='lat' dir='ltr'>lium</span> <span class='ocrx_word' id='word_1_18' title='bbox 357 520 667 579; x_wconf 81' lang='lat' dir='ltr'>ducatorum,</span> <span class='ocrx_word' id='word_1_19' title='bbox 686 521 735 567; x_wconf 91' lang='lat' dir='ltr'>et</span> <span class='ocrx_word' id='word_1_20' title='bbox 753 534 840 582; x_wconf 94' lang='lat' dir='ltr'>pro</span> <span class='ocrx_word' id='word_1_21' title='bbox 858 517 1205 582; x_wconf 88' lang='lat' dir='ltr'>parafrenariis</span> <span class='ocrx_word' id='word_1_22' title='bbox 1225 517 1368 565; x_wconf 90' lang='lat' dir='ltr'>aliam</span> <span class='ocrx_word' id='word_1_23' title='bbox 1391 518 1589 566; x_wconf 90' lang='lat' dir='ltr'>domum</span> <span class='ocrx_word' id='word_1_24' title='bbox 1612 519 1896 584; x_wconf 81' lang='lat' dir='ltr'>contiguam</span> <span class='ocrx_word' id='word_1_25' title='bbox 1912 520 1999 567; x_wconf 83' lang='lat' dir='ltr'>do·</span> 
     </span>
     <span class='ocr_line' id='line_1_4' title="bbox 218 600 2000 666; baseline 0.001 -17"><span class='ocrx_word' id='word_1_26' title='bbox 218 602 316 650; x_wconf 91' lang='lat' dir='ltr'>mui</span> <span class='ocrx_word' id='word_1_27' title='bbox 331 602 566 662; x_wconf 90' lang='lat' dir='ltr'>Farnesii,</span> <span class='ocrx_word' id='word_1_28' title='bbox 586 602 862 651; x_wconf 86' lang='lat' dir='ltr'>estimatam</span> <span class='ocrx_word' id='word_1_29' title='bbox 883 604 936 650; x_wconf 86' lang='lat' dir='ltr'>ut</span> <span class='ocrx_word' id='word_1_30' title='bbox 957 616 1106 664; x_wconf 86' lang='lat' dir='ltr'>supra</span> <span class='ocrx_word' id='word_1_31' title='bbox 1123 600 1275 649; x_wconf 87' lang='lat' dir='ltr'>tribus</span> <span class='ocrx_word' id='word_1_32' title='bbox 1297 601 1509 649; x_wconf 90' lang='lat' dir='ltr'>millibus</span> <span class='ocrx_word' id='word_1_33' title='bbox 1530 602 1715 650; x_wconf 87' lang='lat' dir='ltr'>ducatis</span> <span class='ocrx_word' id='word_1_34' title='bbox 1731 606 2000 666; x_wconf 84' lang='lat' dir='ltr'>etquatuor</span> 
     </span>
     <span class='ocr_line' id='line_1_5' title="bbox 215 684 2000 748; baseline -0.001 -15"><span class='ocrx_word' id='word_1_35' title='bbox 215 684 429 733; x_wconf 91' lang='lat' dir='ltr'>millibus</span> <span class='ocrx_word' id='word_1_36' title='bbox 463 685 515 733; x_wconf 91' lang='lat' dir='ltr'>in</span> <span class='ocrx_word' id='word_1_37' title='bbox 546 685 670 744; x_wconf 79' lang='lat' dir='ltr'>aliis,</span> <span class='ocrx_word' id='word_1_38' title='bbox 707 686 756 733; x_wconf 87' lang='lat' dir='ltr'>et</span> <span class='ocrx_word' id='word_1_39' title='bbox 782 699 928 732; x_wconf 89' lang='lat' dir='ltr'>omne</span> <span class='ocrx_word' id='word_1_40' title='bbox 961 685 1042 748; x_wconf 89' lang='lat' dir='ltr'>jus</span> <span class='ocrx_word' id='word_1_41' title='bbox 1080 685 1210 747; x_wconf 93' lang='lat' dir='ltr'>quod</span> <span class='ocrx_word' id='word_1_42' title='bbox 1246 687 1303 733; x_wconf 89' lang='lat' dir='ltr'>D.</span> <span class='ocrx_word' id='word_1_43' title='bbox 1337 684 1460 732; x_wconf 85' lang='lat' dir='ltr'>Julie</span> <span class='ocrx_word' id='word_1_44' title='bbox 1489 684 1720 748; x_wconf 83' lang='lat' dir='ltr'>competit</span> <span class='ocrx_word' id='word_1_45' title='bbox 1748 685 1798 732; x_wconf 92' lang='lat' dir='ltr'>in</span> <span class='ocrx_word' id='word_1_46' title='bbox 1830 684 2000 733; x_wconf 90' lang='lat' dir='ltr'>castris</span> 
     </span>
     <span class='ocr_line' id='line_1_6' title="bbox 213 760 2001 831; baseline 0.001 -15"><span class='ocrx_word' id='word_1_47' title='bbox 213 768 523 828; x_wconf 78' lang='lat' dir='ltr'>Carboniani,</span> <span class='ocrx_word' id='word_1_48' title='bbox 544 767 824 827; x_wconf 90' lang='lat' dir='ltr'>Junianelli,</span> <span class='ocrx_word' id='word_1_49' title='bbox 850 771 897 817; x_wconf 87' lang='lat' dir='ltr'>et</span> <span class='ocrx_word' id='word_1_50' title='bbox 918 783 1116 817; x_wconf 92' lang='lat' dir='ltr'>omnem</span> <span class='ocrx_word' id='word_1_51' title='bbox 1136 767 1459 817; x_wconf 82' lang='lat' dir='ltr'>hereditatem</span> <span class='ocrx_word' id='word_1_52' title='bbox 1480 760 1737 831; x_wconf 87' lang='lat' dir='ltr'>paternam</span> <span class='ocrx_word' id='word_1_53' title='bbox 1759 772 1807 816; x_wconf 92' lang='lat' dir='ltr'>et</span> <span class='ocrx_word' id='word_1_54' title='bbox 1826 771 2001 817; x_wconf 81' lang='lat' dir='ltr'>mater-</span> 
     </span>
     <span class='ocr_line' id='line_1_7' title="bbox 211 851 1996 915; baseline 0 -15"><span class='ocrx_word' id='word_1_55' title='bbox 211 868 343 911; x_wconf 93' lang='lat' dir='ltr'>nam,</span> <span class='ocrx_word' id='word_1_56' title='bbox 369 852 473 901; x_wconf 89' lang='lat' dir='ltr'>sola</span> <span class='ocrx_word' id='word_1_57' title='bbox 495 853 608 901; x_wconf 88' lang='lat' dir='ltr'>dote</span> <span class='ocrx_word' id='word_1_58' title='bbox 631 855 882 901; x_wconf 80' lang='lat' dir='ltr'>reservata</span> <span class='ocrx_word' id='word_1_59' title='bbox 904 853 962 899; x_wconf 90' lang='lat' dir='ltr'>D.</span> <span class='ocrx_word' id='word_1_60' title='bbox 989 851 1132 911; x_wconf 90' lang='lat' dir='ltr'>Julie,</span> <span class='ocrx_word' id='word_1_61' title='bbox 1157 867 1214 900; x_wconf 89' lang='lat' dir='ltr'>ac</span> <span class='ocrx_word' id='word_1_62' title='bbox 1232 851 1400 915; x_wconf 83' lang='lat' dir='ltr'>paucis</span> <span class='ocrx_word' id='word_1_63' title='bbox 1428 851 1719 915; x_wconf 90' lang='lat' dir='ltr'>quibusdam</span> <span class='ocrx_word' id='word_1_64' title='bbox 1749 852 1856 900; x_wconf 90' lang='lat' dir='ltr'>aliis</span> <span class='ocrx_word' id='word_1_65' title='bbox 1887 867 1996 900; x_wconf 90' lang='lat' dir='ltr'>cum</span> 
     </span>
     <span class='ocr_line' id='line_1_8' title="bbox 214 934 2000 1000; baseline -0.001 -16"><span class='ocrx_word' id='word_1_66' title='bbox 214 935 615 1000; x_wconf 83' lang='lat' dir='ltr'>obligationibus3</span> <span class='ocrx_word' id='word_1_67' title='bbox 644 935 825 999; x_wconf 90' lang='lat' dir='ltr'>itaque,</span> <span class='ocrx_word' id='word_1_68' title='bbox 851 938 1189 983; x_wconf 88' lang='lat' dir='ltr'>consummato</span> <span class='ocrx_word' id='word_1_69' title='bbox 1218 934 1552 992; x_wconf 91' lang='lat' dir='ltr'>matrimonio,</span> <span class='ocrx_word' id='word_1_70' title='bbox 1589 937 1645 982; x_wconf 92' lang='lat' dir='ltr'>D.</span> <span class='ocrx_word' id='word_1_71' title='bbox 1682 935 1756 982; x_wconf 90' lang='lat'><strong>111.</strong></span> <span class='ocrx_word' id='word_1_72' title='bbox 1792 951 2000 999; x_wconf 92' lang='lat' dir='ltr'>sponsus</span> 
     </span>
     <span class='ocr_line' id='line_1_9' title="bbox 212 1018 2003 1084; baseline -0.001 -17"><span class='ocrx_word' id='word_1_73' title='bbox 212 1019 366 1083; x_wconf 84' lang='lat' dir='ltr'>possit</span> <span class='ocrx_word' id='word_1_74' title='bbox 390 1019 586 1084; x_wconf 88' lang='lat' dir='ltr'>propria</span> <span class='ocrx_word' id='word_1_75' title='bbox 614 1020 903 1068; x_wconf 87' lang='lat' dir='ltr'>auctoritate</span> <span class='ocrx_word' id='word_1_76' title='bbox 942 1034 1120 1083; x_wconf 84' lang='lat' dir='ltr'>capere</span> <span class='ocrx_word' id='word_1_77' title='bbox 1152 1018 1529 1084; x_wconf 90' lang='lat' dir='ltr'>possessionem.</span> <span class='ocrx_word' id='word_1_78' title='bbox 1559 1019 1663 1075; x_wconf 87' lang='lat' dir='ltr'>Quo</span> <span class='ocrx_word' id='word_1_79' title='bbox 1697 1018 1842 1077; x_wconf 86' lang='lat' dir='ltr'>facto,</span> <span class='ocrx_word' id='word_1_80' title='bbox 1872 1020 2003 1082; x_wconf 87' lang='lat' dir='ltr'>Papa</span> 
     </span>
     <span class='ocr_line' id='line_1_10' title="bbox 211 1102 2001 1166; baseline 0 -16"><span class='ocrx_word' id='word_1_81' title='bbox 211 1103 421 1152; x_wconf 84' lang='lat' dir='ltr'>surrexit</span> <span class='ocrx_word' id='word_1_82' title='bbox 445 1106 495 1151; x_wconf 87' lang='lat' dir='ltr'>et</span> <span class='ocrx_word' id='word_1_83' title='bbox 518 1103 715 1152; x_wconf 88' lang='lat' dir='ltr'>intravit</span> <span class='ocrx_word' id='word_1_84' title='bbox 737 1103 798 1151; x_wconf 88' lang='lat' dir='ltr'>ad</span> <span class='ocrx_word' id='word_1_85' title='bbox 833 1119 944 1151; x_wconf 89' lang='lat' dir='ltr'>suas</span> <span class='ocrx_word' id='word_1_86' title='bbox 985 1119 1207 1152; x_wconf 89' lang='lat' dir='ltr'>cameras</span> <span class='ocrx_word' id='word_1_87' title='bbox 1242 1119 1393 1152; x_wconf 88' lang='lat' dir='ltr'>novas</span> <span class='ocrx_word' id='word_1_88' title='bbox 1431 1102 1630 1158; x_wconf 85' lang='lat' dir='ltr'>ibidem,</span> <span class='ocrx_word' id='word_1_89' title='bbox 1671 1106 1720 1150; x_wconf 87' lang='lat' dir='ltr'>et</span> <span class='ocrx_word' id='word_1_90' title='bbox 1754 1106 1864 1166; x_wconf 87' lang='lat' dir='ltr'>post</span> <span class='ocrx_word' id='word_1_91' title='bbox 1889 1117 2001 1150; x_wconf 92' lang='lat' dir='ltr'>eum</span> 
     </span>
     <span class='ocr_line' id='line_1_11' title="bbox 209 1184 2003 1251; baseline -0.001 -18"><span class='ocrx_word' id='word_1_92' title='bbox 209 1186 498 1246; x_wconf 79' lang='lat' dir='ltr'>cardinalis3</span> <span class='ocrx_word' id='word_1_93' title='bbox 527 1202 706 1251; x_wconf 90' lang='lat' dir='ltr'>sponsa</span> <span class='ocrx_word' id='word_1_94' title='bbox 740 1202 854 1235; x_wconf 88' lang='lat' dir='ltr'>cum</span> <span class='ocrx_word' id='word_1_95' title='bbox 876 1190 1034 1236; x_wconf 85' lang='lat' dir='ltr'>matre</span> <span class='ocrx_word' id='word_1_96' title='bbox 1065 1189 1112 1235; x_wconf 89' lang='lat' dir='ltr'>et</span> <span class='ocrx_word' id='word_1_97' title='bbox 1134 1186 1356 1250; x_wconf 91' lang='lat' dir='ltr'>pluribus</span> <span class='ocrx_word' id='word_1_98' title='bbox 1382 1185 1490 1234; x_wconf 86' lang='lat' dir='ltr'>aliis</span> <span class='ocrx_word' id='word_1_99' title='bbox 1527 1185 1815 1233; x_wconf 90' lang='lat' dir='ltr'>mulieribus</span> <span class='ocrx_word' id='word_1_100' title='bbox 1847 1184 2003 1233; x_wconf 89' lang='lat' dir='ltr'>intro-</span> 
     </span>
     <span class='ocr_line' id='line_1_12' title="bbox 209 1268 2004 1335; baseline -0.002 -17"><span class='ocrx_word' id='word_1_101' title='bbox 209 1269 403 1319; x_wconf 85' lang='lat' dir='ltr'>ducitur</span> <span class='ocrx_word' id='word_1_102' title='bbox 431 1270 493 1319; x_wconf 89' lang='lat' dir='ltr'>ad</span> <span class='ocrx_word' id='word_1_103' title='bbox 515 1285 760 1335; x_wconf 84' lang='lat' dir='ltr'>cameram</span> <span class='ocrx_word' id='word_1_104' title='bbox 789 1269 1084 1320; x_wconf 79' lang='lat' dir='ltr'>thesaurarii</span> <span class='ocrx_word' id='word_1_105' title='bbox 1108 1272 1345 1319; x_wconf 86' lang='lat' dir='ltr'>cenatura</span> <span class='ocrx_word' id='word_1_106' title='bbox 1369 1269 1494 1318; x_wconf 87' lang='lat' dir='ltr'>hora</span> <span class='ocrx_word' id='word_1_107' title='bbox 1517 1268 1684 1317; x_wconf 91' lang='lat' dir='ltr'>debita</span> <span class='ocrx_word' id='word_1_108' title='bbox 1704 1283 1816 1317; x_wconf 91' lang='lat' dir='ltr'>cum</span> <span class='ocrx_word' id='word_1_109' title='bbox 1840 1268 2004 1316; x_wconf 92' lang='lat' dir='ltr'>Ponti-</span> 
     </span>
     <span class='ocr_line' id='line_1_13' title="bbox 208 1351 1996 1419; baseline -0.001 -18"><span class='ocrx_word' id='word_1_110' title='bbox 208 1353 323 1414; x_wconf 87' lang='lat' dir='ltr'>fice;</span> <span class='ocrx_word' id='word_1_111' title='bbox 343 1354 480 1403; x_wconf 90' lang='lat' dir='ltr'>circa</span> <span class='ocrx_word' id='word_1_112' title='bbox 500 1354 680 1404; x_wconf 90' lang='lat' dir='ltr'>horam</span> <span class='ocrx_word' id='word_1_113' title='bbox 701 1355 796 1404; x_wconf 91' lang='lat' dir='ltr'>hec</span> <span class='ocrx_word' id='word_1_114' title='bbox 817 1357 928 1404; x_wconf 87' lang='lat' dir='ltr'>acta</span> <span class='ocrx_word' id='word_1_115' title='bbox 948 1358 1060 1403; x_wconf 87' lang='lat' dir='ltr'>sunt</span> <span class='ocrx_word' id='word_1_116' title='bbox 1083 1359 1131 1403; x_wconf 88' lang='lat' dir='ltr'>et</span> <span class='ocrx_word' id='word_1_117' title='bbox 1156 1370 1247 1419; x_wconf 85' lang='lat' dir='ltr'>ego</span> <span class='ocrx_word' id='word_1_118' title='bbox 1269 1354 1395 1404; x_wconf 90' lang='lat' dir='ltr'>redii</span> <span class='ocrx_word' id='word_1_119' title='bbox 1420 1353 1482 1402; x_wconf 87' lang='lat' dir='ltr'>ad</span> <span class='ocrx_word' id='word_1_120' title='bbox 1507 1353 1706 1402; x_wconf 91' lang='lat' dir='ltr'>domum</span> <span class='ocrx_word' id='word_1_121' title='bbox 1733 1367 1894 1400; x_wconf 89' lang='lat' dir='ltr'>meam</span> <span class='ocrx_word' id='word_1_122' title='bbox 1917 1351 1996 1417; x_wconf 86' lang='lat'><strong>(1).</strong></span> 
     </span>
    </p>

    <p class='ocr_par' dir='ltr' id='par_1_3' title="bbox 207 1435 2000 1920">
     <span class='ocr_line' id='line_1_14' title="bbox 271 1435 2000 1502; baseline -0.001 -17"><span class='ocrx_word' id='word_1_123' title='bbox 271 1437 455 1497; x_wconf 78' lang='lat' dir='ltr'>MartiS‚</span> <span class='ocrx_word' id='word_1_124' title='bbox 478 1441 539 1487; x_wconf 79' lang='lat'>25</span> <span class='ocrx_word' id='word_1_125' title='bbox 560 1438 854 1498; x_wconf 84' lang='lat' dir='ltr'>novembriS,</span> <span class='ocrx_word' id='word_1_126' title='bbox 872 1438 1068 1487; x_wconf 87' lang='lat' dir='ltr'>intravit</span> <span class='ocrx_word' id='word_1_127' title='bbox 1090 1439 1270 1488; x_wconf 88' lang='lat' dir='ltr'>Urbem</span> <span class='ocrx_word' id='word_1_128' title='bbox 1291 1438 1490 1502; x_wconf 87' lang='lat' dir='ltr'>quidam</span> <span class='ocrx_word' id='word_1_129' title='bbox 1510 1440 1676 1486; x_wconf 87' lang='lat' dir='ltr'>orator</span> <span class='ocrx_word' id='word_1_130' title='bbox 1691 1435 2000 1484; x_wconf 88' lang='lat' dir='ltr'>Florentinus</span> 
     </span>
     <span class='ocr_line' id='line_1_15' title="bbox 207 1519 1999 1586; baseline -0.001 -17"><span class='ocrx_word' id='word_1_131' title='bbox 207 1520 290 1584; x_wconf 92' lang='lat' dir='ltr'>qui</span> <span class='ocrx_word' id='word_1_132' title='bbox 311 1524 544 1586; x_wconf 89' lang='lat' dir='ltr'>receptus</span> <span class='ocrx_word' id='word_1_133' title='bbox 566 1521 658 1570; x_wconf 86' lang='lat' dir='ltr'>fuit</span> <span class='ocrx_word' id='word_1_134' title='bbox 686 1522 747 1571; x_wconf 88' lang='lat' dir='ltr'>ab</span> <span class='ocrx_word' id='word_1_135' title='bbox 778 1522 988 1585; x_wconf 83' lang='lat' dir='ltr'>antiquis</span> <span class='ocrx_word' id='word_1_136' title='bbox 1009 1522 1335 1571; x_wconf 86' lang='lat' dir='ltr'>familiaribus</span> <span class='ocrx_word' id='word_1_137' title='bbox 1364 1520 1708 1579; x_wconf 86' lang='lat' dir='ltr'>cardinalium,</span> <span class='ocrx_word' id='word_1_138' title='bbox 1732 1519 1999 1568; x_wconf 90' lang='lat' dir='ltr'>amicorum</span> 
     </span>
     <span class='ocr_line' id='line_1_16' title="bbox 207 1602 1999 1669; baseline -0.001 -17"><span class='ocrx_word' id='word_1_139' title='bbox 207 1604 627 1664; x_wconf 88' lang='lat' dir='ltr'>Florentinorum,</span> <span class='ocrx_word' id='word_1_140' title='bbox 656 1609 705 1654; x_wconf 89' lang='lat' dir='ltr'>et</span> <span class='ocrx_word' id='word_1_141' title='bbox 728 1605 790 1654; x_wconf 90' lang='lat' dir='ltr'>ad</span> <span class='ocrx_word' id='word_1_142' title='bbox 813 1605 1012 1653; x_wconf 91' lang='lat' dir='ltr'>domum</span> <span class='ocrx_word' id='word_1_143' title='bbox 1037 1621 1125 1669; x_wconf 91' lang='lat' dir='ltr'>pro</span> <span class='ocrx_word' id='word_1_144' title='bbox 1150 1620 1209 1653; x_wconf 91' lang='lat' dir='ltr'>eo</span> <span class='ocrx_word' id='word_1_145' title='bbox 1237 1609 1455 1669; x_wconf 86' lang='lat' dir='ltr'>paratam</span> <span class='ocrx_word' id='word_1_146' title='bbox 1479 1603 1767 1653; x_wconf 84' lang='lat' dir='ltr'>associatus.</span> <span class='ocrx_word' id='word_1_147' title='bbox 1795 1605 1899 1652; x_wconf 92' lang='lat' dir='ltr'>Non</span> <span class='ocrx_word' id='word_1_148' title='bbox 1925 1602 1999 1650; x_wconf 92' lang='lat' dir='ltr'>in-</span> 
     </span>
     <span class='ocr_line' id='line_1_17' title="bbox 208 1686 1998 1752; baseline -0.001 -18"><span class='ocrx_word' id='word_1_149' title='bbox 208 1686 485 1736; x_wconf 87' lang='lat' dir='ltr'>terfuerunt</span> <span class='ocrx_word' id='word_1_150' title='bbox 510 1687 743 1752; x_wconf 83' lang='lat' dir='ltr'>magister</span> <span class='ocrx_word' id='word_1_151' title='bbox 771 1688 1164 1737; x_wconf 89' lang='lat' dir='ltr'>ceremoniarum</span> <span class='ocrx_word' id='word_1_152' title='bbox 1190 1704 1281 1737; x_wconf 89' lang='lat' dir='ltr'>nec</span> <span class='ocrx_word' id='word_1_153' title='bbox 1309 1688 1490 1737; x_wconf 89' lang='lat' dir='ltr'>familia</span> <span class='ocrx_word' id='word_1_154' title='bbox 1515 1690 1644 1751; x_wconf 89' lang='lat' dir='ltr'>Pape</span> <span class='ocrx_word' id='word_1_155' title='bbox 1671 1689 1754 1735; x_wconf 88' lang='lat' dir='ltr'>aut</span> <span class='ocrx_word' id='word_1_156' title='bbox 1781 1686 1998 1734; x_wconf 90' lang='lat' dir='ltr'>omnium</span> 
     </span>
     <span class='ocr_line' id='line_1_18' title="bbox 208 1755 1997 1836; baseline -0.001 -18"><span class='ocrx_word' id='word_1_157' title='bbox 208 1755 529 1818; x_wconf 81' lang='lat' dir='ltr'>cardinalium</span> <span class='ocrx_word' id='word_1_158' title='bbox 554 1771 669 1835; x_wconf 88' lang='lat' dir='ltr'>quia</span> <span class='ocrx_word' id='word_1_159' title='bbox 691 1773 824 1836; x_wconf 88' lang='lat' dir='ltr'>Papa</span> <span class='ocrx_word' id='word_1_160' title='bbox 844 1770 996 1820; x_wconf 88' lang='lat' dir='ltr'>noluit</span> <span class='ocrx_word' id='word_1_161' title='bbox 1022 1772 1092 1820; x_wconf 91' lang='lat' dir='ltr'>eis</span> <span class='ocrx_word' id='word_1_162' title='bbox 1124 1771 1355 1831; x_wconf 88' lang='lat' dir='ltr'>intimari,</span> <span class='ocrx_word' id='word_1_163' title='bbox 1396 1786 1553 1834; x_wconf 91' lang='lat' dir='ltr'>neque</span> <span class='ocrx_word' id='word_1_164' title='bbox 1592 1770 1723 1834; x_wconf 87' lang='lat' dir='ltr'>quod</span> <span class='ocrx_word' id='word_1_165' title='bbox 1755 1768 1997 1819; x_wconf 89' lang='lat' dir='ltr'>ordinarie</span> 
     </span>
     <span class='ocr_line' id='line_1_19' title="bbox 207 1853 1725 1920; baseline 0 -19"><span class='ocrx_word' id='word_1_166' title='bbox 207 1853 537 1918; x_wconf 88' lang='lat' dir='ltr'>reciperetur,</span> <span class='ocrx_word' id='word_1_167' title='bbox 563 1870 676 1903; x_wconf 91' lang='lat' dir='ltr'>cum</span> <span class='ocrx_word' id='word_1_168' title='bbox 698 1869 798 1903; x_wconf 92' lang='lat' dir='ltr'>non</span> <span class='ocrx_word' id='word_1_169' title='bbox 819 1855 1007 1904; x_wconf 88' lang='lat' dir='ltr'>veniret</span> <span class='ocrx_word' id='word_1_170' title='bbox 1029 1871 1116 1920; x_wconf 89' lang='lat' dir='ltr'>pro</span> <span class='ocrx_word' id='word_1_171' title='bbox 1142 1855 1422 1904; x_wconf 88' lang='lat' dir='ltr'>obedientia</span> <span class='ocrx_word' id='word_1_172' title='bbox 1442 1853 1725 1915; x_wconf 88' lang='lat' dir='ltr'>prestanda.</span> 
     </span>
    </p>

    <p class='ocr_par' dir='ltr' id='par_1_4' title="bbox 200 1937 1997 2336">
     <span class='ocr_line' id='line_1_20' title="bbox 269 1937 1991 2000; baseline -0.001 -14"><span class='ocrx_word' id='word_1_173' title='bbox 269 1938 521 1997; x_wconf 90' lang='lat' dir='ltr'>Mercurii,</span> <span class='ocrx_word' id='word_1_174' title='bbox 572 1941 634 1986; x_wconf 80' lang='lat'>26</span> <span class='ocrx_word' id='word_1_175' title='bbox 667 1938 966 1999; x_wconf 90' lang='lat' dir='ltr'>novembris,</span> <span class='ocrx_word' id='word_1_176' title='bbox 1024 1938 1409 1987; x_wconf 84' lang='lat' dir='ltr'>anniversarium</span> <span class='ocrx_word' id='word_1_177' title='bbox 1462 1937 1798 1986; x_wconf 83' lang='lat' dir='ltr'>coronationis</span> <span class='ocrx_word' id='word_1_178' title='bbox 1843 1938 1991 2000; x_wconf 88' lang='lat' dir='ltr'>Pape,</span> 
     </span>
     <span class='ocr_line' id='line_1_21' title="bbox 203 2020 1997 2087; baseline 0.001 -17"><span class='ocrx_word' id='word_1_179' title='bbox 203 2021 466 2070; x_wconf 89' lang='lat' dir='ltr'>cardinalis</span> <span class='ocrx_word' id='word_1_180' title='bbox 492 2022 814 2071; x_wconf 90' lang='lat' dir='ltr'>Bononiensis</span> <span class='ocrx_word' id='word_1_181' title='bbox 839 2023 1106 2072; x_wconf 87' lang='lat' dir='ltr'>celebravit</span> <span class='ocrx_word' id='word_1_182' title='bbox 1137 2023 1356 2083; x_wconf 89' lang='lat' dir='ltr'>missam,</span> <span class='ocrx_word' id='word_1_183' title='bbox 1394 2025 1524 2087; x_wconf 88' lang='lat' dir='ltr'>Papa</span> <span class='ocrx_word' id='word_1_184' title='bbox 1557 2026 1803 2087; x_wconf 85' lang='lat' dir='ltr'>presente,</span> <span class='ocrx_word' id='word_1_185' title='bbox 1838 2020 1889 2070; x_wconf 92' lang='lat' dir='ltr'>in</span> <span class='ocrx_word' id='word_1_186' title='bbox 1921 2037 1997 2072; x_wconf 89' lang='lat' dir='ltr'>ca-</span> 
     </span>
     <span class='ocr_line' id='line_1_22' title="bbox 201 2104 1995 2171; baseline 0.001 -17"><span class='ocrx_word' id='word_1_187' title='bbox 201 2104 353 2169; x_wconf 82' lang='lat' dir='ltr'>pella;</span> <span class='ocrx_word' id='word_1_188' title='bbox 394 2105 561 2154; x_wconf 89' lang='lat' dir='ltr'>omnia</span> <span class='ocrx_word' id='word_1_189' title='bbox 594 2121 734 2155; x_wconf 92' lang='lat' dir='ltr'>more</span> <span class='ocrx_word' id='word_1_190' title='bbox 769 2106 929 2155; x_wconf 90' lang='lat' dir='ltr'>solito.</span> <span class='ocrx_word' id='word_1_191' title='bbox 966 2109 1072 2155; x_wconf 93' lang='lat' dir='ltr'>Non</span> <span class='ocrx_word' id='word_1_192' title='bbox 1108 2106 1202 2155; x_wconf 85' lang='lat' dir='ltr'>fuit</span> <span class='ocrx_word' id='word_1_193' title='bbox 1237 2106 1367 2155; x_wconf 88' lang='lat' dir='ltr'>dicta</span> <span class='ocrx_word' id='word_1_194' title='bbox 1406 2121 1572 2171; x_wconf 88' lang='lat' dir='ltr'>prosa,</span> <span class='ocrx_word' id='word_1_195' title='bbox 1611 2107 1696 2154; x_wconf 91' lang='lat' dir='ltr'>sed</span> <span class='ocrx_word' id='word_1_196' title='bbox 1733 2109 1995 2171; x_wconf 87' lang='lat' dir='ltr'>antequam</span> 
     </span>
     <span class='ocr_line' id='line_1_23' title="bbox 202 2189 1995 2254; baseline 0.002 -18"><span class='ocrx_word' id='word_1_197' title='bbox 202 2190 334 2253; x_wconf 89' lang='lat' dir='ltr'>Papa</span> <span class='ocrx_word' id='word_1_198' title='bbox 375 2189 700 2239; x_wconf 88' lang='lat' dir='ltr'>descenderet</span> <span class='ocrx_word' id='word_1_199' title='bbox 739 2206 831 2254; x_wconf 88' lang='lat' dir='ltr'>pro</span> <span class='ocrx_word' id='word_1_200' title='bbox 865 2206 1007 2240; x_wconf 88' lang='lat' dir='ltr'>versu</span> <span class='ocrx_word' id='word_1_201' title='bbox 1042 2190 1234 2239; x_wconf 81' lang='lat' dir='ltr'>alleluia</span> <span class='ocrx_word' id='word_1_202' title='bbox 1270 2190 1331 2238; x_wconf 92' lang='lat' dir='ltr'>ad</span> <span class='ocrx_word' id='word_1_203' title='bbox 1366 2189 1713 2249; x_wconf 88' lang='lat' dir='ltr'>faldistorium,</span> <span class='ocrx_word' id='word_1_204' title='bbox 1758 2189 1995 2240; x_wconf 86' lang='lat' dir='ltr'>diaconus</span> 
     </span>
     <span class='ocr_line' id='line_1_24' title="bbox 200 2271 770 2336; baseline 0.005 -17"><span class='ocrx_word' id='word_1_205' title='bbox 200 2271 337 2336; x_wconf 85' lang='lat' dir='ltr'>petiit</span> <span class='ocrx_word' id='word_1_206' title='bbox 359 2272 770 2322; x_wconf 88' lang='lat' dir='ltr'>benedictionem.</span> 
     </span>
    </p>

    <p class='ocr_par' dir='ltr' id='par_1_5' title="bbox 202 2355 1993 2671">
     <span class='ocr_line' id='line_1_25' title="bbox 265 2355 1990 2421; baseline 0.002 -17"><span class='ocrx_word' id='word_1_207' title='bbox 265 2356 450 2404; x_wconf 89' lang='lat' dir='ltr'>Eadem</span> <span class='ocrx_word' id='word_1_208' title='bbox 465 2355 561 2416; x_wconf 92' lang='lat' dir='ltr'>die,</span> <span class='ocrx_word' id='word_1_209' title='bbox 587 2359 698 2421; x_wconf 89' lang='lat' dir='ltr'>post</span> <span class='ocrx_word' id='word_1_210' title='bbox 720 2357 899 2405; x_wconf 92' lang='lat' dir='ltr'>horam</span> <span class='ocrx_word' id='word_1_211' title='bbox 922 2372 1259 2421; x_wconf 88' lang='lat' dir='ltr'>vesperarum,</span> <span class='ocrx_word' id='word_1_212' title='bbox 1278 2361 1528 2421; x_wconf 83' lang='lat' dir='ltr'>portatum</span> <span class='ocrx_word' id='word_1_213' title='bbox 1552 2355 1641 2404; x_wconf 89' lang='lat' dir='ltr'>fuit</span> <span class='ocrx_word' id='word_1_214' title='bbox 1657 2371 1837 2421; x_wconf 92' lang='lat' dir='ltr'>corpus</span> <span class='ocrx_word' id='word_1_215' title='bbox 1863 2359 1990 2408; x_wconf 92' lang='lat' dir='ltr'>bone</span> 
     </span>
     <span class='ocr_line' id='line_1_26' title="bbox 202 2439 1993 2504; baseline 0.003 -18"><span class='ocrx_word' id='word_1_216' title='bbox 202 2439 442 2487; x_wconf 90' lang='lat' dir='ltr'>memorie</span> <span class='ocrx_word' id='word_1_217' title='bbox 483 2439 700 2503; x_wconf 91' lang='lat' dir='ltr'>episcopi</span> <span class='ocrx_word' id='word_1_218' title='bbox 735 2440 962 2488; x_wconf 89' lang='lat' dir='ltr'>Suessani</span> <span class='ocrx_word' id='word_1_219' title='bbox 1004 2439 1120 2504; x_wconf 84' lang='lat' dir='ltr'>(qui,</span> <span class='ocrx_word' id='word_1_220' title='bbox 1162 2444 1306 2488; x_wconf 87' lang='lat' dir='ltr'>nocte</span> <span class='ocrx_word' id='word_1_221' title='bbox 1340 2440 1598 2504; x_wconf 79' lang='lat' dir='ltr'>preterita,</span> <span class='ocrx_word' id='word_1_222' title='bbox 1646 2440 1775 2488; x_wconf 90' lang='lat' dir='ltr'>diem</span> <span class='ocrx_word' id='word_1_223' title='bbox 1821 2441 1993 2491; x_wconf 89' lang='lat' dir='ltr'>clausit</span> 
     </span>
     <span class='ocr_line' id='line_1_27' title="bbox 205 2520 1990 2586; baseline 0.002 -16"><span class='ocrx_word' id='word_1_224' title='bbox 205 2520 495 2586; x_wconf 85' lang='lat' dir='ltr'>extremum)</span> <span class='ocrx_word' id='word_1_225' title='bbox 535 2522 596 2569; x_wconf 89' lang='lat' dir='ltr'>ad</span> <span class='ocrx_word' id='word_1_226' title='bbox 637 2522 895 2570; x_wconf 89' lang='lat' dir='ltr'>ecclesiam</span> <span class='ocrx_word' id='word_1_227' title='bbox 929 2539 969 2570; x_wconf 91' lang='lat' dir='ltr'>s.</span> <span class='ocrx_word' id='word_1_228' title='bbox 1010 2522 1195 2570; x_wconf 90' lang='lat' dir='ltr'>Onufrii</span> <span class='ocrx_word' id='word_1_229' title='bbox 1239 2522 1594 2586; x_wconf 88' lang='lat' dir='ltr'>sepeliendum,</span> <span class='ocrx_word' id='word_1_230' title='bbox 1631 2523 1925 2572; x_wconf 90' lang='lat' dir='ltr'>associatum</span> <span class='ocrx_word' id='word_1_231' title='bbox 1961 2540 1990 2573; x_wconf 89' lang='lat' dir='ltr'>a</span> 
     </span>
     <span class='ocr_line' id='line_1_28' title="bbox 202 2604 1986 2671; baseline 0.002 -18"><span class='ocrx_word' id='word_1_232' title='bbox 202 2604 405 2671; x_wconf 85' lang='lat' dir='ltr'>prelatis</span> <span class='ocrx_word' id='word_1_233' title='bbox 421 2607 470 2654; x_wconf 90' lang='lat' dir='ltr'>et</span> <span class='ocrx_word' id='word_1_234' title='bbox 490 2604 809 2653; x_wconf 87' lang='lat' dir='ltr'>familiaribus</span> <span class='ocrx_word' id='word_1_235' title='bbox 825 2605 1098 2668; x_wconf 88' lang='lat' dir='ltr'>aliquorum</span> <span class='ocrx_word' id='word_1_236' title='bbox 1115 2605 1433 2653; x_wconf 88' lang='lat' dir='ltr'>cardinalium</span> <span class='ocrx_word' id='word_1_237' title='bbox 1452 2621 1462 2652; x_wconf 90' lang='lat'><strong>:</strong></span> <span class='ocrx_word' id='word_1_238' title='bbox 1487 2606 1765 2668; x_wconf 87' lang='lat' dir='ltr'>requiescat</span> <span class='ocrx_word' id='word_1_239' title='bbox 1778 2607 1827 2654; x_wconf 91' lang='lat' dir='ltr'>in</span> <span class='ocrx_word' id='word_1_240' title='bbox 1846 2623 1986 2670; x_wconf 89' lang='lat' dir='ltr'>pace.</span> 
     </span>
    </p>

    <p class='ocr_par' dir='ltr' id='par_1_6' title="bbox 201 2687 1990 2835">
     <span class='ocr_line' id='line_1_29' title="bbox 265 2687 1986 2752; baseline 0.001 -15"><span class='ocrx_word' id='word_1_241' title='bbox 265 2688 488 2747; x_wconf 85' lang='lat' dir='ltr'>Veneris,</span> <span class='ocrx_word' id='word_1_242' title='bbox 518 2691 578 2736; x_wconf 79' lang='lat'>28</span> <span class='ocrx_word' id='word_1_243' title='bbox 602 2687 898 2745; x_wconf 83' lang='lat' dir='ltr'>novembris,</span> <span class='ocrx_word' id='word_1_244' title='bbox 928 2687 1017 2735; x_wconf 89' lang='lat' dir='ltr'>fuit</span> <span class='ocrx_word' id='word_1_245' title='bbox 1041 2687 1381 2735; x_wconf 88' lang='lat' dir='ltr'>consistorium</span> <span class='ocrx_word' id='word_1_246' title='bbox 1416 2692 1681 2747; x_wconf 89' lang='lat' dir='ltr'>secretum,</span> <span class='ocrx_word' id='word_1_247' title='bbox 1709 2689 1758 2736; x_wconf 93' lang='lat' dir='ltr'>in</span> <span class='ocrx_word' id='word_1_248' title='bbox 1795 2705 1890 2752; x_wconf 91' lang='lat' dir='ltr'>quo</span> <span class='ocrx_word' id='word_1_249' title='bbox 1927 2693 1986 2738; x_wconf 89' lang='lat' dir='ltr'>D.</span> 
     </span>
     <span class='ocr_line' id='line_1_30' title="bbox 201 2770 1990 2835; baseline 0.001 -15"><span class='ocrx_word' id='word_1_250' title='bbox 201 2772 412 2821; x_wconf 86' lang='lat' dir='ltr'>Thomas</span> <span class='ocrx_word' id='word_1_251' title='bbox 458 2771 752 2821; x_wconf 87' lang='lat' dir='ltr'>Franciscus</span> <span class='ocrx_word' id='word_1_252' title='bbox 801 2771 1133 2829; x_wconf 84' lang='lat' dir='ltr'>Guastaferr0‚</span> <span class='ocrx_word' id='word_1_253' title='bbox 1175 2770 1499 2820; x_wconf 89' lang='lat' dir='ltr'>subdiaconus</span> <span class='ocrx_word' id='word_1_254' title='bbox 1541 2771 1854 2835; x_wconf 78' lang='lat' dir='ltr'>apostolicUS,</span> <span class='ocrx_word' id='word_1_255' title='bbox 1900 2773 1990 2823; x_wconf 84' lang='lat' dir='ltr'>fuit</span> 
     </span>
    </p>
   </div>
   <div class='ocr_carea' id='block_1_3' title="bbox 201 2920 1990 3506">
    <p class='ocr_par' dir='ltr' id='par_1_7' title="bbox 201 2920 1990 3506">
     <span class='ocr_line' id='line_1_31' title="bbox 250 2920 1990 2969; baseline 0.001 -12"><span class='ocrx_word' id='word_1_256' title='bbox 250 2922 284 2957; x_wconf 82' lang='lat'>1.</span> <span class='ocrx_word' id='word_1_257' title='bbox 314 2935 333 2955; x_wconf 90' lang='lat'>«</span> <span class='ocrx_word' id='word_1_258' title='bbox 420 2920 500 2966; x_wconf 89' lang='lat' dir='ltr'>Quo</span> <span class='ocrx_word' id='word_1_259' title='bbox 521 2921 629 2966; x_wconf 85' lang='lat' dir='ltr'>facto,</span> <span class='ocrx_word' id='word_1_260' title='bbox 648 2920 751 2969; x_wconf 83' lang='lat' dir='ltr'>Papa</span> <span class='ocrx_word' id='word_1_261' title='bbox 769 2921 922 2958; x_wconf 83' lang='lat' dir='ltr'>recessit</span> <span class='ocrx_word' id='word_1_262' title='bbox 941 2921 986 2958; x_wconf 83' lang='lat' dir='ltr'>ad</span> <span class='ocrx_word' id='word_1_263' title='bbox 1012 2933 1192 2959; x_wconf 89' lang='lat' dir='ltr'>cameram</span> <span class='ocrx_word' id='word_1_264' title='bbox 1215 2932 1318 2958; x_wconf 88' lang='lat' dir='ltr'>suam</span> <span class='ocrx_word' id='word_1_265' title='bbox 1346 2924 1382 2958; x_wconf 85' lang='lat' dir='ltr'>et</span> <span class='ocrx_word' id='word_1_266' title='bbox 1406 2932 1534 2958; x_wconf 88' lang='lat' dir='ltr'>omnes</span> <span class='ocrx_word' id='word_1_267' title='bbox 1562 2921 1730 2958; x_wconf 89' lang='lat' dir='ltr'>mulieres</span> <span class='ocrx_word' id='word_1_268' title='bbox 1756 2923 1879 2957; x_wconf 82' lang='lat' dir='ltr'>secute</span> <span class='ocrx_word' id='word_1_269' title='bbox 1900 2925 1990 2958; x_wconf 84' lang='lat' dir='ltr'>sunt</span> 
     </span>
     <span class='ocr_line' id='line_1_32' title="bbox 201 2979 1985 3030; baseline -0.001 -13"><span class='ocrx_word' id='word_1_270' title='bbox 201 2991 296 3027; x_wconf 90' lang='lat' dir='ltr'>eum,</span> <span class='ocrx_word' id='word_1_271' title='bbox 319 2983 356 3017; x_wconf 82' lang='lat' dir='ltr'>et</span> <span class='ocrx_word' id='word_1_272' title='bbox 374 2981 468 3018; x_wconf 84' lang='lat' dir='ltr'>facte</span> <span class='ocrx_word' id='word_1_273' title='bbox 490 2984 576 3018; x_wconf 87' lang='lat' dir='ltr'>sunt</span> <span class='ocrx_word' id='word_1_274' title='bbox 595 2980 724 3029; x_wconf 86' lang='lat' dir='ltr'>nuptie</span> <span class='ocrx_word' id='word_1_275' title='bbox 744 2983 780 3018; x_wconf 86' lang='lat' dir='ltr'>et</span> <span class='ocrx_word' id='word_1_276' title='bbox 793 2993 884 3018; x_wconf 85' lang='lat' dir='ltr'>cena</span> <span class='ocrx_word' id='word_1_277' title='bbox 897 2981 1069 3030; x_wconf 82' lang='lat' dir='ltr'>nuptialis</span> <span class='ocrx_word' id='word_1_278' title='bbox 1081 2982 1117 3018; x_wconf 91' lang='lat' dir='ltr'>in</span> <span class='ocrx_word' id='word_1_279' title='bbox 1134 2982 1260 3019; x_wconf 83' lang='lat' dir='ltr'>eadem</span> <span class='ocrx_word' id='word_1_280' title='bbox 1275 2993 1418 3019; x_wconf 86' lang='lat' dir='ltr'>camera</span> <span class='ocrx_word' id='word_1_281' title='bbox 1437 2981 1476 3017; x_wconf 89' lang='lat' dir='ltr'>in</span> <span class='ocrx_word' id='word_1_282' title='bbox 1496 2993 1569 3030; x_wconf 86' lang='lat' dir='ltr'>qua</span> <span class='ocrx_word' id='word_1_283' title='bbox 1589 2981 1690 3029; x_wconf 85' lang='lat' dir='ltr'>Papa</span> <span class='ocrx_word' id='word_1_284' title='bbox 1709 2981 1815 3017; x_wconf 81' lang='lat' dir='ltr'>etiam</span> <span class='ocrx_word' id='word_1_285' title='bbox 1830 2979 1985 3022; x_wconf 86' lang='lat' dir='ltr'>cenavit,</span> 
     </span>
     <span class='ocr_line' id='line_1_33' title="bbox 201 3040 1989 3091; baseline -0.001 -15"><span class='ocrx_word' id='word_1_286' title='bbox 201 3043 242 3077; x_wconf 90' lang='lat' dir='ltr'>ut</span> <span class='ocrx_word' id='word_1_287' title='bbox 260 3040 348 3077; x_wconf 90' lang='lat' dir='ltr'>mihi</span> <span class='ocrx_word' id='word_1_288' title='bbox 365 3040 585 3078; x_wconf 79' lang='lat' dir='ltr'>affirmatum</span> <span class='ocrx_word' id='word_1_289' title='bbox 614 3041 685 3078; x_wconf 80' lang='lat' dir='ltr'>fuit</span> <span class='ocrx_word' id='word_1_290' title='bbox 710 3040 763 3077; x_wconf 90' lang='lat' dir='ltr'>sic</span> <span class='ocrx_word' id='word_1_291' title='bbox 789 3040 922 3087; x_wconf 84' lang='lat' dir='ltr'>suisse3</span> <span class='ocrx_word' id='word_1_292' title='bbox 950 3042 1047 3090; x_wconf 88' lang='lat' dir='ltr'>quod</span> <span class='ocrx_word' id='word_1_293' title='bbox 1073 3053 1143 3090; x_wconf 85' lang='lat' dir='ltr'>ego</span> <span class='ocrx_word' id='word_1_294' title='bbox 1171 3053 1246 3079; x_wconf 92' lang='lat' dir='ltr'>non</span> <span class='ocrx_word' id='word_1_295' title='bbox 1271 3053 1424 3091; x_wconf 90' lang='lat' dir='ltr'>possum</span> <span class='ocrx_word' id='word_1_296' title='bbox 1453 3041 1615 3085; x_wconf 87' lang='lat' dir='ltr'>credere,</span> <span class='ocrx_word' id='word_1_297' title='bbox 1642 3040 1797 3077; x_wconf 85' lang='lat' dir='ltr'>maxime</span> <span class='ocrx_word' id='word_1_298' title='bbox 1820 3043 1989 3087; x_wconf 82' lang='lat' dir='ltr'>presente</span> 
     </span>
     <span class='ocr_line' id='line_1_34' title="bbox 202 3097 1989 3149; baseline -0.001 -14"><span class='ocrx_word' id='word_1_299' title='bbox 202 3098 375 3148; x_wconf 88' lang='lat' dir='ltr'>episcopo</span> <span class='ocrx_word' id='word_1_300' title='bbox 401 3101 544 3145; x_wconf 88' lang='lat' dir='ltr'>eodem,</span> <span class='ocrx_word' id='word_1_301' title='bbox 566 3101 667 3149; x_wconf 92' lang='lat' dir='ltr'>quod</span> <span class='ocrx_word' id='word_1_302' title='bbox 700 3100 804 3149; x_wconf 89' lang='lat' dir='ltr'>Papa</span> <span class='ocrx_word' id='word_1_303' title='bbox 832 3101 1067 3139; x_wconf 82' lang='lat' dir='ltr'>commederit</span> <span class='ocrx_word' id='word_1_304' title='bbox 1092 3101 1237 3149; x_wconf 90' lang='lat' dir='ltr'>publice</span> <span class='ocrx_word' id='word_1_305' title='bbox 1262 3101 1300 3137; x_wconf 90' lang='lat' dir='ltr'>in</span> <span class='ocrx_word' id='word_1_306' title='bbox 1324 3100 1404 3137; x_wconf 92' lang='lat' dir='ltr'>loco</span> <span class='ocrx_word' id='word_1_307' title='bbox 1429 3101 1494 3137; x_wconf 88' lang='lat' dir='ltr'>ubi</span> <span class='ocrx_word' id='word_1_308' title='bbox 1520 3100 1630 3137; x_wconf 85' lang='lat' dir='ltr'>etiam</span> <span class='ocrx_word' id='word_1_309' title='bbox 1655 3098 1825 3136; x_wconf 85' lang='lat' dir='ltr'>mulieres</span> <span class='ocrx_word' id='word_1_310' title='bbox 1846 3097 1989 3146; x_wconf 87' lang='lat' dir='ltr'>publice</span> 
     </span>
     <span class='ocr_line' id='line_1_35' title="bbox 202 3156 1987 3209; baseline -0.001 -15"><span class='ocrx_word' id='word_1_311' title='bbox 202 3159 479 3197; x_wconf 84' lang='lat' dir='ltr'>commederuut</span> <span class='ocrx_word' id='word_1_312' title='bbox 500 3172 509 3197; x_wconf 73' lang='grc' dir='ltr'>ε</span> <span class='ocrx_word' id='word_1_313' title='bbox 532 3159 563 3197; x_wconf 87' lang='lat' dir='ltr'>si</span> <span class='ocrx_word' id='word_1_314' title='bbox 581 3159 710 3208; x_wconf 84' lang='lat' dir='ltr'>regina</span> <span class='ocrx_word' id='word_1_315' title='bbox 741 3160 873 3198; x_wconf 84' lang='lat' dir='ltr'>fuisset</span> <span class='ocrx_word' id='word_1_316' title='bbox 897 3172 971 3197; x_wconf 92' lang='lat' dir='ltr'>non</span> <span class='ocrx_word' id='word_1_317' title='bbox 997 3161 1176 3209; x_wconf 86' lang='lat' dir='ltr'>potuisset</span> <span class='ocrx_word' id='word_1_318' title='bbox 1199 3172 1244 3197; x_wconf 86' lang='lat' dir='ltr'>ex</span> <span class='ocrx_word' id='word_1_319' title='bbox 1263 3161 1348 3209; x_wconf 88' lang='lat' dir='ltr'>jure</span> <span class='ocrx_word' id='word_1_320' title='bbox 1367 3163 1577 3198; x_wconf 88' lang='lat' dir='ltr'>nostrarum</span> <span class='ocrx_word' id='word_1_321' title='bbox 1595 3157 1894 3202; x_wconf 76' lang='lat' dir='ltr'>ceremoniarum,</span> <span class='ocrx_word' id='word_1_322' title='bbox 1914 3156 1987 3193; x_wconf 92' lang='lat' dir='ltr'>nisi</span> 
     </span>
     <span class='ocr_line' id='line_1_36' title="bbox 202 3214 1984 3269; baseline -0.001 -17"><span class='ocrx_word' id='word_1_323' title='bbox 202 3216 397 3266; x_wconf 88' lang='lat' dir='ltr'>episcopus</span> <span class='ocrx_word' id='word_1_324' title='bbox 417 3214 578 3256; x_wconf 76' lang='lat' dir='ltr'>Ortanus</span> <span class='ocrx_word' id='word_1_325' title='bbox 598 3231 697 3256; x_wconf 88' lang='lat' dir='ltr'>more</span> <span class='ocrx_word' id='word_1_326' title='bbox 717 3231 784 3256; x_wconf 91' lang='lat' dir='ltr'>suo</span> <span class='ocrx_word' id='word_1_327' title='bbox 804 3219 842 3256; x_wconf 93' lang='lat' dir='ltr'>in</span> <span class='ocrx_word' id='word_1_328' title='bbox 862 3216 1127 3269; x_wconf 86' lang='lat' dir='ltr'>corruptionem</span> <span class='ocrx_word' id='word_1_329' title='bbox 1149 3219 1448 3265; x_wconf 86' lang='lat' dir='ltr'>ceremoniarum,</span> <span class='ocrx_word' id='word_1_330' title='bbox 1463 3223 1504 3256; x_wconf 81' lang='lat' dir='ltr'>ut</span> <span class='ocrx_word' id='word_1_331' title='bbox 1525 3218 1618 3255; x_wconf 87' lang='lat' dir='ltr'>solet</span> <span class='ocrx_word' id='word_1_332' title='bbox 1634 3217 1849 3266; x_wconf 88' lang='lat' dir='ltr'>plerumque</span> <span class='ocrx_word' id='word_1_333' title='bbox 1860 3215 1984 3252; x_wconf 86' lang='lat' dir='ltr'>imme-</span> 
     </span>
     <span class='ocr_line' id='line_1_37' title="bbox 204 3277 1984 3328; baseline -0.001 -16"><span class='ocrx_word' id='word_1_334' title='bbox 204 3288 283 3313; x_wconf 92' lang='lat' dir='ltr'>mor</span> <span class='ocrx_word' id='word_1_335' title='bbox 302 3277 361 3313; x_wconf 89' lang='lat' dir='ltr'>sui</span> <span class='ocrx_word' id='word_1_336' title='bbox 381 3277 530 3315; x_wconf 87' lang='lat' dir='ltr'>honoris</span> <span class='ocrx_word' id='word_1_337' title='bbox 547 3283 585 3316; x_wconf 85' lang='lat' dir='ltr'>et</span> <span class='ocrx_word' id='word_1_338' title='bbox 599 3277 706 3315; x_wconf 82' lang='lat' dir='ltr'>alicui</span> <span class='ocrx_word' id='word_1_339' title='bbox 732 3279 923 3328; x_wconf 86' lang='lat' dir='ltr'>prodigus.</span> <span class='ocrx_word' id='word_1_340' title='bbox 952 3294 971 3313; x_wconf 91' lang='lat'>»</span> <span class='ocrx_word' id='word_1_341' title='bbox 994 3280 1036 3316; x_wconf 85' lang='lat' dir='ltr'>P.</span> <span class='ocrx_word' id='word_1_342' title='bbox 1066 3280 1111 3316; x_wconf 88' lang='lat' dir='ltr'>de</span> <span class='ocrx_word' id='word_1_343' title='bbox 1136 3279 1296 3323; x_wconf 83' lang='lat' dir='ltr'>Grassis,</span> <span class='ocrx_word' id='word_1_344' title='bbox 1325 3279 1351 3317; x_wconf 86' lang='lat' dir='ltr'>f.</span> <span class='ocrx_word' id='word_1_345' title='bbox 1379 3280 1463 3315; x_wconf 86' lang='grc'><strong>262.</strong></span> <span class='ocrx_word' id='word_1_346' title='bbox 1482 3291 1517 3315; x_wconf 89' lang='lat' dir='ltr'>v.</span> <span class='ocrx_word' id='word_1_347' title='bbox 1545 3293 1564 3312; x_wconf 75' lang='lat' dir='ltr'>u</span> <span class='ocrx_word' id='word_1_348' title='bbox 1651 3277 1806 3325; x_wconf 86' lang='lat' dir='ltr'>(norma)</span> <span class='ocrx_word' id='word_1_349' title='bbox 1825 3286 1984 3312; x_wconf 90' lang='lat' dir='ltr'>ceremo-</span> 
     </span>
     <span class='ocr_line' id='line_1_38' title="bbox 203 3334 1982 3387; baseline -0.002 -15"><span class='ocrx_word' id='word_1_350' title='bbox 203 3335 350 3372; x_wconf 87' lang='lat' dir='ltr'>niarum</span> <span class='ocrx_word' id='word_1_351' title='bbox 369 3341 622 3376; x_wconf 83' lang='lat' dir='ltr'>nostrarum...</span> <span class='ocrx_word' id='word_1_352' title='bbox 650 3350 823 3387; x_wconf 81' lang='lat' dir='ltr'>expresse</span> <span class='ocrx_word' id='word_1_353' title='bbox 855 3339 1052 3387; x_wconf 90' lang='lat' dir='ltr'>prohibent</span> <span class='ocrx_word' id='word_1_354' title='bbox 1078 3338 1248 3376; x_wconf 89' lang='lat' dir='ltr'>mulieres</span> <span class='ocrx_word' id='word_1_355' title='bbox 1275 3350 1357 3375; x_wconf 87' lang='lat' dir='ltr'>esse</span> <span class='ocrx_word' id='word_1_356' title='bbox 1382 3338 1419 3374; x_wconf 92' lang='lat' dir='ltr'>in</span> <span class='ocrx_word' id='word_1_357' title='bbox 1447 3336 1614 3374; x_wconf 90' lang='lat' dir='ltr'>convivio</span> <span class='ocrx_word' id='word_1_358' title='bbox 1646 3347 1733 3372; x_wconf 87' lang='lat' dir='ltr'>cum</span> <span class='ocrx_word' id='word_1_359' title='bbox 1759 3334 1943 3384; x_wconf 84' lang='lat' dir='ltr'>pontifice,</span> <span class='ocrx_word' id='word_1_360' title='bbox 1962 3349 1982 3369; x_wconf 74' lang='lat' dir='ltr'>n</span> 
     </span>
     <span class='ocr_line' id='line_1_39' title="bbox 208 3393 1985 3444; baseline -0.001 -13"><span class='ocrx_word' id='word_1_361' title='bbox 208 3394 307 3443; x_wconf 62' lang='lat' dir='ltr'>avait</span> <span class='ocrx_word' id='word_1_362' title='bbox 323 3395 413 3432; x_wconf 75' lang='lat' dir='ltr'>ecrit</span> <span class='ocrx_word' id='word_1_363' title='bbox 432 3395 619 3433; x_wconf 87' lang='lat' dir='ltr'>Burchard</span> <span class='ocrx_word' id='word_1_364' title='bbox 638 3397 672 3434; x_wconf 88' lang='lat' dir='ltr'>le</span> <span class='ocrx_word' id='word_1_365' title='bbox 693 3399 738 3434; x_wconf 88' lang='lat'>16</span> <span class='ocrx_word' id='word_1_366' title='bbox 758 3397 953 3435; x_wconf 87' lang='lat' dir='ltr'>novembre</span> <span class='ocrx_word' id='word_1_367' title='bbox 975 3399 1067 3435; x_wconf 78' lang='lat'>1488</span> <span class='ocrx_word' id='word_1_368' title='bbox 1087 3401 1108 3435; x_wconf 75' lang='lat' dir='ltr'>a</span> <span class='ocrx_word' id='word_1_369' title='bbox 1126 3397 1319 3435; x_wconf 84' lang='lat' dir='ltr'>l&#39;occasion</span> <span class='ocrx_word' id='word_1_370' title='bbox 1339 3397 1385 3433; x_wconf 89' lang='lat' dir='ltr'>du</span> <span class='ocrx_word' id='word_1_371' title='bbox 1408 3397 1568 3444; x_wconf 85' lang='lat' dir='ltr'>mariage</span> <span class='ocrx_word' id='word_1_372' title='bbox 1589 3396 1632 3433; x_wconf 91' lang='lat' dir='ltr'>de</span> <span class='ocrx_word' id='word_1_373' title='bbox 1652 3394 1892 3440; x_wconf 86' lang='lat' dir='ltr'>Theodorina,</span> <span class='ocrx_word' id='word_1_374' title='bbox 1912 3393 1985 3431; x_wconf 89' lang='lat' dir='ltr'>fille</span> 
     </span>
     <span class='ocr_line' id='line_1_40' title="bbox 208 3454 1395 3506; baseline 0.001 -15"><span class='ocrx_word' id='word_1_375' title='bbox 208 3454 424 3493; x_wconf 82' lang='lat' dir='ltr'>d&#39;Innocent</span> <span class='ocrx_word' id='word_1_376' title='bbox 441 3454 542 3501; x_wconf 87' lang='lat' dir='ltr'>VIII,</span> <span class='ocrx_word' id='word_1_377' title='bbox 563 3467 649 3492; x_wconf 87' lang='lat' dir='ltr'>avec</span> <span class='ocrx_word' id='word_1_378' title='bbox 670 3457 857 3494; x_wconf 86' lang='lat' dir='ltr'>Gherardo</span> <span class='ocrx_word' id='word_1_379' title='bbox 877 3456 1103 3503; x_wconf 87' lang='lat' dir='ltr'>Usodimare,</span> <span class='ocrx_word' id='word_1_380' title='bbox 1124 3462 1151 3495; x_wconf 83' lang='lat' dir='ltr'>t.</span> <span class='ocrx_word' id='word_1_381' title='bbox 1175 3458 1202 3503; x_wconf 82' lang='grc' dir='ltr'>Ι,</span> <span class='ocrx_word' id='word_1_382' title='bbox 1222 3469 1258 3506; x_wconf 92' lang='lat' dir='ltr'>p.</span> <span class='ocrx_word' id='word_1_383' title='bbox 1280 3457 1363 3493; x_wconf 89' lang='grc'><strong>323.</strong></span> <span class='ocrx_word' id='word_1_384' title='bbox 1391 3500 1395 3503; x_wconf 38' lang='grc'><em>,</em></span> 
     </span>
    </p>
   </div>
  </div>
 </body>
</html>
