2228 3938
248 370 295 404 66
852 364 1086 402 JOHANNIS
1119 364 1416 411 BURCHARDI,
1777 365 1912 406 [Juinet
1929 368 2023 408 1500]
2086 376 2094 388 ·

250 469 561 534 supercelum
595 483 732 515 more
776 470 1011 516 consueto
1053 472 1160 516 erat
1198 470 1468 516 extensum.
1510 470 1561 514 In
1600 467 1713 515 aula
1755 471 2020 533 superiori,

248 554 357 602 lesit
382 558 429 601 et
452 550 695 600 interfecit
723 553 822 599 tres
846 553 1101 615 personas,
1131 567 1224 615 que
1259 551 1402 599 simul
1434 566 1544 599 cum
1570 551 1714 599 ruina
1737 552 2022 602 ceciderunt

249 637 297 685 in
323 638 485 685 aulam
511 635 813 694 inferiorem,
843 650 1052 698 quarum
1078 652 1174 683 una
1199 635 1428 684 adstatim
1453 638 1651 684 mortua
1675 638 1766 696 est,
1796 635 1888 685 alie
1913 652 2027 701 per-

251 737 366 770 sone
405 720 496 768 due
534 723 728 768 mortue
767 721 878 766 sunt
915 722 1102 782 postea.
1137 722 1255 768 Cum
1294 722 1425 783 Papa
1461 718 1549 767 soli
1590 722 1733 767 erant
1770 723 1935 768 Rmus.
1966 722 2023 770 D.

249 804 511 854 cardinalis
549 807 806 867 Capuanus
839 805 887 851 et
920 804 977 850 D.
1010 804 1198 867 Gaspar
1232 805 1368 862 Poto,
1405 803 1735 851 cubicularius
1773 808 2024 863 secretus3

248 888 329 952 qui
354 888 570 936 videntes
595 890 789 950 tempus
816 886 939 934 adeo
968 886 1217 934 turbatum
1244 889 1291 934 et
1317 890 1514 934 ventum
1537 886 1766 951 frigidum
1788 903 1898 935 cum
1925 886 2029 952 plu-

246 972 322 1021 via
353 988 442 1036 per
472 971 714 1019 fenestras
750 969 911 1017 aulam
941 969 1150 1034 ingredi,
1189 969 1248 1017 de
1281 969 1627 1018 commissione
1668 973 1797 1034 Pape
1836 970 2028 1019 iverunt

245 1071 408 1105 versus
446 1055 563 1103 duas
598 1054 852 1113 fenestraS,
888 1068 1010 1100 unus
1047 1052 1107 1100 ad
1142 1068 1288 1100 unam
1331 1057 1378 1101 et
1419 1052 1541 1101 alius
1580 1053 1641 1102 ad
1679 1053 1821 1102 aliam
1859 1057 1908 1102 ut
1942 1070 2025 1102 eas

249 1139 564 1197 clauderent;
600 1137 676 1185 vix
711 1138 853 1184 erant
888 1134 937 1183 in
973 1135 1221 1194 fenestriS,
1256 1137 1304 1182 et
1341 1150 1455 1183 ecce
1489 1135 1663 1195 ruina;
1700 1136 1944 1185 saltarunt
1980 1134 2028 1185 in

247 1222 504 1281 fenestraS,
533 1220 582 1268 in
613 1219 787 1284 quibus
821 1218 989 1266 salvati
1026 1220 1138 1265 sunt
1166 1234 1175 1265 :
1204 1217 1422 1265 videntes
1453 1221 1617 1266 autem
1648 1218 1841 1267 ruinam
1865 1219 2031 1267 Ponti-

247 1305 351 1354 ficis
389 1304 555 1353 sedem
593 1302 996 1359 circumdedisse,
1031 1301 1372 1349 acclamarunt
1405 1301 1500 1348 illis
1537 1304 1733 1365 portam
1771 1301 1881 1350 aule
1915 1318 2030 1366 pre-

248 1387 376 1435 dicte
396 1381 788 1435 'custodientibus
815 1384 895 1447 qui
925 1384 985 1431 ad
1014 1387 1209 1447 portam
1237 1387 1379 1431 erant
1407 1402 1415 1431 :
1443 1383 1585 1447 Papa
1610 1387 1633 1432 ὲ
1652 1387 1827 1432 morto!
1846 1386 1988 1448 Papa
2009 1386 2032 1433 ἑ

248 1472 424 1518 morto!
450 1472 519 1517 De
554 1485 648 1532 quo
683 1468 785 1515 sine
819 1454 959 1514 mora
995 1467 1182 1515 clamor
1218 1466 1350 1515 venit
1389 1467 1450 1514 ad
1488 1467 1693 1527 Urbem;
1729 1466 2030 1515 accederunt.

248 1552 611 1617 quamprimum
643 1551 703 1598 ad
738 1550 904 1597 sedem
939 1551 1085 1612 Pape,
1120 1548 1490 1615 acclamantes:
1536 1570 1558 1594 «
1591 1552 1739 1598 Pater
1768 1551 1967 1598 Sancte!
2004 1570 2026 1594 >›

250 1639 381 1699 Papa
403 1650 502 1683 non
526 1632 801 1697 respondit,
832 1631 987 1695 magis
1015 1631 1166 1695 igitur
1192 1631 1492 1691 timuerunt;
1518 1631 1914 1695 approximantes
1942 1647 2029 1681 au-

250 1723 348 1767 tem
380 1735 430 1766 se
461 1720 609 1780 Pape,
640 1714 953 1779 reperierunt
983 1713 1032 1761 in
1065 1714 1180 1762 sede
1211 1713 1479 1775 sedentem,
1514 1729 1611 1762 non
1641 1718 1911 1774 mortuum,
1945 1714 2029 1764 sed

250 1805 407 1850 totum
438 1800 717 1858 attonitum,
753 1797 1060 1846 vulneratum
1098 1797 1147 1845 in
1185 1798 1345 1861 capite
1384 1798 1575 1846 duobus
1604 1798 1804 1859 ictibus3
1840 1797 1901 1846 ab
1933 1812 2030 1847 uno

249 1886 357 1935 loco
385 1884 523 1949 pellis
553 1886 661 1931 erat
693 1884 890 1945 aperta3
920 1881 969 1928 in
995 1880 1091 1928 alio
1123 1880 1232 1929 loco
1264 1882 1609 1945 conquassatio
1640 1885 1687 1930 et
1718 1884 1883 1931 tumor
1909 1885 1957 1930 et
1981 1882 2030 1930 in

250 1983 397 2016 manu
433 1967 651 2024 dextera,
688 1965 736 2012 in
775 1964 946 2027 digitio
976 1954 1148 2011 'medio
1187 1967 1234 2011 et
1270 1965 1497 2012 annulari
1531 1964 1670 2012 valde
1709 1966 1947 2030 graviter,
1982 1968 2030 2013 et

251 2051 400 2099 etiam
436 2065 612 2113 parum
650 2062 761 2095 cum
800 2062 896 2094 uno
933 2046 1067 2094 clavo
1104 2046 1154 2093 in
1190 2047 1396 2094 brachio
1434 2047 1657 2095 dextero.
1700 2050 2029 2095 Extraxerunt

252 2149 360 2182 eum
387 2133 445 2180 de
471 2132 585 2180 sede
610 2130 836 2194 predicta
860 2132 907 2177 et
932 2130 1176 2177 duxerunt
1207 2144 1318 2178 eum
1349 2145 1460 2178 cum
1493 2130 1592 2178 suis
1617 2130 1825 2193 pedibus
1857 2129 2029 2178 ambu-

251 2217 434 2265 lantem
471 2215 533 2264 ad
573 2228 821 2263 cameram
864 2213 1217 2276 proximiorem
1262 2213 1343 2261 ubi
1388 2213 1578 2277 positus
1620 2213 1670 2261 in
1708 2212 1823 2262 sede
1864 2214 2024 2273 bassa,

253 2298 580 2348 annuentibus
613 2297 713 2344 suis
743 2295 1043 2354 domesticiS,
1073 2285 1299 2343 adhibita
1332 2298 1443 2343 sunt
1473 2297 1695 2344 remedia
1725 2299 2027 2360 opportuna;

254 2386 302 2431 et
326 2381 610 2430 nunciatum
636 2382 709 2427 est
732 2379 792 2426 ad
819 2379 1002 2426 Urbem
1028 2378 1363 2427 cardinalibus
1390 2382 1437 2427 et
1469 2379 1578 2427 aliis
1603 2381 1732 2444 Pape
1757 2379 2029 2443 periculum

254 2466 452 2530 aliquod
488 2480 586 2513 non
619 2463 890 2511 imminere.
927 2462 1067 2511 Salus
1104 2465 1268 2510 autem
1305 2466 1434 2527 Pape
1466 2462 1558 2511 fuit
1588 2464 1717 2527 quod
1749 2461 1915 2511 trabes
1947 2460 2032 2511 illa

255 2549 430 2598 ultima
459 2564 551 2613 que
587 2550 736 2611 rupta
773 2549 845 2594 est
882 2546 932 2594 in
965 2545 1145 2607 medio,
1178 2545 1395 2595 habebat
1429 2547 1479 2594 in
1510 2547 1670 2611 capite
1703 2547 1862 2595 clavos
1894 2548 2032 2595 extra

254 2649 451 2683 murum
476 2632 670 2691 infixos,
695 2631 777 2694 qui
802 2630 938 2678 illam
964 2633 1156 2694 partem
1182 2647 1332 2695 supra
1355 2630 1520 2680 sedem
1546 2631 1796 2680 Pontificis
1819 2630 2032 2679 existen-

256 2721 354 2766 tem
392 2734 421 2765 a
453 2716 614 2780 capite
650 2715 700 2762 in
734 2730 876 2762 muro
915 2714 1113 2762 fortiter
1157 2717 1441 2775 tenuerunt,
1478 2714 1686 2778 ideoque
1724 2714 1890 2763 trabes
1925 2714 2033 2778 ipsa

256 2801 437 2850 mansit
465 2801 515 2848 in
546 2815 688 2848 muro
722 2801 769 2846 et
801 2797 903 2861 ejus
934 2798 1151 2846 medium
1177 2797 1307 2861 quod
1332 2801 1532 2862 ruptum
1563 2801 1670 2846 erat
1700 2795 1958 2846 declinavit
1982 2797 2031 2843 in

257 2890 443 2934 terram
468 2888 515 2933 et
541 2884 722 2932 factum
748 2885 821 2929 est
845 2884 974 2945 Pape
1000 2880 1350 2942 defensorium,
1380 2881 1448 2929 ita
1471 2879 1600 2945 quod
1625 2881 1790 2930 omnia
1814 2877 2031 2928 declina-

257 2972 369 3016 rent
395 2967 455 3016 ad
482 2967 699 3015 medium
727 2967 775 3013 et
798 2980 896 3013 non
920 2979 1087 3012 versus
1110 2965 1293 3028 Papam
1319 2963 1399 3030 (1).

325 3045 638 3108 LaurentiuS‚
673 3046 894 3097 marchio
925 3045 984 3095 de
1016 3045 1186 3107 Chisis,
1217 3047 1297 3110 qui
1331 3063 1390 3095 ex
1423 3061 1537 3095 casu
1560 3045 1776 3112 predicto
1806 3047 2031 3097 mortuus

260 3134 349 3191 est,
369 3132 459 3179 fuit
483 3132 531 3179 in
557 3147 701 3180 mane
721 3130 942 3195 sequenti
967 3146 995 3179 a
1019 3129 1204 3178 familia
1226 3130 1350 3178 Rmi.
1370 3132 1427 3179 D.
1453 3130 1715 3179 cardinalis
1737 3131 1964 3179 Senensis
1983 3134 2031 3179 et

259 3215 367 3264 aliis
398 3215 569 3263 amicis
595 3216 655 3263 ad
682 3215 935 3264 basilicam
960 3231 997 3262 s.
1030 3214 1159 3263 Petri
1185 3213 1455 3263 associatus
1481 3217 1529 3263 et
1552 3213 1734 3263 ibidem
1759 3215 1992 3279 sepultus.

323 3299 468 3348 Feria
496 3297 682 3362 quinta,
714 3302 740 3345 2
767 3299 948 3346 mensis
976 3298 1103 3362 julii,
1130 3298 1254 3346 festo
1284 3296 1575 3348 visitationis
1606 3299 1660 3346 B.
1687 3298 1841 3347 Mario
1869 3299 2030 3364 Virgi-

305 3426 337 3461 1.
363 3423 569 3461 Alexandre
590 3420 637 3460 Vl
658 3434 801 3471 envoya
822 3435 870 3459 un
890 3422 971 3460 bref
986 3426 1006 3460 a
1027 3435 1093 3460 son
1107 3422 1365 3460 ambassadeur
1385 3424 1406 3459 a
1424 3420 1574 3468 Venise,
1589 3420 1730 3471 Angelo
1750 3421 1916 3469 Leonini,
1935 3421 2043 3459 dans⁴

256 3484 373 3531 lequel
395 3484 417 3519 il
438 3483 486 3519 lui
506 3483 624 3519 donne
645 3486 728 3519 tous
748 3482 801 3519 les
822 3482 952 3519 details
975 3483 1019 3519 de
1040 3482 1232 3520 l'accident
1252 3481 1380 3530 auquel
1401 3481 1424 3518 il
1445 3482 1539 3519 avait
1558 3482 1732 3531 echappe.
1754 3481 1847 3530 Voy.
1871 3482 2026 3523 Sanuto,
