2228 3938
303 378 371 414 154-
914 377 1147 414 JOHANNIS
1181 377 1477 423 BURCHARDI,
1822 382 1956 421 [Juillet
1977 388 2069 428 1501]

302 494 420 528 zano
450 479 511 526 ad
549 479 891 527 Sermonetam
923 479 1069 528 etiam
1101 496 1212 528 cum
1247 480 1458 528 maxima
1490 480 1649 544 pluvia
1681 484 1730 530 et
1762 488 2064 548 tempestate.

303 564 386 610 SS.
414 564 469 610 D.
497 566 665 611 noster
685 578 989 622 recessurus,
1018 566 1069 611 ut
1092 564 1356 627 prefertur,
1385 565 1447 616 de
1472 565 1621 624 Urbe,
1646 567 1887 616 commisit
1911 583 2068 618 came-

301 661 409 692 ram
433 639 641 694 suam'et
664 648 819 694 totum
846 645 1081 709 palatium
1112 662 1167 695 ac
1196 647 1402 711 negocia
1429 648 1736 696 occurrentia
1762 651 1819 697 D.
1851 652 2071 701 Lucretie

301 725 398 774 filie
435 743 517 774 sue
555 727 981 798 qua-hujusmodi
1016 729 1234 777 absentia
1271 729 1493 788 durante,
1533 729 1817 779 inhabitavit
1850 749 2072 782 cameras

302 812 427 874 Pape
454 815 501 859 et
531 811 663 860 dedit
700 811 744 859 ei
777 811 1172 861 commissionem
1205 813 1456 876 aperiendi
1487 812 1677 861 litteras
1706 815 1960 865 Sanctitati
1986 833 2072 865 sue

299 893 510 942 directas
535 899 583 942 et
605 893 643 942 si
666 897 944 942 occurreret
965 893 1145 958 aliquid
1173 895 1327 955 ardui,
1350 896 1557 945 haberet
1582 896 1837 946 consilium
1862 899 1986 947 Rmi.
2011 902 2069 949 D.

297 976 558 1024 cardinalis
587 976 960 1041 Ulissiponensis
988 981 1034 1026 et
1065 976 1271 1026 aliorum
1299 977 1636 1038 cardinalium,
1665 995 1786 1043 quos
1813 987 2074 1046 propterea

299 1062 465 1123 posset
485 1060 546 1107 ad
567 1076 618 1108 se
642 1075 830 1107 vocare.
857 1061 1150 1110 Occurrente
1178 1060 1342 1109 nescio
1367 1076 1462 1123 quo
1491 1077 1622 1121 casu,
1648 1063 1753 1126 ipsa
1773 1066 1830 1112 D.
1858 1066 2075 1114 Lucretia

299 1143 475 1190 dicitur
498 1143 688 1191 misisse
720 1159 806 1207 pro
836 1146 975 1192 Rmo.
1014 1145 1069 1191 D.
1109 1143 1342 1191 cardinali
1376 1143 1753 1208 Ulissiponense,
1793 1148 2073 1211 exposuisse

299 1226 387 1274 sibi
434 1226 830 1275 commissionem
874 1229 1003 1290 Pape
1047 1229 1095 1275 et
1142 1242 1309 1275 casum
1354 1230 1693 1276 occurrentem
1717 1244 1727 1276 :
1774 1230 1948 1293 quibus
1989 1247 2076 1296 per

299 1311 492 1357 Rmum.
530 1312 588 1358 D.
629 1309 1041 1373 Ulissiponensem
1078 1309 1353 1369 intellectis,
1393 1325 1504 1358 cum
1537 1311 1627 1358 sibi
1659 1311 1904 1361 videretur
1935 1329 2075 1362 casus

298 1407 558 1440 occurrens
579 1407 677 1440 non
699 1408 804 1440 esse
827 1392 1032 1456 alicujus
1050 1391 1377 1456 importantie,
1403 1392 1522 1440 dixit
1546 1395 1601 1441 D.
1624 1395 1860 1455 Lucretie,
1883 1397 2074 1459 quando

299 1474 519 1523 Pontifex
546 1475 595 1523 in
617 1475 904 1524 consistorio
932 1475 1160 1539 proponit
1187 1475 1434 1535 materiaS,
1462 1491 1568 1525 esse
1594 1476 1661 1524 ibi
1690 1480 1746 1526 D.
1780 1478 2076 1528 vicecancel-

296 1557 470 1605 larium
490 1557 563 1605 vel
584 1573 670 1621 pro
693 1572 751 1605 eo
771 1557 918 1605 alium
941 1557 1239 1605 cardinalem
1262 1558 1556 1606 scribentem
1578 1561 1834 1623 proposita·
1847 1567 1895 1610 et
1915 1562 2077 1627 singu-

298 1640 453 1687 lorum
481 1643 617 1699 vota3
646 1643 876 1704 oportere
902 1643 1176 1704 propterea,
1207 1639 1354 1689 etiam
1383 1642 1639 1690 convenire
1666 1643 1797 1705 quod
1822 1643 2077 1693 interesset

300 1722 381 1786 qui
411 1723 539 1771 dicta
569 1727 789 1783 notaret3
826 1727 874 1771 et
907 1722 1157 1786 respondit
1187 1723 1412 1772 Lucretia
1448 1739 1498 1772 se
1532 1716 1657 1773 scire
1687 1725 1826 1773 bene·
1846 1726 2073 1776 scribere.

298 1807 618 1871 Interrogavit
652 1806 1056 1871 Ulissiponensis:
1092 1827 1114 1851 «
1160 1807 1250 1855 Ubi
1283 1810 1356 1855 est
1383 1823 1544 1872 penna
1571 1809 1762 1856 vestra?
1787 1828 1808 1852 »
1839 1807 2078 1858 intellexit

300 1890 525 1939 Lucretia
550 1890 809 1939 cardinalis
834 1895 1047 1939 mentem
1075 1895 1123 1939 et
1148 1891 1392 1939 facetiam.
1424 1891 1631 1940 Subrisit
1661 1895 1709 1940 et
1735 1892 2077 1942 concluserunt

302 1988 576 2022 sermonem
595 1990 737 2021 suum
759 1974 1115 2022 convenienter.
1142 1976 1209 2023 De
1230 1974 1305 2022 his
1323 1990 1420 2022 non
1440 1974 1507 2022 fui
1530 1990 1620 2039 ego
1641 1982 1856 2039 rogatus.

368 2056 656 2120 Supradicta
680 2057 774 2116 die,
794 2060 852 2105 27
866 2057 990 2121 julii,
1012 2058 1141 2105 circa
1165 2058 1337 2105 horam
1363 2056 1647 2121 vigesimam
1668 2073 1816 2105 unam
1844 2059 1964 2107 obiit
1986 2061 2076 2107 Lu-

303 2139 475 2198 cretia,
511 2139 612 2187 filia
639 2141 697 2187 D.
727 2139 959 2187 Johannis
988 2140 1208 2199 Brandis,
1239 2140 1505 2204 compatris
1533 2136 1648 2200 mei,
1675 2155 1768 2204 que
1795 2141 1967 2190 eodem
1997 2142 2073 2190 die

302 2238 410 2272 sero
434 2223 523 2271 suit
549 2223 738 2287 sepulta
760 2223 810 2270 in
836 2223 1041 2272 ecclesia
1063 2223 1315 2287 hospitalis
1339 2223 1510 2271 nostri.

362 2306 502 2355 Feria
527 2310 681 2366 sexta,
710 2310 769 2355 30
795 2306 908 2354 dicti
934 2307 1115 2355 mensis
1135 2307 1263 2371 julii,
1290 2306 1470 2355 lllmus.
1501 2307 1807 2368 Fredericus,
1840 2325 1923 2358 rex
1948 2312 2074 2359 Nea-

296 2389 558 2454 politanUS,
599 2389 678 2452 qui
711 2389 771 2437 ad
809 2394 1018 2452 quatuor
1050 2405 1245 2438 menses
1281 2389 1408 2438 circa
1443 2390 1597 2438 tenuit
1629 2391 1678 2438 in
1707 2392 1981 2440 carceribus
2014 2408 2073 2441 ex

287 2472 433 2520 certis
472 2470 631 2519 causis
668 2472 945 2536 principem
996 2472 1259 2537 Bisignani,
1299 2473 1502 2536 receptis
1545 2474 1606 2520 ab
1642 2474 1817 2522 eodem
1854 2475 2071 2539 principe

293 2554 526 2603 tredecim
545 2554 758 2602 millibus
785 2555 1091 2615 ducatorum,
1115 2556 1335 2605 liberavit
1356 2572 1466 2605 eum
1490 2555 1539 2604 in
1562 2556 1759 2604 nomine
1786 2557 1997 2606 Domini.

357 2637 497 2686 Feria
529 2641 712 2700 quarta,
740 2641 768 2685 4
792 2638 1000 2702 augusti,
1029 2641 1086 2687 D.
1110 2639 1172 2686 de
1201 2639 1373 2703 Ubigni
1395 2639 1675 2703 capitaneus
1702 2640 1920 2703 gentium
1944 2640 2070 2704 regis

292 2723 589 2769 Francorum
614 2736 725 2768 cum
754 2721 975 2784 gentibus
1006 2722 1104 2769 suis
1129 2722 1319 2769 intravit
1346 2722 1586 2771 civitatem
1615 2723 1983 2787 Neapolitanam
2011 2737 2070 2771 ex

292 2804 553 2852 concordia
579 2819 690 2853 cum
720 2820 833 2867 rege
865 2804 1122 2853 Frederico
1151 2805 1287 2865 inita,
1325 2810 1372 2854 et
1405 2805 1534 2853 idem
1562 2805 1843 2869 capitaneus
1870 2820 1929 2853 ex
1957 2819 2069 2852 con-

289 2886 454 2934 cordia
474 2886 755 2950 hujusmodi
777 2887 943 2935 habuit
965 2888 1128 2936 omnia
1148 2892 1306 2936 castra
1326 2887 1526 2951 Neapoli
1553 2886 1809 2935 existentia
1830 2885 1925 2933 hac
1950 2902 2067 2934 con-

289 2969 469 3017 ditione
505 2970 633 3032 quod
670 2986 752 3018 rex
791 2970 1075 3019 Fredericus
1115 2970 1289 3018 debeat
1328 2969 1541 3017 residere
1570 2969 1630 3016 in
1668 2967 1840 3027 Ischia,
1890 2968 1952 3021 ad
1986 2984 2069 3017 sex

291 3067 501 3110 menseS,
530 3056 577 3099 et
599 3052 638 3099 si
663 3053 853 3101 interim
881 3053 1058 3102 habeat
1080 3052 1347 3101 subsidium
1368 3052 1587 3116 alicujus,
1613 3050 1743 3114 quod
1768 3050 1911 3099 liceat
1932 3055 2064 3111 tunc,

293 3138 339 3182 et
359 3134 403 3182 vi
426 3139 472 3182 et
494 3134 640 3182 armis
662 3151 712 3182 se
736 3135 1014 3195 defendere,
1040 3139 1088 3184 et
1105 3136 1235 3199 quod
1253 3135 1403 3199 possit
1422 3133 1613 3182 interim
1635 3137 1887 3198 exportare
1907 3133 2069 3182 omnia

295 3218 423 3265 bona
460 3233 564 3277 sua,
597 3233 900 3281 quecumque
939 3219 1050 3278 sint,
1091 3218 1297 3282 demptis
1331 3217 1562 3265 artiliaria
1597 3222 1645 3265 et
1686 3216 1972 3265 victualibus
2008 3217 2067 3265 de

294 3300 512 3363 Neapoli,
548 3304 597 3348 et
632 3300 809 3348 ducere
842 3301 1051 3348 Ischiam
1083 3301 1157 3348 vel
1188 3317 1282 3364 quo
1313 3300 1466 3364 magis
1503 3299 1592 3348 sibi
1626 3299 1886 3364 placuerit;
1923 3303 1971 3348 et
2004 3300 2062 3358 si,

296 3381 472 3444 elapsis
493 3381 633 3429 dictis
657 3398 740 3430 sex
761 3382 1026 3443 mensibus,
1051 3398 1147 3430 non
1174 3382 1397 3431 habuerit
1426 3381 1693 3430 subsidium
1716 3386 2061 3446 opportunum,

298 3467 411 3510 tunc
434 3463 535 3526 ipse
560 3479 645 3511 rex
667 3467 893 3512 teneatur
913 3464 1158 3527 resignare
1188 3464 1337 3511 libere
1363 3463 1569 3512 Ischiam
1599 3469 1646 3512 et
1672 3464 1924 3512 Salernum
1953 3478 2064 3526 pre-
