2228 3938
0 3429 6 3436 *
0 3408 3 3416 ‘⁷
0 3391 4 3394 '
0 2895 19 3357 “””-’μ“ΡΜἍ,νὟ’-ἿΜὟ”“Ξ’
0 2870 4 2881 “

148 351 315 391 [Octobre
339 352 432 390 1503]
609 350 778 387 RERUM
813 349 1112 386 URBANARUM
1138 350 1487 387 COMMENTARH.
1864 352 1934 387 285

151 453 409 502 ecclesiam
431 469 469 500 s,
501 452 620 501 Celsi
645 457 692 500 et
714 451 912 499 diversis
931 450 1035 498 aliis
1058 451 1177 498 locis
1201 467 1287 514 per
1306 452 1486 499 Urbem
1508 452 1657 499 etiam
1682 452 1731 498 in
1753 454 1933 514 Campo

131 528 290 585 ‘Flore
328 536 457 599 quod
493 551 662 583 omnes
696 534 867 582 vassali
900 541 947 581 et
979 533 1158 582 subditi
1199 535 1483 582 eorumdem
1519 531 1728 598 regis'et
1766 535 1929 598 regine

150 620 223 668 vel
252 620 311 667 ad
342 635 514 666 eorum
549 617 876 666 obedientiam
910 618 1078 680 quovis
1116 618 1261 665 modo
1289 622 1585 682 spectantur,
1632 618 1842 678 debeant
1862 618 1931 665 ire

151 703 211 750 ad
232 718 467 766 magnum
496 702 810 765 Capitaneum
834 716 945 748 cum
968 716 1026 748 eo
1063 702 1338 764 pugnaturi,
1364 700 1445 764 qui
1467 700 1536 747 eis
1559 700 1692 748 dabit
1714 700 1929 757 soldum,

150 786 249 848 qui,
274 785 367 832 nisi
388 784 609 842 fecerint,
644 784 806 830 omnia
826 799 995 830 eorum
1019 783 1163 837 bona,
1200 784 1432 841 filiorum,
1461 784 1933 848 consanguineorum

153 868 572 932 proscriberentur
593 873 638 914 et
665 867 894 914 continuo
916 867 1224 930 punirentur.

217 953 303 998 Die
326 951 584 1007 dominica,
615 954 670 997 15
696 950 926 1007 octobris,
952 951 1082 997 circa
1101 950 1273 998 horam
1301 951 1505 1014 prandii,
1535 950 1630 997 dux
1652 950 1935 998 Valentinus

154 1035 356 1082 recessit
385 1050 445 1081 ex
472 1034 596 1081 Urbe
629 1049 738 1080 cum
772 1033 906 1080 omni
932 1038 1075 1096 gente
1111 1050 1198 1080 sua
1230 1049 1318 1097 per
1351 1038 1540 1097 portam
1574 1033 1825 1091 Viridarii,
1850 1034 1937 1080 fin-

156 1133 275 1182 gens
320 1133 370 1163 se
408 1117 588 1164 iturum
611 1117 724 1164 alibi
768 1120 820 1164 ut
866 1123 1181 1179 cognosceret
1229 1134 1425 1164 suorum
1464 1117 1679 1180 equitum
1719 1116 1933 1163 animum

159 1216 312 1263 usque
341 1200 401 1247 ad
431 1202 753 1248 Lazarettum.
790 1200 950 1262 Aliqui
987 1216 1045 1247 ex
1067 1201 1137 1247 eis
1171 1203 1581 1255 retrocesserunt,
1619 1205 1665 1247 et
1699 1200 1855 1247 Ursini
1887 1200 1932 1246 id

160 1283 486 1345 intelligentes
527 1283 749 1331 exierunt
785 1300 872 1346 per
910 1288 1102 1346 portam
1142 1300 1181 1330 s.
1226 1284 1483 1341 Pancratii,
1526 1288 1574 1331 et
1618 1282 1934 1346 precedentes

160 1367 338 1416 ducem
363 1374 595 1416 venerunt
613 1368 657 1415 ei
680 1368 886 1415 obviam.
917 1370 1022 1414 Dux
1046 1367 1202 1415 timuit
1236 1373 1280 1414 et
1313 1367 1459 1415 rediit
1480 1367 1540 1414 ad
1572 1366 1750 1415 Urbem
1772 1363 1939 1428 inXpa-

159 1451 276 1499 latio
307 1451 385 1498 ubi
420 1454 645 1514 receptus
682 1451 771 1498 fuit
805 1450 852 1497 in
879 1466 1078 1498 camera
1117 1450 1378 1498 cardinalis
1423 1449 1847 1513 Rothomagensis,
1894 1453 1940 1495 et

163 1539 333 1598 gentes
357 1550 443 1582 sue
466 1538 805 1582 remanserunt
827 1533 872 1579 in
899 1533 1061 1596 platea
1086 1550 1123 1580 s.
1158 1534 1304 1590 Petri,
1326 1534 1656 1580 custodientes
1686 1532 1938 1595 palatium.

166 1617 326 1664 Ursini
348 1618 717 1664 combusserunt
736 1621 924 1680 portam
946 1617 1211 1664 Turrionis.
1238 1619 1360 1674 Dux,
1381 1631 1466 1679 pro
1488 1615 1659 1680 majori
1682 1615 1942 1663 securitate

164 1715 267 1757 sua,
294 1700 468 1748 ductus
506 1700 593 1747 fuit
628 1716 714 1762 per
746 1699 1054 1747 curritorium
1090 1699 1293 1746 inferius
1331 1700 1391 1746 ad
1423 1703 1637 1747 castrum
1674 1707 1712 1745 s.
1745 1697 1937 1761 Angeli,
1987 1732 1997 1737 -

164 1782 429 1830 associatus
457 1799 485 1830 a
515 1783 841 1830 cardinalibus
876 1782 1158 1840 Arborensi‚
1199 1782 1522 1840 Salernitano,
1563 1780 1851 1829 Surrentino
1895 1782 1944 1826 et

166 1865 341 1928 Borgia
371 1869 419 1912 et.
450 1867 645 1913 tandem
678 1882 766 1929 per
797 1866 1066 1923 castellum,
1100 1865 1158 1913 de
1186 1866 1416 1913 mandato
1454 1867 1602 1927 Pape,
1635 1863 1942 1911 intromissus

163 1962 272 1995 cum
315 1948 502 1996 duobus
540 1949 798 1996 infantibus
824 1954 871 1996 et
910 1953 1117 2010 quatuor
1150 1948 1486 2017 servitoribus,
1519 1951 1568 1995 et
1606 1962 1716 1994 cum
1755 1947 1943 1994 duobus

164 2033 349 2077 tantum
378 2031 688 2079 servitoribus
722 2032 907 2094 positus
942 2038 1012 2078 est
1036 2032 1097 2078 ad
1131 2035 1344 2079 castrum
1377 2031 1624 2094 superius,
1660 2045 1746 2093 pro
1770 2029 1943 2093 majori

164 2114 426 2162 securitate
467 2115 734 2173 castellani,
781 2115 886 2162 aliis
927 2115 1075 2162 etiam
1115 2115 1356 2172 remissis;
1390 2119 1438 2162 et
1471 2114 1568 2161 filie
1613 2129 1699 2161 sue
1749 2113 1946 2161 fuerunt

164 2197 310 2243 etiam
337 2197 479 2246 ducte
502 2198 563 2246 ad
585 2205 795 2246 castrum
818 2199 1090 2262 predictum
1113 2214 1201 2261 per
1222 2198 1349 2245 illius
1367 2203 1572 2261 portam.
1831 2262 1836 2266 ι

232 2282 318 2329 Die
348 2281 535 2341 martis,
575 2286 629 2329 17
663 2282 894 2340 octobris,
938 2285 1070 2344 Papa
1107 2282 1155 2328 in
1192 2298 1335 2329 mane
1376 2281 1463 2329 fuit
1501 2282 1890 2329 communicatus
1918 2296 1946 2327 a

165 2363 446 2411 confessore
476 2380 581 2422 suo,
618 2369 667 2412 et
697 2365 743 2411 in
780 2368 924 2412 nocte
955 2364 1176 2426 sequenti
1211 2364 1301 2411 sibi
1330 2365 1443 2411 data
1464 2370 1686 2411 extrema
1715 2363 1944 2410 unctione

166 2461 253 2508 per
279 2447 523 2494 eumdem.
562 2448 698 2495 Circa
719 2447 960 2494 decimam
983 2447 1152 2493 horam
1181 2447 1335 2495 noctis
1366 2447 1527 2494 emisit
1545 2446 1783 2511 spiritum,
1808 2445 1946 2508 cujus

168 2528 330 2575 anima
350 2530 620 2592 requiescat
643 2531 690 2576 in
711 2546 833 2593 pace
855 2530 940 2594 (1)!

236 2611 318 2658 Fui
341 2612 502 2658 statim
524 2616 721 2660 vocatus
735 2628 823 2675 per
837 2613 1210 2676 parafrenarios,
1232 2613 1338 2659 veni
1362 2612 1424 2659 ad
1446 2611 1694 2674 palatium.
1716 2614 1846 2674 Papa
1865 2611 1951 2658 fuit

169 2693 312 2751 lotus,
336 2699 536 2757 paratus
555 2695 768 2742 vestibus
787 2699 834 2742 et
859 2695 970 2743 inde
996 2698 1212 2758 portatus
1234 2695 1292 2741 ad
1314 2694 1663 2741 anticameram
1690 2708 1846 2750 suam,
1871 2692 1952 2739 ubi

170 2792 317 2840 supra
337 2776 517 2825 lectum
539 2778 714 2826 velluto
738 2778 872 2825 viridi
905 2793 1049 2842 super
1079 2777 1396 2825 mataracium
1423 2779 1727 2840 coopertum,
1756 2776 1955 2822 indutus

219 2906 254 2942 1.
281 2906 428 2943 Comme
448 2919 495 2944 on
516 2907 562 2943 l’a
582 2920 630 2943 vu
650 2907 732 2956 plus
757 2908 858 2953 haut,
881 2911 902 2944 a
927 2907 962 2944 la
979 2907 1064 2944 date
1085 2908 1131 2943 du
1150 2910 1195 2943 27
1225 2907 1445 2956 septembre,
1465 2906 1497 2942 le
1517 2918 1612 2955 pape
1633 2906 1730 2942 avait
1755 2904 1838 2942 subi
1858 2904 1955 2940 deux

172 2965 347 3002 incisions
367 2970 440 3003 tres
469 2966 734 3004 douloureuses
754 2970 774 3004 a
804 2967 838 3003 la
858 2967 1000 3011 cuisse;
1020 2967 1051 3003 le
1082 2968 1127 3003 12
1151 2967 1310 3011 octobre,
1331 2966 1355 3002 il
1377 2966 1475 3003 avait
1495 2966 1571 3015 pris
1593 2978 1663 3002 une
1684 2964 1872 3001 medecine
1892 2962 1955 3011 qui

173 3025 308 3062 n'avait
339 3026 405 3062 fait
425 3027 667 3075 qu'aggraver
687 3039 754 3063 son
785 3030 859 3064 etat
878 3027 1045 3073 maladif;
1067 3039 1137 3063 une
1164 3027 1275 3063 fievre
1294 3026 1453 3063 violente
1473 3025 1560 3063 etait
1591 3036 1772 3062 survenue
1799 3034 1956 3072 presque

173 3084 330 3121 aussitm
349 3085 410 3133 qui
444 3086 631 3133 l'emporta
650 3086 682 3122 le
711 3087 824 3122 mardi
846 3088 1010 3125 suivant.
1050 3087 1144 3137 Voy.
1172 3086 1406 3131 Giustiniani‚
1438 3091 1463 3123 t.
1489 3086 1534 3131 lI,
1568 3098 1608 3134 p.
1635 3086 1705 3121 240
1726 3088 1760 3120 et,
1790 3082 1900 3126 suiv„
1922 3086 1959 3118 et.

173 3142 334 3188 Rinaldi,
356 3149 390 3181 t.
416 3146 530 3190 XXX,
553 3157 589 3193 p.
617 3145 699 3183 393.
723 3145 848 3182 Pietro
873 3147 1002 3184 Delfini
1031 3147 1093 3195 qui
1113 3147 1211 3183 avait
1238 3145 1369 3183 felicite
1390 3146 1422 3182 le
1448 3157 1541 3194 pape
1562 3146 1607 3182 de
1628 3156 1694 3181 son
1726 3141 1916 3180 accession
1937 3143 1959 3177 a

175 3201 328 3247 latiare,
347 3208 384 3240 et
403 3204 466 3252 qui
486 3205 537 3240 lui
550 3205 685 3253 portait
705 3204 899 3242 l'affection
915 3205 948 3243 la
967 3207 1050 3255 plus
1071 3207 1164 3252 vive,
1180 3206 1312 3243 faisant
1331 3205 1506 3242 reflexion
1528 3217 1592 3241 sur
1612 3206 1666 3241 les
1686 3202 1874 3240 malheurs
1892 3200 1958 3236 des

174 3265 305 3308 temps,
329 3273 367 3298 se
386 3262 549 3301 felicitait
575 3276 734 3312 presque
752 3265 801 3300 du
831 3265 958 3313 depart
982 3267 1028 3303 de
1052 3278 1119 3303 son
1139 3265 1209 3302 ami
1231 3277 1324 3313 pour
1342 3276 1383 3301 ce
1411 3265 1532 3313 sejour
1551 3267 1599 3302 ou
1630 3263 1654 3299 il
1674 3261 1824 3312 pouvait
1844 3259 1957 3304 enfin,

176 3331 262 3355 sans
291 3320 404 3357 voiles
435 3323 651 3372 mystiqueS‚
676 3324 898 3372 contempler
923 3318 997 3362 face
1017 3328 1038 3361 a
1058 3325 1134 3362 face
1162 3325 1196 3361 la
1224 3325 1374 3373 majeste
1402 3324 1538 3361 divine.
1566 3339 1631 3361 α...
1655 3335 1700 3360 ex
1728 3333 1770 3358 eo
1798 3320 1876 3356 loco
1895 3318 1958 3355 ubi

175 3390 274 3414 nunc
291 3379 371 3416 cibo
390 3383 490 3430 regio
507 3386 543 3419 et
562 3383 745 3420 ambrosia
762 3383 935 3429 vescitur,
957 3385 1019 3421 ubi
1040 3397 1112 3421 non
1134 3397 1206 3421 non
1223 3385 1299 3432 jam
1319 3395 1384 3432 per
1403 3383 1590 3432 speculum
1608 3383 1644 3418 in
1663 3382 1870 3429 oenigmate,
1893 3377 1960 3414 sed

178 3437 268 3474 facie
289 3438 332 3474 ad
354 3439 479 3479 faciem
499 3441 658 3479 divinam
677 3441 773 3478 illam
797 3443 1064 3491 contemplatur
1082 3445 1325 3492 majestatem,
1347 3443 1378 3479 si
1398 3454 1567 3483 revocare
1583 3444 1702 3492 ipsum
1723 3442 1843 3481 liceat,
1866 3449 1959 3474 nun-
