2228 3938
327 371 399 406 222
848 373 850 375 ’
938 369 1169 406 JOHANNIS
1202 369 1493 415 BURCHARDI,
1773 371 1986 432 [Novembre
2008 374 2103 414 1502]

329 469 500 532 dinalis
533 468 898 528 AlexandrinuS,
928 472 1058 534 Papa
1082 470 1227 518 etiam
1252 473 1494 533 presente,
1539 474 1587 518 et
1611 484 1708 518 non
1734 470 1823 518 fuit
1846 476 2020 532 sermo,
2049 476 2102 522 In

329 568 452 611 sero,
479 552 670 600 fuerunt
691 568 892 616 vespere
911 552 1036 600 dicte
1058 555 1107 600 et
1127 553 1282 617 vigilie
1304 557 1607 602 mortuorum
1630 553 1678 600 in
1701 554 1873 602 eadem
1895 555 2097 619 capella,

328 634 500 698 quibus
540 637 668 698 Papa
708 634 926 683 interfuit
968 634 1019 682 in
1054 651 1206 700 cappa
1243 637 1302 684 de
1342 637 1569 696 scarlato,
1609 651 1747 685 more
1776 640 2025 698 eonsuetO,
2055 642 2103 687 et

332 718 497 765 omnia
517 722 624 765 acta
649 720 760 765 sunt
780 733 914 765 more
934 717 1095 767 solito.

392 800 530 848 Feria
551 804 736 864 quarta,
759 803 785 848 2
806 799 917 848 dicti
941 800 1121 848 mensis
1140 801 1438 860 novembris,
1462 801 1861 851 commemoratio
1883 802 2100 851 omnium

330 883 544 932 fidelium
575 883 913 932 defunctorum
940 899 949 930 ε
975 886 1140 931 Rmus.
1170 887 1225 932 D.
1264 884 1522 933 cardinalis
1550 884 1805 933 Grimanus
1841 885 2103 935 celebravit

329 967 525 1016 missam
549 966 792 1031 publicam
817 967 866 1014 in
892 967 1079 1031 capella
1099 968 1390 1031 supradicta,
1424 970 1556 1031 Papa
1575 971 1826 1032 presente;
1854 969 1947 1017 alia
1967 985 2102 1019 more

327 1051 484 1100 solito.

390 1134 568 1182 Diebus
601 1131 863 1196 preteritis,
890 1131 1011 1181 obiit
1042 1135 1095 1181 D·
1121 1134 1357 1183 Martinus
1387 1135 1621 1194 Scudero,
1648 1135 1911 1183 canonicus
1932 1137 2102 1183 Cesar-

327 1221 644 1282 augustanus,
678 1216 911 1264 diaeonus
947 1216 1130 1280 capelle
1157 1222 1339 1277 nostre,
1371 1221 1420 1266 et
1447 1218 1496 1265 in
1525 1219 1628 1282 ejus
1664 1219 1844 1277 locum,
1876 1219 1934 1266 de
1964 1233 2103 1265 man-

327 1301 437 1350 dato
466 1304 611 1365 Pape,
646 1300 737 1348 fuit
758 1304 981 1363 receptus
1002 1303 1058 1359 D,
1087 1301 1323 1349 Antonius
1346 1301 1404 1349 de
1422 1302 1611 1362 Viotiis,
1638 1303 1895 1367 presbyter
1917 1304 2104 1350 Taren-

328 1384 546 1445 tinensis,
583 1383 680 1447 qui,
717 1383 887 1431 diebus
920 1383 1181 1446 preteritis,
1214 1384 1397 1448 incepit
1429 1385 1479 1433 in
1510 1385 1787 1449 hujusmodi
1828 1384 1989 1433 officio
2021 1384 2102 1432 de-

324 1467 521 1517 servire.

388 1548 724 1614 Superioribus
754 1548 941 1607 diebus,
985 1549 1183 1597 Carolus
1214 1554 1262 1597 et
1295 1550 1471 1597 Paulus
1504 1555 1550 1597 et
1575 1551 1721 1600 ceteri
1748 1567 1915 1601 omnes
1940 1552 2102 1601 Ursini

330 1648 534 1698 quorum
561 1632 745 1696 primus
767 1631 1020 1680 cardinalis
1043 1631 1243 1679 Ursinus
1263 1636 1311 1680 et
1344 1631 1619 1682 Vitellotius
1642 1633 1864 1683 Vitellius
1886 1635 1945 1682 de
1978 1635 2099 1682 Civi-

330 1720 426 1766 tate
451 1716 661 1775 Castelli,
698 1731 754 1763 ac
774 1715 1019 1763 Johannes
1042 1715 1216 1763 Paulus
1240 1715 1481 1764 Ballionus
1506 1715 1565 1763 de
1587 1716 1797 1776 Perusia,
1827 1717 2100 1766 Liberottus

327 1801 384 1849 de
404 1800 565 1849 Firmo
589 1804 635 1847 et
653 1799 964 1862 Pandulphus
986 1798 1267 1847 Petruecius
1279 1799 1338 1846 de
1360 1798 1497 1848 Senis
1520 1803 1567 1847 et
1588 1799 1782 1863 quidem
1807 1800 1884 1848 alii
1907 1801 2101 1865 conspi-

329 1884 418 1933 rati
440 1881 737 1932 confederati
756 1885 805 1930 et
829 1881 1069 1946 collegiati
1094 1885 1263 1930 contra
1289 1883 1464 1930 ducem
1490 1882 1880 1932 Valentinensem
1906 1888 2018 1932 tunc
2051 1883 2100 1932 in

327 1967 478 2016 Imola
519 1966 824 2022 existentem,
876 1965 1181 2029 congregatis
1237 1966 1430 2014 circiter
1470 1966 1686 2029 equitum
1738 1966 2012 2031 quingentis
2052 1970 2100 2015 et

327 2050 514 2099 duobus
535 2049 746 2097 millibus
766 2048 1025 2112 peditibus,
1052 2048 1368 2097 restituerunt
1398 2047 1637 2097 civitatem
1663 2049 2031 2097 Urbinatensem
2050 2052 2098 2097 et

325 2148 495 2182 omnes
518 2132 636 2181 alias
666 2131 899 2190 civitateS,
937 2135 1110 2190 terraS,
1141 2131 1248 2179 loca
1283 2135 1331 2179 et
1363 2131 1605 2180 fortellitia
1628 2131 1716 2179 sub
1745 2132 1921 2180 ducatu
1956 2131 2096 2180 Urbi-

324 2216 512 2266 natensi
538 2215 816 2274 constituta,
856 2214 1026 2263 illustri
1062 2217 1117 2262 D.
1146 2214 1353 2263 Guidoni
1394 2214 1581 2275 Ubaldi,
1613 2230 1724 2262 vero
1753 2215 1862 2262 duci
1897 2214 2097 2263 Urbina-

327 2300 447 2350 tensi
466 2315 621 2364 nuper
645 2298 842 2362 expulso
865 2315 951 2362 per
970 2298 1144 2346 ducem
1162 2297 1577 2357 Valentinensem,
1601 2314 1656 2346 ac
1678 2297 1876 2346 Imolam
1895 2297 2099 2346 circum·

323 2384 508 2442 dantes,
531 2382 644 2430 duci
663 2381 995 2432 valentinensi
1017 2397 1248 2445 magnum
1269 2380 1495 2430 timorem
1520 2381 1844 2440 incusserunt,
1873 2379 2094 2428 similiter

325 2482 448 2532 pape
475 2465 753 2514 Alexandro
783 2465 882 2528 qui,
910 2465 1012 2512 sine
1040 2481 1194 2524 mora,
1224 2465 1455 2512 auxilium
1485 2464 1616 2528 regis
1651 2463 1855 2512 Francie
1882 2464 2022 2528 petiit
2049 2466 2096 2511 et

325 2548 637 2598 nihilominus
668 2548 962 2595 mediatores
990 2547 1188 2611 delegit,
1227 2563 1435 2611 quorum
1463 2562 1614 2611 opera
1636 2547 1899 2596 concordia
1933 2551 1980 2595 et
2003 2562 2095 2610 pax

321 2633 448 2681 inter
469 2631 787 2680 Sanctitatem
812 2646 949 2679 suam
972 2634 1020 2678 et
1045 2631 1220 2679 ducem
1242 2630 1641 2680 Valentinensem
1666 2646 1722 2678 ac
1738 2645 1905 2678 omnes
1931 2644 2100 2692 supra-

322 2715 477 2763 dictos
499 2715 760 2762 habentur.
787 2717 1041 2764 Venerunt
1064 2717 1330 2778 propterea
1348 2714 1550 2762 Imolam
1574 2729 1743 2761 omnes
1769 2715 1937 2776 gentes
1963 2711 2092 2774 regis

321 2799 524 2846 Francie
546 2798 596 2845 in
619 2798 796 2846 ducatu
818 2797 1164 2845 Mediolanensi
1191 2797 1468 2845 existentes.
1498 2796 1697 2844 Interim
1717 2798 1925 2843 tractata
1946 2797 2019 2842 est
2045 2795 2092 2842 et

320 2883 517 2931 obtenta
540 2897 597 2929 ac
629 2880 688 2929 de
712 2894 879 2929 mense
904 2881 1120 2944 presenti
1151 2880 1382 2930 conclusa
1405 2878 1733 2927 reconciliatio
1759 2881 1805 2926 et
1829 2876 2092 2926 concordia

319 2963 444 3011 inter
487 2961 810 3027 supradietOS,
837 2980 982 3027 quam
1019 2967 1151 3028 Papa
1187 2963 1390 3027 quesivit
1425 2966 1473 3011 et
1515 2962 1653 3010 finxit
1684 2962 1733 3010 in
1768 2961 1899 3009 hunc
1938 2960 2091 3008 solum

318 3046 465 3094 linem
493 3049 546 3094 ut
582 3047 734 3110 possit
761 3064 812 3095 se
837 3049 885 3094 et
913 3048 1103 3106 ducem,
1133 3046 1288 3095 filium
1311 3062 1470 3105 suum,
1499 3048 1673 3095 contra
1695 3045 1890 3093 eosdem
1925 3058 2093 3106 supra-

318 3128 474 3177 dictos
499 3129 745 3176 vindicare
768 3134 813 3177 et
838 3145 920 3177 eos
946 3129 1142 3178 omnino
1174 3130 1436 3193 extirpare,
1466 3129 1613 3191 quod,
1638 3127 1730 3175 illis
1754 3125 2091 3190 imprudenter

319 3226 416 3259 non
450 3211 839 3270 formidantibus,
869 3212 1068 3259 tandem
1095 3212 1267 3270 evenit,
1295 3211 1410 3259 licet
1433 3209 1693 3259 cardinalis
1719 3208 1920 3257 Ursinus
1944 3207 2092 3255 fuerit

316 3295 380 3342 ab
405 3294 839 3342 innumerabilibus
863 3293 1101 3357 personiS,
1131 3294 1274 3342 etiam
1298 3293 1477 3357 pueris,
1509 3292 1831 3341 commonitus
1856 3308 1917 3340 ne
1950 3307 2000 3339 se
2031 3290 2089 3337 de

321 3380 450 3440 Papa
484 3377 755 3426 confideret
780 3393 789 3423 ;
817 3376 971 3424 noluit
1001 3379 1165 3424 tamen
1193 3376 1404 3440 aliquem
1429 3375 1595 3424 audire
1623 3377 1670 3422 et
1696 3391 1809 3439 sepe
1835 3373 2090 3422 subridens

322 3460 513 3509 dicebat
527 3475 778 3524 nunquam
801 3459 1029 3507 habuisse
1046 3476 1154 3508 eum
1174 3462 1303 3523 Papa
1317 3458 1626 3516 discordiam,
1652 3458 1766 3521 quin
1786 3474 1874 3521 per
1889 3471 2091 3505 concor-
