2228 3938
157 344 265 385 [Aout
284 344 375 386 1503]
597 342 765 380 RERUM
798 342 1102 380 URBANARUM
1134 343 1485 385 COMMENTARII.
1859 346 1926 382 241

145 447 264 495 duos
290 446 500 510 capellos
535 461 683 493 novos
711 445 770 493 de
802 445 1071 493 cremesino
1109 461 1220 493 cum
1263 446 1458 494 fimbria
1498 446 1719 494 inaurata
1744 446 1927 509 portavi

147 530 209 578 ad
238 529 454 577 domum.
493 532 787 592 Coopertum
816 530 978 590 tapete
1008 528 1212 591 pulchro
1244 545 1354 576 cum
1389 545 1485 577 uno
1519 532 1684 593 tapete
1714 527 1928 577 broccati

148 617 401 676 portarunt
449 611 713 660 familiares
758 610 912 658 nostri
952 616 998 658 et
1042 611 1411 675 assignaverunt
1449 613 1701 676 capellano
1739 612 1923 676 palatii,

150 695 382 759 episcopo
417 696 676 753 Suessano,
720 692 1008 750 custodiam,
1044 694 1270 743 timentes
1314 711 1371 743 ea
1409 711 1506 743 non
1547 711 1688 759 posse
1734 697 1929 758 portare

150 783 288 826 extra
311 778 543 842 palatium
567 777 696 841 quod
725 779 887 824 tamen
914 776 1092 840 optime
1132 778 1422 839 potuissent.
1462 779 1716 825 Posuimus
1747 780 1930 841 Papam

149 861 210 909 ad
244 861 479 925 capellam
504 861 760 924 majorem,
800 875 895 923 quo
928 864 1162 908 venerunt
1200 861 1418 924 religiosi
1448 861 1590 909 Urbis
1625 865 1672 909 et
1697 861 1855 908 clerus
1888 878 1926 908 5.

150 943 281 991 Petri
307 947 355 992 et
377 943 596 992 canonici
625 959 735 991 cum
760 958 925 1001 cruce,
954 946 1002 990 et
1037 946 1355 1005 portaverunt
1381 960 1494 991 eum
1519 943 1577 990 de
1606 943 1792 1007 capella
1828 959 1932 990 ma·

142 1027 239 1091 j0ri
270 1043 420 1090 usque
446 1028 506 1075 ad
531 1026 745 1074 medium
774 1026 969 1074 basilice
997 1043 1034 1073 5.
1063 1026 1210 1085 Petri,
1241 1027 1301 1074 ad
1322 1027 1484 1074 locum
1507 1027 1701 1075 solitum
1728 1026 1931 1075 descen—

148 1110 318 1158 dentes
343 1126 432 1174 per
456 1110 636 1158 scalam
660 1126 821 1157 versus
842 1114 1051 1173 portam,
1080 1113 1127 1157 et
1153 1109 1264 1157 inde
1289 1126 1375 1173 per
1400 1111 1523 1158 viam
1552 1110 1633 1157 ubi
1658 1110 1934 1158 cardinales

151 1194 388 1256 equitant,
415 1209 501 1257 per
524 1197 711 1257 portam
735 1193 1048 1258 principalem
1064 1193 1228 1256 palatii
1252 1194 1326 1241 via
1347 1197 1479 1242 recta
1498 1195 1559 1242 ad
1578 1194 1764 1242 fontem
1782 1197 1936 1242 trans-

151 1293 345 1325 versum
380 1293 533 1340 usque
563 1277 624 1325 ad
654 1278 899 1335 tabernas,
927 1277 1040 1325 inde
1075 1282 1209 1326 recta
1244 1279 1322 1326 via
1344 1294 1432 1342 per
1458 1278 1616 1326 scalas
1642 1295 1680 1325 5.
1718 1278 1851 1326 Petri
1876 1278 1936 1326 ad

154 1361 404 1409 basilicam
435 1361 676 1425 processit
699 1378 816 1409 crux
844 1378 854 1409 :
885 1362 1037 1410 secuti
1063 1365 1172 1409 sunt
1198 1362 1370 1410 fratres
1393 1379 1431 1410 s.
1461 1362 1700 1420 Honufrii,
1728 1361 1933 1419 Minimi,

155 1460 193 1491 s.
219 1444 482 1504 Francisci,
510 1461 548 1492 s.
572 1444 842 1508 Augustini,
869 1445 1255 1502 carmelitarum3
1284 1448 1382 1492 tres
1405 1445 1582 1493 fratres
1606 1448 1792 1493 tantum
1809 1444 1938 1492 ordi-

156 1526 230 1573 nis
272 1527 659 1590 predicatorum,
705 1527 861 1575 clerus
894 1543 932 1574 5.
975 1527 1104 1574 Petri
1148 1531 1196 1574 et
1229 1528 1526 1575 camerarius
1559 1527 1677 1575 cleri
1714 1527 1854 1575 Urbis
1891 1526 1939 1574 in

157 1609 279 1656 stola
304 1613 352 1657 et
377 1610 590 1673 pluviali,
619 1610 700 1672 qui
725 1610 814 1657 fuit
837 1625 948 1657 011111
970 1610 1137 1673 paucis
1161 1611 1484 1674 presbyteris3
1511 1615 1706 1658 centum
1734 1610 1942 1673 quadra—

105 1741 111 1745 ,
157 1691 291 1756 ginta
315 1692 562 1740 intorticia
582 1692 654 1740 vel
669 1694 816 1749 circa,
836 1709 946 1755 que,
970 1693 1233 1756 promajori
1251 1698 1407 1756 parte,
1428 1695 1693 1757 portabant
1710 1693 1879 1742 clerici
1895 1698 1942 1741 et

158 1775 434 1824 beneficiali
463 1792 501 1823 s.
531 1775 681 1835 Petri,
708 1776 964 1824 servitores
986 1779 1034 1823 et
1059 1776 1323 1824 familiares
1353 1780 1481 1840 Pape
1507 1778 1587 1840 qui
1611 1777 1943 1841 precedebant

160 1859 320 1906 sunus.
348 1859 631 1907 Beneficiati
656 1863 703 1908 et
723 1859 887 1907 clerici
903 1860 1037 1908 ibant
1055 1860 1171 1907 hinc
1192 1859 1305 1908 inde
1322 1861 1451 1908 circa
1466 1861 1609 1908 funus
1631 1861 1733 1908 sine
1756 1861 1940 1909 ordine.

163 1943 326 1989 Funus
355 1942 611 2005 portabant
637 1958 875 2006 pauperes
904 1943 983 2006 qui
1013 1946 1253 1991 steterunt
1282 1943 1331 1990 in
1359 1944 1546 2007 capella
1574 1944 1704 1992 circa
1734 1944 1870 2003 illud,
1900 1948 1944 1991 et

163 2028 371 2087 quatuor
392 2025 466 2072 vel
489 2041 573 2073 sex
589 2041 647 2073 ex
660 2026 907 2074 canonicis
923 2042 962 2074 s.
982 2027 1114 2075 Petri
1132 2027 1265 2074 ibant
1291 2027 1421 2076 circa
1442 2043 1525 2076 eos
1543 2027 1836 2092 [pauperes]
1858 2044 1946 2091 ap-

165 2110 401 2170 ponentes
424 2123 596 2156 manus
620 2107 824 2156 feretro.
845 2111 1005 2158 Funus
1024 2109 1175 2158 secuti
1190 2103 1309 2158 vsunt
1328 2114 1538 2173 quatuor
1561 2110 1733 2174 prelati
1761 2115 1943 2159 tantum

164 2192 266 2241 bini
282 2197 329 2241 et
352 2194 470 2252 bini,
491 2194 715 2243 videlicet
740 2196 1065 2255 Zamorensis,
1083 2197 1316 2259 magister
1343 2197 1535 2256 domus,
1567 2197 1850 2257 Calmensis,
1879 2197 1948 2244 vi-

167 2276 328 2324 carius
353 2293 484 2337 suus,
509 2278 795 2326 Narniensis
821 2282 868 2327 et
890 2280 1178 2328 Suessanus.
1206 2283 1359 2336 Quam
1385 2280 1597 2344 primum
1623 2281 1785 2339 cessit,
1806 2281 1948 2328 funus

167 2360 216 2407 in
230 2359 339 2408 1000
357 2375 444 2408 5110
456 2364 565 2424 post
580 2361 794 2409 medium
807 2361 1002 2410 basilice
1020 2363 1393 2421 collocaverunt,
1411 2366 1459 2411 et
1472 2363 1710 2411 debuerat
1723 2363 1817 2411 dici
1832 2382 1840 2411 :
1854 2379 1950 2411 non

168 2443 310 2489 intres
333 2443 382 2490 in
388 2443 647 2505 judicium,
666 2452 771 2504 etc„
792 2449 837 2492 et
858 2461 956 2493 non
977 2450 1081 2493 erat
1100 2446 1249 2505 liber3
1269 2447 1366 2510 qui,
1395 2451 1695 2510 expectatus,
1722 2463 1835 2513 cum
1853 2463 1951 2495 non

168 2526 374 2584 veniret,
405 2526 565 2574 clerus
592 2527 772 2591 incepit
797 2529 1165 2591 responsorium
1191 2529 1363 2577 Libera
1390 2547 1479 2588 me,
1511 2531 1734 2589 Domine,
1761 2531 1946 2579 dicere.

173 2609 370 2658 lnterim
394 2611 523 2673 quod
546 2613 844 2669 cantaretur,
867 2611 1014 2675 aliqui
1031 2613 1219 2676 pedites
1235 2613 1453 2661 custodie
1475 2597 1642 2677 palatii
1659 2618 1953 2677 acceperunt.

174 2698 311 2742 certa
331 2693 596 2742 intorticia.
622 2694 788 2743 Clerus
813 2695 1030 2743 defendit
1048 2712 1098 2744 se
1114 2702 1283 2744 contra
1296 2712 1406 2755 e0s3
1435 2696 1612 2744 milites
1636 2703 1953 2745 cucurrerunt

176 2777 236 2824 ad
274 2792 413 2841 arma
450 2781 622 2826 contra
659 2777 842 2826 clerum
879 2779 959 2842 qui
990 2780 1176 2844 aufugit
1204 2796 1374 2828 versus
1421 2780 1710 2832 sacristiam,
1753 2779 1952 2829 dimisso

177 2862 342 2918 cantu,
368 2864 415 2907 ct
439 2862 571 2924 Papa
595 2860 731 2923 quasi
760 2861 908 2909 solus.
937 2864 1037 2926 Ego
1065 2878 1175 2910 cum
1207 2862 1359 2911 tribus
1385 2863 1490 2910 aliis
1514 2863 1698 2926 arripui
1725 2863 1953 2911 feretrum

177 2957 288 2989 cum
311 2944 440 3006 Papa
458 2946 506 2990 et
531 2943 827 3006 portavimus
850 2944 976 2992 inter
998 2945 1151 2993 altare
1175 2946 1334 3008 majus
1361 2949 1406 2994 et
1429 2945 1594 2994 sedem
1614 2961 1766 3003 suam,
1795 2945 1954 3008 capite

176 3024 317 3073 altari
340 3041 498 3084 verso,
525 3030 573 3074 et
599 3027 791 3074 clausus
813 3027 901 3075 suit
927 3034 1033 3091 post
1050 3029 1194 3076 funus
1216 3029 1416 3077 chorus.
1441 3031 1708 3077 Suessanus
1724 3029 1957 3077 dubitavit

177 3108 218 3156 si
240 3109 447 3173 populus
474 3111 762 3159 ascenderet
794 3111 854 3159 ad
886 3127 1017 3171 eum,
1051 3112 1181 3175 quod
1212 3113 1399 3160 veniret
1433 3113 1716 3161 scandalum
1744 3113 1853 3177 (hoc
1883 3115 1957 3160 est

177 3190 364 3253 aliquis,
391 3192 522 3241 lesus
545 3194 606 3241 ab
632 3210 708 3254 eo,
737 3200 968 3258 possetse
983 3195 1260 3261 vindicare),
1286 3201 1332 3245 ct
1355 3196 1467 3245 fecit
1486 3197 1723 3260 reportari
1740 3197 1880 3243 sunus
1897 3195 1957 3243 de

179 3273 306 3320 dicto
331 3273 438 3322 1000
464 3279 511 3324 01
535 3277 648 3340 poni
667 3276 715 3324 111
736 3277 936 3326 introitu
959 3279 1142 3342 capelle
1158 3279 1286 3327 inter
1308 3279 1479 3338 scalas,
1500 3279 1705 3342 pedibus
1728 3278 1958 3326 ferratam

181 3360 230 3404 et
268 3360 458 3420 portam
490 3374 654 3408 versus
676 3360 742 3409 ita
763 3362 1109 3425 approximatis
1141 3363 1270 3426 quod
1295 3363 1443 3426 pedes
1467 3367 1723 3425 potuerunt
1756 3377 1845 3425 per
1867 3360 1960 3409 ser—

188 3444 341 3486 ratam
364 3454 510 3488 manu
531 3441 655 3490 bene
679 3443 830 3507 tangi.
855 3444 923 3491 lbi
941 3444 1072 3493 stetit
1092 3448 1193 3492 tota
1217 3445 1314 3503 die,
1342 3445 1526 3493 ferrata
1547 3444 1669 3493 bene
1692 3444 1870 3493 clausa.

372 3551 405 3577 τ.
433 3551 483 3577 111.
1734 3544 1774 3580 16
