2228 3938
141 378 310 417 [octobre
331 376 425 416 1502]
588 374 756 411 RERUM
788 370 1087 410 URBANARUM
1120 367 1472 408 COMMENTARH.
1851 373 1914 410 221

140 479 376 527 memorie
389 478 643 527 cardinalis
658 476 939 526 Mutinensis
953 478 999 523 et
1014 475 1242 539 Capuani.
1261 474 1456 523 Missam
1473 475 1734 524 celebravit
1749 477 1918 525 Rmus.,

140 565 196 609 D.
227 562 481 611 cardinalis
505 561 794 611 Cusentinus
821 560 873 608 in
897 559 1081 623 capella
1105 564 1152 606 et
1174 558 1312 606 altari
1339 558 1478 606 beate
1499 559 1649 607 Marie
1671 559 1731 607 de
1756 558 1923 606 Febri-

139 645 246 705 bus,
268 646 408 710 juxta
433 645 680 693 basilicam
698 661 737 691 s.
776 642 920 691 Petri.
949 645 1170 691 Castrum
1191 642 1387 702 doloriS,
1422 643 1530 690 loca
1556 642 1855 691 funestorum
1875 646 1922 691 et

139 729 497 778 intorticiorum
532 732 578 777 et
611 727 772 776 omnia
809 726 901 774 alia
938 729 1106 789 parata
1143 729 1255 773 sunt
1292 730 1436 789 prout
1472 725 1521 773 in
1559 726 1774 789 exequiis
1794 727 1920 774 bone

140 812 373 860 memorie
408 811 605 860 alterius
639 809 893 858 cardinalis
926 809 1156 872 Capuani,
1187 809 1331 873 hujus
1357 808 1738 872 predecessoris,
1778 812 1924 873 prout

139 896 258 942 mihi
281 895 368 943 fuit
391 894 612 942 relatum.
638 891 809 940 Nescio
825 891 906 955 qui
922 891 1194 939 cardinales
1207 891 1517 939 absolverunt
1539 894 1648 955 post
1665 891 1859 940 missam
1876 897 1923 939 et

141 978 428 1034 orationem,
455 977 567 1040 quia
586 976 734 1024 etiam
760 974 920 1023 socius
951 990 1089 1022 meus
1126 990 1224 1022 non
1256 974 1474 1022 interfuit
1504 974 1566 1021 ob
1593 973 1923 1022 infirmitatem

142 1077 285 1124 quam
312 1061 360 1108 in
386 1060 628 1108 dominica
652 1059 944 1123 precedente
982 1058 1166 1106 incidit.
1210 1057 1379 1106 Clerici
1407 1057 1705 1120 campanarii
1742 1057 1925 1121 capelle

144 1150 311 1193 nostre
348 1144 571 1192 fecerunt
603 1158 691 1207 pro
725 1141 864 1191 nobis
888 1141 1103 1189 officium
1132 1141 1274 1199 male,
1304 1155 1402 1188 non
1429 1140 1614 1188 dubito.
1642 1141 1921 1189 Orationem

143 1227 256 1274 fecit
281 1226 507 1274 Camillus
534 1225 807 1284 PorcariuS‚
834 1223 1008 1272 nobilis
1030 1226 1294 1271 Romanus.
1896 1211 1900 1217 ’

212 1309 349 1357 Fcria
369 1308 552 1372 quinta,
581 1312 631 1355 11
660 1307 775 1356 dicti
799 1307 979 1355 mensis
997 1306 1205 1370 augusti,
1231 1307 1334 1355 dies
1355 1305 1682 1355 anniversaria
1706 1321 1928 1371 assump-

145 1393 288 1441 tionis
319 1394 401 1441 SS.
428 1395 484 1441 D.
510 1391 659 1440 nostri
688 1391 949 1440 Alexandri
969 1394 1047 1449 VI,
1081 1394 1246 1439 Rmus,
1274 1394 1331 1439 D.
1358 1390 1616 1439 cardinalis
1641 1391 1928 1439 Cusentinus

145 1476 410 1524 celebravit
433 1477 633 1523 missam
659 1475 928 1523 solemnem
960 1475 1009 1522 in
1037 1475 1222 1538 capella
1254 1475 1455 1540 majore,
1498 1477 1626 1537 Papa
1659 1480 1888 1538 presente
1916 1492 1926 1523 ε

147 1556 324 1616 omnia,
352 1567 402 1607 ut
424 1559 655 1618 intellexi,
681 1562 791 1607 sunt
813 1565 923 1606 acta
946 1574 1081 1607 more
1106 1559 1265 1606 solito.

215 1643 353 1690 Feria
375 1645 527 1701 sexta,
566 1646 626 1690 26
658 1642 876 1706 ejusdcm
902 1642 1083 1689 mensis
1107 1640 1312 1705 augusti,
1350 1642 1454 1689 dies
1479 1642 1807 1691 anniversaria
1840 1645 1924 1692 SS.

151 1728 210 1774 D.
250 1725 401 1774 nostri
436 1725 658 1789 predicti,
696 1728 862 1772 Rmus.
906 1726 962 1772 D.
1003 1725 1260 1773 cardinalis
1294 1725 1638 1789 Agrigentinus
1674 1726 1930 1775 celebravit

149 1809 347 1858 missam
373 1809 643 1858 solemnem
668 1808 716 1856 in
738 1807 922 1872 capella
947 1809 1239 1872 supradicta,
1271 1811 1400 1872 Papa
1420 1813 1666 1873 presente,
1693 1810 1771 1873 qui
1792 1826 1932 1858 rece-

150 1894 221 1956 pit
257 1894 306 1941 in
338 1893 576 1957 prelatum
602 1908 742 1940 suum
781 1891 1087 1941 assistentem
1121 1895 1175 1939 R.
1206 1892 1254 1939 in
1295 1892 1485 1940 Christo
1515 1895 1564 1940 P.
1592 1895 1648 1940 D.
1677 1893 1933 1941 Bartholo-

150 1992 330 2035 meum,
378 1976 588 2025 electum
620 1975 988 2040 ,Bellunensem,
1034 1980 1263 2038 nepotem
1315 1975 1439 2022 Rmi.
1491 1979 1548 2023 D.
1596 1976 1853 2024 cardinalis
1891 1994 1928 2024 s.

148 2060 336 2124 Angeli,
363 2060 441 2108 cui
473 2060 709 2109 Sanctitas
735 2075 821 2107 sua
851 2058 1096 2107 mandavit
1124 2059 1229 2107 dari
1261 2059 1422 2107 locum
1456 2059 1584 2108 inter
1625 2060 1930 2120 assistentes;

150 2147 198 2191 et
234 2143 393 2192 socius
417 2159 554 2191 meus
588 2143 721 2190 dedit
743 2146 853 2207 post
886 2145 943 2190 D.
982 2142 1268 2200 Adrianum,
1310 2143 1592 2207 episcopum
1627 2144 1933 2192 Hei-fordion-

150 2242 271 2285 sem,
300 2227 620 2276 secretarium
646 2229 791 2290 Pape,
823 2229 939 2274 tunc
967 2226 1192 2274 ultimum
1225 2225 1552 2286 assistentem,
1589 2227 1701 2276 licet
1725 2227 1805 2276 hic
1829 2228 1933 2277 Bel·
2004 2216 2007 2220 ’

148 2311 364 2359 lunensis
401 2314 531 2359 esset
555 2310 813 2374 episcopus
838 2306 1149 2363 seu'electus,
1185 2309 1246 2357 ad
1274 2309 1468 2358 circiter
1501 2315 1599 2359 tres
1642 2327 1796 2359 annos
1820 2315 1931 2360 ante

151 2395 422 2459 predictum
447 2394 710 2442 Adrianum
738 2394 814 2442 cui
846 2396 955 2457 post
977 2393 1190 2441 reditum
1225 2409 1388 2441 meum
1409 2395 1470 2442 ad
1493 2394 1690 2453 Urbem,
1715 2410 1930 2443 errorem

155 2477 248 2526 loci
273 2477 555 2541 hujusmodi
582 2477 978 2536 commemoravi,
1013 2476 1094 2539 qui
1126 2476 1243 2524 mihi
1279 2477 1532 2541 respondit
1552 2494 1603 2526 se
1629 2478 1932 2526 existimasse

154 2561 279 2608 inter
303 2560 584 2608 assistentes
609 2559 831 2607 ordinem
855 2559 1152 2622 receptionis
1178 2559 1239 2607 ad
1263 2560 1590 2608 assistentiam
1622 2566 1670 2610 et
1693 2577 1790 2609 non
1827 2577 1936 2625 pro-

155 2644 384 2692 motionis
427 2643 488 2691 ad
529 2642 859 2706 pontificalem
902 2641 1213 2705 dignitatem3
1245 2645 1293 2689 et
1334 2643 1372 2690 si
1423 2627 1569 2691 modo
1605 2643 1673 2691 illi
1714 2644 1931 2702 cederet,

156 2731 532 2791 recognosceret
569 2740 787 2773 errorem
824 2741 966 2772 suum
1001 2726 1131 2789 quod
1165 2728 1294 2773 esset
1327 2725 1416 2773 sibi
1451 2726 1756 2786 verecundia,
1786 2742 1933 2791 prop-

156 2813 294 2859 terea
315 2809 468 2865 noluit
504 2809 677 2858 cedere
712 2824 803 2856 nec
837 2822 927 2871 ego
951 2807 1077 2855 volui
1105 2808 1154 2855 in
1179 2808 1272 2856 hoc
1306 2808 1615 2858 severitatem
1653 2810 1930 2868 ostendere,

157 2909 268 2942 cum
303 2893 479 2942 scirem
506 2892 772 2940 Adrianum
807 2907 904 2939 non
937 2891 1089 2939 multo
1126 2894 1342 2956 tempore
1378 2893 1426 2940 in
1449 2892 1531 2940 illo
1565 2893 1673 2941 loco
1707 2908 1935 2956 perman-

159 2993 323 3025 surum
346 2978 431 3025 sed
449 2980 784 3025 assecuturum
811 2974 1138 3023 cardinalatus
1159 2975 1397 3024 honorem
1419 2975 1500 3041 (1).

223 3061 361 3108 Feria
391 3059 619 3118 secunda,
652 3059 821 3107 ultima
852 3058 1032 3106 mensis
1070 3059 1297 3119 octobris,
1324 3059 1486 3123 vigilia
1507 3059 1723 3108 omnium
1751 3065 1943 3108 sancto-

163 3159 285 3202 rum,
313 3144 515 3192 mutatio
538 3158 817 3207 capparum,
843 3143 1039 3190 fuerunt
1056 3158 1254 3207 vespere
1273 3143 1470 3207 papales
1492 3143 1542 3191 in
1557 3144 1743 3208 capella
1758 3144 1942 3208 majore

166 3228 294 3289 Papa
314 3230 537 3290 presente
558 3244 568 3284 ;
592 3230 639 3274 et
662 3226 850 3293 martis,
880 3229 897 3272 1
926 3225 1217 3285 novembris,
1242 3226 1364 3274 festo
1390 3226 1606 3275 omnium
1639 3230 1938 3283 sanctorum,

166 3309 313 3356 missa
336 3310 564 3357 solemnis
590 3310 638 3357 in
663 3309 833 3358 eadem
864 3309 1067 3372 capella,
1091 3325 1237 3373 quam
1262 3310 1520 3359 celebravit
1552 3314 1717 3358 Rmus.
1747 3312 1799 3358 D.
1833 3325 1940 3357 car-

216 3494 249 3530 1.
273 3492 321 3529 Le
334 3491 480 3541 journal
498 3492 542 3529 de
560 3491 746 3529 Burchard
766 3493 933 3539 presente
957 3503 1026 3528 ene
1039 3490 1169 3529 lacune
1190 3493 1233 3530 de
1251 3492 1348 3529 deux
1371 3493 1474 3531 mois.
