2202 3918
162 353 275 394 [Avru
296 354 387 394 1504]
609 353 777 391 RERUM
809 353 1111 391 URBANARUM
1145 353 1497 394 COMMENTARII.
1871 354 1942 390 345

163 455 455 503 Naulensem
479 454 540 503 ad
560 455 844 503 diaconatus
869 459 917 503 et
939 450 1308 519 presbyteratus
1331 456 1543 516 ordines,
1569 456 1735 520 vigore
1761 457 1939 520 suppli-

163 537 367 585 cationis
407 538 456 585 in
496 538 682 601 capella
714 537 956 601 predicta:
1000 537 1149 586 missa
1173 538 1300 586 dieta
1333 539 1421 587 fuit
1451 540 1510 587 de
1544 539 1668 588 seria
1691 543 1931 597 currente,

163 620 343 682 absque
383 620 544 683 aliqua
576 621 1060 668 commemoratione.
1104 623 1216 669 Post
1253 622 1427 670 horam
1466 621 1770 685 vigesimam,
1810 622 1936 670 venit

163 705 294 766 Papa
324 704 384 750 ad
415 703 651 766 capellam
678 703 725 750 in
753 719 906 766 cappa
934 704 993 751 de
1026 704 1256 752 scarlatto
1286 705 1386 752 sine
1418 721 1581 763 cruce,
1615 705 1938 753 cardinalibus

163 786 321 849 ipsum
360 786 703 849 sequentibus:
741 785 987 834 fimbriam
1020 787 1226 850 portavit
1264 788 1518 851 episcopus
1554 788 1766 836 Nolanus
1799 788 1940 836 assis-

162 872 269 917 tens
289 886 298 928 ;
328 869 574 916 redeundo
598 869 771 917 eodem
794 870 940 918 modo
967 870 1177 933 portavit
1196 871 1440 918 fimbriam
1460 870 1716 918 cardinalis
1737 871 1941 919 Alexan-

161 951 347 999 drinus:
374 951 492 1000 dixit
513 951 783 999 orationem
806 952 1021 1016 Respice,
1049 953 1152 1000 sine
1173 953 1314 1012 libro,
1340 953 1451 1016 quia
1472 969 1583 1000 eum
1606 954 1838 1002 recusavi.

226 1035 312 1082 Die
329 1035 454 1099 jovis
479 1038 662 1094 sancta,
682 1038 710 1082 4
733 1035 915 1098 apriliS,
944 1035 1065 1082 hora
1089 1036 1373 1094 tredecima,
1399 1038 1527 1099 Papa
1547 1036 1676 1083 venit
1694 1037 1754 1083 ad
1776 1036 1940 1099 capel-

158 1118 256 1166 lam
288 1118 347 1166 ad
378 1118 573 1166 missam
612 1118 855 1181 publicam
896 1135 1038 1181 quam
1076 1119 1337 1167 celebravit
1374 1122 1539 1166 Rmus.
1583 1122 1638 1166 D.
1680 1119 1939 1166 cardinalis

158 1201 541 1248 Alexandrinus:
581 1200 779 1248 candele
807 1205 905 1249 tam
938 1202 1268 1249 cardinalibus
1299 1218 1441 1265 quam
1468 1202 1573 1249 aliis
1601 1202 1798 1265 prelatis
1829 1202 1939 1250 date

159 1283 358 1331 fuerunt
400 1288 498 1332 tres
536 1283 609 1331 vel
652 1284 801 1332 circa.
843 1287 969 1348 Papa
995 1285 1199 1348 portavit
1244 1288 1608 1333 sacramentum
1646 1285 1707 1332 ad
1742 1300 1939 1348 parvam

157 1367 413 1431 capellam,
454 1371 563 1430 post
593 1367 810 1427 missam,
846 1384 984 1415 more
1021 1368 1193 1426 solito;
1233 1369 1410 1416 deinde
1442 1368 1571 1415 venit
1602 1367 1940 1431 processiona-

154 1450 267 1498 liter
293 1450 381 1497 sub
406 1450 698 1499 baldachino
723 1452 783 1498 ad
807 1451 968 1499 locum
993 1451 1185 1515 publice
1212 1451 1568 1500 benedictionis
1597 1451 1695 1508 ubi,
1726 1451 1937 1498 dimissis

157 1534 474 1597 paramentiS,
504 1534 693 1597 accepit
716 1535 922 1598 pluviale
947 1535 1167 1594 rubrum,
1197 1535 1371 1582 stolam
1399 1535 1665 1597 pretiosam
1690 1537 1737 1581 et
1768 1534 1938 1597 cingu-

154 1615 272 1674 lum,
297 1620 344 1663 et
371 1616 499 1664 facta
526 1616 566 1663 ei
587 1632 615 1663 a
638 1617 963 1664 cardinalibus
986 1617 1255 1665 reverentia
1276 1617 1436 1674 solita,
1461 1619 1517 1663 D.
1542 1615 1764 1663 Aurelius
1786 1618 1938 1663 Matu-

156 1699 250 1746 tius
273 1698 388 1762 legit
410 1698 592 1746 bullam
616 1699 680 1763 [in
706 1699 871 1763 latino]
900 1705 946 1747 et
973 1702 1137 1747 Rmus.
1176 1702 1230 1747 D.
1260 1699 1517 1747 cardinalis
1542 1699 1600 1746 de
1623 1699 1868 1762 Aragonia
1888 1698 1936 1746 in

154 1781 374 1844 vulgari:
425 1781 660 1828 Ascanius
702 1781 959 1844 publicavit
998 1782 1263 1845 plenariam
1306 1781 1658 1845 indulgentiam
1698 1781 1846 1828 latine
1887 1785 1936 1829 et

156 1864 370 1912 Medices
405 1864 684 1927 vulgariter:
720 1865 846 1913 venit
877 1866 936 1912 ad
968 1865 1163 1912 tertiam
1198 1865 1357 1912 aulam
1396 1865 1682 1927 pontificum
1707 1864 1788 1911 ubi
1823 1864 1936 1911 lavit

153 1949 303 2011 pedes
335 1948 648 2011 pauperibus,
683 1963 817 1995 more
848 1948 1015 1996 solito:
1055 1948 1315 1995 cardinalis
1342 1964 1380 1994 s.
1411 1947 1625 1995 Severini
1652 1947 1768 1994 dixit
1790 1962 1935 1994 evan-

153 2029 332 2093 gelium
358 2034 405 2078 et
428 2032 480 2078 D.
503 2033 674 2078 Petrus
700 2030 913 2094 Baptista
934 2031 992 2078 de
1014 2031 1266 2089 Ferreriis,
1294 2031 1478 2094 primus
1506 2034 1671 2077 orator
1694 2031 1934 2077 Savonen-

153 2114 235 2173 sis,
278 2113 409 2161 dedit
445 2129 619 2177 aquam
657 2114 878 2161 manibus
914 2117 1063 2178 Pape;
1112 2114 1206 2162 alia
1246 2129 1380 2162 more
1416 2113 1572 2161 solito.
1611 2116 1720 2160 Post
1756 2113 1933 2160 horam

150 2196 430 2260 vigesimam
458 2212 622 2255 unam,
652 2199 780 2260 Papa
802 2197 930 2245 venit
962 2197 1190 2260 pedester
1213 2197 1273 2244 ad
1298 2196 1575 2254 matutinas,
1608 2196 1656 2242 in
1684 2211 1854 2258 cappa,
1882 2200 1932 2243 ut

153 2278 262 2325 heri
301 2294 425 2338 sero,
463 2282 510 2327 et
541 2279 800 2342 episcopus
825 2279 1077 2327 Naulensis
1102 2279 1308 2342 portavit
1342 2278 1576 2336 fimbriaS,
1605 2281 1651 2325 et
1680 2277 1932 2324 redeundo

152 2361 430 2424 patriarcha
451 2362 825 2410 Alexandrinus.

219 2443 305 2491 Die
332 2444 519 2491 veneris
547 2450 728 2502 sancta,
765 2447 791 2491 5
824 2443 1006 2507 aprilis,
1042 2446 1170 2506 Papa
1194 2443 1325 2490 venit
1348 2443 1578 2506 pedester
1609 2442 1670 2489 ad
1701 2441 1933 2505 capellam

94 2543 97 2545 “
153 2543 263 2575 cum
288 2542 438 2589 cappa
462 2527 522 2573 de
547 2526 772 2574 scarletto
795 2531 840 2573 et
862 2526 1007 2574 mitra
1028 2526 1272 2589 simplice:
1296 2526 1512 2573 officium
1532 2524 1790 2572 celebravit
1812 2524 1934 2587 epis-

153 2625 303 2673 copus
334 2608 621 2655 Cusentinus
656 2608 737 2670 qui
770 2608 896 2655 venit
928 2608 1031 2655 sine
1067 2611 1196 2670 Papa
1221 2608 1294 2671 [ad
1325 2623 1524 2670 parvam
1556 2607 1790 2670 capellam
1821 2622 1932 2654 cum

153 2691 625 2753 sacramento,quod
653 2693 785 2753 Papa
809 2690 1023 2753 ,portavit
1061 2691 1285 2753 pedester
1320 2690 1378 2736 ad
1411 2689 1644 2752 capellam
1669 2689 1926 2751 majorem.

153 2763 435 2822 Passionem
472 2774 678 2822 cantavit
712 2773 944 2821 diaconus
988 2773 1170 2836 capelle
1208 2773 1255 2819 in
1277 2788 1392 2820 voce
1410 2771 1718 2835 evangeliste,
1756 2774 1803 2818 et
1833 2770 1928 2818 duo

151 2861 375 2906 cantores
409 2857 489 2920 qui
520 2857 569 2903 in
601 2857 786 2919 pulpito
819 2859 1135 2904 cantaverunt
1165 2856 1252 2903 sub
1281 2870 1397 2903 voce
1430 2854 1604 2903 Christi
1636 2858 1684 2900 et
1713 2852 1851 2900 Judei
1883 2857 1949 2923 et,

152 2941 227 2988 bis
257 2944 510 2989 cantarunt
538 2940 587 2987 in
617 2943 825 3002 quatuor
863 2939 1167 3003 passionibus
1198 2939 1268 2986 vel
1301 2939 1461 2986 circa:
1502 2951 1777 2985 sermonem
1818 2935 1929 2982 fecit

130 3016 208 3071 Ἰ).
229 3024 438 3071 Thomas
460 3023 671 3080 Phedra,
698 3023 960 3070 canonicus
983 3022 1344 3070 Lateranensis.
1371 3021 1685 3068 Offertorium
1707 3018 1928 3066 ascendit

152 3107 212 3153 ad
239 3106 438 3154 ducatos
465 3106 514 3153 in
548 3122 665 3154 auro
699 3106 974 3168 octoginta:
1014 3109 1141 3168 Papa
1167 3105 1355 3163 obtulit,
1384 3105 1548 3162 credo,
1583 3104 1783 3150 ducatos
1810 3115 1928 3163 qua-

153 3189 376 3252 draginta
405 3189 454 3236 in
478 3205 599 3237 auro
628 3193 675 3237 et
703 3189 873 3237 decem
908 3189 955 3236 in
982 3189 1223 3247 carlenis;
1253 3189 1489 3236 Ascanius
1520 3188 1690 3234 decem
1724 3184 1926 3231 ducatos

153 3275 199 3318 et
221 3271 300 3317 alii
326 3271 555 3334 quinque.
585 3273 739 3319 Habui
765 3273 814 3318 in
837 3288 997 3320 meam
1021 3275 1213 3336 partem
1236 3273 1437 3319 ducatos
1464 3271 1511 3317 in
1540 3285 1657 3316 auro
1683 3267 1852 3314 decem
1881 3270 1929 3312 et

152 3353 374 3401 carlenos
398 3357 585 3417 septem
605 3371 614 3413 3
644 3356 845 3403 totidem
868 3356 1028 3403 socius
1050 3355 1239 3419 [meus].

217 3439 268 3483 In
295 3451 423 3495 sero,
450 3436 570 3484 hora
592 3437 822 3500 vigesima
847 3454 958 3495 una,
987 3441 1119 3500 Papa
1142 3438 1266 3484 venit
1291 3438 1351 3484 ad
1374 3435 1606 3498 capellam
1629 3434 1676 3479 in
1701 3447 1855 3495 cappa
1880 3434 1929 3478 et
