2222 3932
333 361 403 398 332
929 359 1163 397 JOHANNIS
1197 358 1493 405 BURCHARDI,
1834 361 1994 402 [revrier
2015 363 2114 404 1504]

333 461 478 510 luerit
499 461 601 525 ipse
627 462 746 520 dux3
772 465 820 510 et
843 462 903 509 de
926 462 1020 510 hoc
1045 461 1267 526 promisit
1301 462 1428 511 idem
1452 461 1709 510 cardinalis
1732 479 1771 510 s.
1801 464 1969 512 Crucis
1996 465 2106 513 duci

335 561 422 608 pro
446 548 590 608 Papa,
619 546 667 591 et
692 544 729 591 si
754 545 850 592 dux
870 544 992 592 infra
1015 544 1333 608 quadraginta
1353 545 1456 592 dies
1474 559 1571 592 non
1594 545 1837 593 curaverit
1862 546 2109 610 assignare

335 628 462 675 dicta
495 630 671 683 castra,
698 627 829 675 idem
854 626 949 674 dux
988 627 1163 675 debeat
1187 627 1350 676 reduci
1384 631 1585 675 Romam
1609 631 1656 675 et
1685 627 1750 676 ihi
1777 631 2012 692 perpetuo
2039 628 2114 678 in-

331 711 571 760 carcerari
600 710 680 774 (1).

403 794 489 842 Die
517 794 727 852 veneris,
757 797 784 841 2
809 793 1056 853 februarii,
1096 794 1269 842 festum
1291 793 1640 858 purificationis
1664 793 1803 842 beate
1826 793 1981 842 Marie
2014 794 2113 842 vir-

337 877 479 941 ginis,
512 879 642 940 Papa
667 876 911 926 benedixit
937 881 984 925 et
1004 877 1246 925 distribuit
1267 878 1492 926 candelas
1512 877 1561 924 in
1582 876 1767 940 capella
1784 877 1958 941 majori
1980 893 2114 926 more

345 960 519 1009 solito:
561 960 658 1007 dux
693 960 943 1007 Adriensis
977 976 1004 1007 a
1042 960 1220 1008 dextris
1257 965 1303 1009 et
1337 960 1582 1008 Johannes
1622 958 1814 1007 Pisauri
1844 975 1872 1007 a
1906 959 2115 1008 sinistris

342 1045 607 1092 tenuerunt
645 1043 869 1092 candelas
906 1045 1050 1106 Pape.
1093 1043 1380 1106 Capitaneus
1414 1046 1552 1106 porte
1585 1042 1749 1106 palatii
1780 1045 1910 1106 Pape
1945 1041 2114 1090 habuit

338 1126 501 1174 locum
548 1130 656 1190 post
690 1126 873 1175 dictum
907 1129 963 1174 D.
1002 1126 1061 1173 de
1093 1126 1291 1174 Pisauro
1327 1126 1425 1189 qui,
1459 1128 1719 1189 antequam
1759 1126 2015 1174 accederet
2054 1125 2114 1173 ad

340 1209 591 1257 sinistram
619 1211 746 1273 Pape
763 1196 850 1272 pro
876 1209 1085 1257 tenenda
1107 1209 1324 1269 candela,
1354 1208 1638 1257 Franciscus
1665 1208 1722 1254 de
1746 1210 1927 1267 Monte,
1955 1210 2117 1255 orator

342 1292 473 1355 regis
513 1295 840 1340 Romanorum
877 1292 1008 1341 dedit
1033 1308 1207 1355 aquam
1231 1292 1454 1340 manibus
1487 1294 1637 1355 Pape;
1663 1293 1827 1338 Rmus.
1859 1292 1916 1338 D.
1944 1289 2116 1337 Mima-

338 1374 485 1422 tensis
513 1374 775 1423 celebravit
800 1375 997 1423 missam
1015 1375 1309 1423 solemnem:
1339 1377 1470 1438 Papa
1492 1378 1538 1422 et
1562 1374 1639 1421 alii
1667 1389 1836 1421 omnes
1854 1375 2116 1421 tenuerunt

329 1457 584 1504 candelam
618 1473 878 1505 accensam
903 1459 962 1505 ad
985 1458 1305 1522 evangelium,
1337 1457 1482 1506 etiam
1519 1458 1580 1505 ad
1605 1456 1923 1505 elevationem
1949 1471 2114 1502 sacra-

333 1539 501 1596 menti,
545 1544 592 1588 et
622 1541 770 1599 bene;
811 1543 938 1604 Papa
968 1541 1096 1589 venit
1132 1541 1180 1588 in
1215 1541 1328 1589 sede
1366 1541 1413 1588 in
1449 1539 1800 1604 processione:
1840 1539 1937 1586 alia
1978 1552 2112 1585 mor-

339 1621 497 1670 solito.

401 1705 681 1763 Dominica,
722 1709 772 1753 11
814 1705 1064 1764 februarii,
1108 1710 1216 1770 post
1246 1705 1524 1769 prandium,
1567 1707 1892 1753 cucurrerunt
1919 1703 2055 1751 Judei
2090 1719 2118 1750 a

342 1791 535 1850 Campo.
556 1788 699 1836 Flore
730 1789 790 1836 ad
821 1789 999 1836 turrim
1031 1789 1176 1837 castri
1214 1805 1253 1837 s.
1293 1788 1464 1851 Angeli
1500 1790 1699 1851 pontem
1741 1786 2113 1850 respicientem,

341 1873 470 1933 Papa
495 1871 543 1918 in
571 1887 766 1919 camera
787 1872 914 1919 horti
937 1872 1145 1920 vidente.

414 1953 500 2000 Die
547 1958 603 2002 12
639 1971 730 2016 que
757 1954 845 2002 fuit
879 1955 1009 2013 lune,
1049 1958 1371 2002 cucurrerunt
1395 1955 1530 2017 pueri
1557 1971 1585 2002 a
1621 1954 1801 2004 clavica
1836 1952 2115 2001 cancellarii

350 2036 411 2083 ad
436 2037 616 2084 dictam
641 2038 831 2096 turrim,
858 2039 987 2100 Papa
1010 2038 1217 2086 vidente.
1867 2049 1870 2052 ’

414 2119 498 2167 Die
533 2120 719 2178 martis,
764 2122 837 2178 13,
866 2124 1189 2168 cucurrerunt
1218 2121 1420 2185 juvenes
1452 2136 1480 2167 a
1512 2123 1691 2183 Campo
1721 2119 1863 2166 Flore
1895 2117 1955 2164 ad
1982 2131 2117 2163 eam-

347 2203 457 2250 dem
484 2203 671 2263 turrim,
702 2206 828 2267 Papa
851 2204 1056 2252 vidente.

408 2286 590 2335 Eadem
615 2287 710 2345 die,
739 2287 785 2334 in
812 2303 940 2346 sero,
975 2289 1071 2335 dux
1097 2288 1400 2347 Valentinus,
1437 2293 1481 2336 ct
1508 2303 1616 2336 cum
1648 2285 1800 2351 eolD.
1837 2288 1889 2332 F.
1918 2282 1979 2348 (2)
2015 2282 2118 2330 the-

344 2371 594 2418 saurarius
628 2373 757 2434 Pape
782 2374 830 2419 et
854 2371 995 2434 pauci
1022 2372 1105 2419 alii
1135 2372 1395 2420 servitores
1417 2372 1753 2435 equitaverunt
1776 2369 1835 2416 ad
1873 2368 2044 2431 Ripam
2070 2370 2115 2414 et

343 2452 405 2500 ibi
432 2447 738 2501 intraverunt
755 2455 955 2502 barcam
980 2458 1028 2502 et
1051 2455 1400 2518 navigaverunt
1426 2455 1487 2502 ad
1512 2454 1713 2502 Ostiam.

406 2535 491 2582 Die
514 2536 759 2595 mercurii,
793 2540 848 2583 14
872 2536 1125 2596 februarii,
1151 2538 1686 2601 cucurreruntjuvenes
1712 2536 1771 2583 de
1798 2534 1981 2582 clavica
1995 2532 2118 2580 vice-

345 2619 627 2666 cancellarii
662 2620 722 2666 ad
754 2620 928 2667 turrim
961 2620 1293 2683 supradictam
1323 2636 1412 2683 pro
1438 2620 1605 2683 pallio,
1646 2619 1777 2683 Papa
1807 2617 2014 2665 vidente.
2083 2648 2086 2652 ‹

408 2702 651 2766 DiejoviS,
681 2702 859 2751 festum
882 2703 929 2750 in
954 2705 1139 2768 Agone.

406 2785 494 2833 Die
520 2786 725 2844 sabbati,
759 2790 833 2846 17,
865 2792 973 2849 post
1008 2787 1289 2849 prandium,
1323 2787 1528 2835 recessit
1554 2789 1720 2834 Rmus
1754 2787 1811 2832 D.
1853 2782 2115 2832 cardinalis

340 2883 377 2915 s.
408 2869 591 2926 Crucis,
619 2869 777 2916 iturus
804 2869 988 2917 Ostiam
1013 2885 1098 2932 pro
1125 2870 1346 2918 custodia
1368 2870 1505 2918 ducis
1528 2868 1789 2920 Valentini.

406 2950 494 2997 Die
520 2950 767 2998 dominica
797 2954 870 3010 18,
901 2951 1076 2999 festum
1101 2951 1150 2999 in
1174 2952 1438 3000 Testaccio.

406 3033 492 3081 Die
517 3033 646 3092 lune,
677 3037 733 3081 19
759 3034 1010 3093 februarii,
1041 3039 1150 3083 ante
1175 3035 1449 3098 prandium,
1477 3037 1723 3098 portatum
1754 3033 1841 3081 fuit
1864 3031 2020 3096 sepul-

342 3122 499 3165 turam
529 3116 627 3164 sive
654 3117 932 3180 depositum
965 3118 1025 3164 de
1050 3118 1194 3166 domo
1218 3118 1492 3182 patriarche
1528 3116 1839 3165 Alexandrini
1864 3116 1913 3163 in
1946 3118 2113 3181 Agone

392 3309 426 3343 1.
457 3306 552 3354 Voy.
575 3305 668 3342 dans
691 3304 923 3351 Giustiniani,
945 3309 971 3342 t.
995 3306 1040 3351 II,
1059 3317 1095 3353 p.
1113 3306 1195 3352 409,
1214 3305 1248 3342 la
1268 3306 1427 3354 depeche
1448 3306 1496 3342 du
1513 3306 1559 3342 28
1573 3306 1716 3355 janvier
1737 3307 1840 3352 1504,
1861 3305 2009 3343 relative
2023 3307 2044 3342 ὲ
2058 3309 2116 3343 eet

339 3378 359 3401 a
383 3366 483 3401 cord.

363 3378 426 3460 C2.
457 3425 532 3469 Sic,
556 3424 646 3460 dans
664 3427 747 3460 tous
764 3423 816 3460 les
836 3435 926 3460 mss.
955 3423 982 3460 Il
1007 3425 1082 3462 faut
1103 3424 1166 3462 lire
1189 3436 1196 3460 :
1220 3424 1434 3462 Franciscus
1460 3425 1496 3461 di
1524 3425 1643 3463 Castel
1667 3426 1725 3463 del
1749 3426 1831 3465 Rio.
1859 3425 1951 3474 Voy.
1976 3424 2114 3462 Giusti-

347 3483 458 3526 niani,
479 3486 509 3519 t.
538 3483 585 3525 II,
607 3494 643 3529 p.
669 3483 751 3527 438,
773 3483 858 3530 dep.
880 3483 929 3518 du
958 3483 1002 3518 15
1028 3483 1111 3528 sev,
1140 3487 1174 3521 et
1194 3483 1227 3520 la
1248 3488 1330 3522 note
1349 3485 1372 3518 2
1391 3484 1436 3521 de
1462 3484 1600 3521 Villari.
