2228 3938
203 361 309 403 [Aout
329 362 424 402 1503]
639 358 811 397 RERUM
842 356 1146 396 URBANARUM
1179 355 1529 393 COMMENTARII.
1910 360 1979 396 253

203 463 306 527 ejus
331 478 526 512 recessu
542 467 588 511 et
610 462 739 526 quod
764 459 1035 509 remitteret
1050 463 1219 523 gentes
1245 474 1354 507 suas
1370 465 1416 507 et
1439 459 1755 508 commissum
1770 464 1980 524 quatuor

203 546 545 602 cardinalibus,
572 536 792 593 videlicet
813 560 852 591 s.
877 543 1068 600 Crucis,
1094 542 1418 601 Salernitano,
1447 543 1662 591 Medices
1678 546 1726 591 et
1752 543 1982 591 Cesarino

201 629 281 692 qui
305 631 576 678 tractarent
600 644 710 677 cum
744 626 1005 685 castellano
1040 625 1188 673 castri
1217 642 1253 674 s.
1283 625 1474 688 Angeli,
1505 629 1556 674 ut
1583 631 1799 674 castrum
1826 626 1984 674 dimit-

202 717 326 760 teret
345 713 499 761 libere
534 711 740 776 collegio
772 727 859 774 pro
893 709 1127 758 conclavi.
1158 709 1308 757 Iidem
1343 709 1614 758 cardinales
1646 713 1884 758 venerunt
1921 710 1983 759 ad

205 802 416 844 castrum
452 799 560 860 post
591 795 766 843 horam
806 809 1123 857 vesperarum
1158 793 1438 856 congregati
1482 793 1531 840 in
1564 793 1695 842 lodia
1719 793 1872 851 horti3
1904 794 1985 857 qui

206 879 446 928 conclusit
470 878 597 926 nolle
622 877 754 925 exire
779 881 991 925 castrum
1019 892 1111 925 nec
1136 876 1396 939 collegium
1427 876 1770 935 intromittere,
1796 878 1986 941 jurasse

207 962 498 1027 consignare
538 964 755 1010 castrum
799 961 960 1008 futuro
1002 959 1236 1024 pontifici,
1273 960 1403 1023 quod
1427 959 1571 1007 vellet
1613 959 1892 1009 observare.
1931 963 1990 1008 Et
2043 1022 2054 1024 Π

214 1046 540 1095 interfuerunt
578 1043 927 1108 septemdecim
963 1043 1253 1102 cardinales,
1300 1042 1524 1090 videlicet
1570 1059 1579 1090 :
1624 1032 2035 1112 Neapolitanusff

210 1129 567 1188 Ulixhonensis,
608 1127 974 1187 Recanatensis,
1010 1129 1397 1185 Beneventanus,
1435 1143 1473 1174 s.
1515 1127 1760 1186 Praxedis,
1788 1118 2076 1196 Alexan-*53²²

208 1213 392 1272 drinus,
454 1230 492 1261 s.
542 1212 725 1272 CruciS,
778 1212 1054 1269 Grimanus,
1101 1210 1497 1275 Caputaquensis,
1554 1211 1889 1271 Bononiensis,
1934 1199 2093 1269 det-Lfl

210 1297 385 1355 Flisco,
417 1297 663 1355 Senensis,
698 1288 928 1354 Medices,
961 1312 999 1343 s.
1031 1294 1264 1353 Severini,
1294 1293 1570 1353 CesarinUS,
1603 1295 1661 1343 de
1695 1295 1924 1344 Farnesio
1949 1300 1995 1343 et

209 1381 268 1428 de
292 1380 548 1428 Alibretto.

275 1464 456 1512 Eadem
482 1463 577 1522 die,
600 1463 668 1511 fui
693 1463 742 1510 in
765 1467 924 1511 castro
952 1479 990 1509 s.
1025 1461 1197 1526 Angeli
1233 1467 1280 1509 et
1312 1462 1585 1510 mensuravi
1611 1479 1673 1510 an
1700 1463 1838 1511 locus
1869 1467 1998 1512 esset

211 1563 298 1611 pro
320 1547 538 1596 conclavi
563 1547 767 1595 idoneus
795 1547 845 1594 in
871 1545 1109 1610 superiori
1132 1550 1289 1609 parte,
1319 1551 1367 1594 et
1388 1546 1551 1610 reperi
1577 1547 1759 1595 curiam
1785 1548 1998 1611 superio-

213 1647 333 1689 rem,
367 1636 496 1678 retro
531 1646 624 1693 que
663 1635 735 1678 est
769 1646 940 1677 versus
977 1629 1217 1677 orientem
1251 1633 1297 1676 et
1328 1629 1387 1677 ab
1413 1633 1551 1678 extra
1573 1630 1725 1678 tendit
1747 1631 1797 1678 in
1824 1620 1997 1679 rotun-

214 1714 326 1762 dam
351 1713 517 1772 castri,
551 1713 610 1761 ab
632 1713 757 1760 intra
780 1729 867 1776 per
889 1713 1089 1777 longum
1110 1712 1234 1759 muri
1257 1712 1366 1760 aule
1393 1717 1438 1759 et
1457 1713 1603 1761 turris
1622 1714 1670 1761 in
1691 1713 1996 1780 longitudine

214 1797 398 1846 habere
433 1813 614 1845 cannas
650 1796 911 1855 sexdecim,
942 1795 1071 1843 muri
1109 1796 1158 1843 in
1192 1796 1461 1856 latitudine,
1505 1797 1554 1844 in
1596 1798 1775 1857 medio,
1815 1813 1998 1847 cannas

217 1886 404 1944 septem
427 1881 501 1928 vel
526 1881 672 1940 circa,
703 1896 864 1928 versus
890 1873 1048 1943 capita
1071 1879 1131 1927 ad
1155 1880 1275 1927 duas
1290 1880 1363 1927 vel
1384 1879 1511 1928 circa
1532 1897 1713 1929 cannas
1733 1881 1999 1930 latitudinis

214 1979 477 2012 cannarum
505 1979 588 2013 sex
609 1981 618 2012 :
645 1964 738 2012 alia
760 1963 894 2011 curia
918 1979 1080 2011 versus
1105 1962 1408 2011 occidentem
1432 1978 1519 2027 per
1534 1980 1676 2028 quam
1702 1965 1762 2013 ad
1787 1969 2000 2014 castrum

215 2048 498 2096 ascenditur
514 2047 831 2111 longitudinis
848 2063 1113 2096 cannarum
1138 2047 1403 2106 sexdecim,
1435 2047 1575 2113 larga
1602 2049 1730 2113 apud
1745 2049 1998 2097 introitum

214 2147 480 2180 cannarum
505 2131 718 2195 quinque
757 2136 803 2180 et
831 2131 879 2179 in
905 2131 1060 2196 capite
1086 2131 1224 2195 juxta
1253 2136 1410 2179 rotam
1444 2131 1711 2181 latitudinis
1736 2149 1999 2182 cannarum

214 2215 378 2274 trium,
416 2215 686 2279 palmorum
711 2219 841 2264 octo.
882 2215 1003 2262 Aula
1035 2219 1108 2263 est
1138 2214 1454 2279 longitudinis
1491 2231 1757 2265 cannarum
1790 2221 1996 2282 septem,

214 2298 485 2362 palmorum
510 2299 750 2363 quinque3
777 2299 915 2364 larga
936 2314 1203 2347 cannarum
1228 2302 1453 2362 quatuor.
1490 2300 1743 2366 Designavi
1774 2301 1999 2350 conclave

217 2382 465 2446 quomodo
485 2382 589 2429 fieri
616 2386 780 2446 posset
803 2382 852 2430 in
874 2382 1006 2430 curia
1026 2382 1290 2446 posteriori
1312 2397 1577 2431 cannarum
1598 2384 1902 2448 triginta-sex
1926 2383 1999 2433 vel

218 2465 363 2514 etiam
380 2482 530 2528 usque
554 2465 615 2513 ad
645 2465 984 2530 quadraginta,
1020 2465 1184 2513 aulam
1206 2481 1293 2529 pro
1328 2467 1559 2516 scrutinio
1586 2472 1632 2515 et
1657 2469 1841 2517 curiam
1865 2472 1999 2519 ante-

215 2548 394 2597 riorem
424 2548 484 2596 ad
508 2548 943 2606 deambulandum;
978 2554 1206 2612 oportere
1241 2549 1428 2598 curiam
1466 2552 1790 2614 posteriorem
1821 2568 2000 2617 coope-

221 2631 314 2680 rire
340 2635 387 2680 et
414 2635 513 2679 tam
540 2630 671 2678 illam
697 2647 842 2695 quam
865 2631 1159 2679 anteriorem
1193 2631 1243 2678 in
1277 2632 1442 2679 multis
1468 2633 1587 2681 locis
1621 2634 1864 2685 claudere.
1901 2638 2002 2685 Hoc

221 2731 329 2764 sero
351 2714 480 2763 venit
503 2717 560 2763 D.
590 2714 816 2774 Jacobus,
844 2714 994 2762 frater
1021 2713 1278 2763 cardinalis
1304 2715 1551 2764 Senensis.

289 2799 375 2847 Die
392 2797 577 2859 martiS,
604 2801 664 2846 29
687 2797 896 2863 augusti,
922 2813 1018 2846 non
1051 2798 1137 2846 fuit
1156 2799 1486 2863 congregatiO,
1520 2815 1610 2848 nec
1643 2799 1821 2865 aliquid
1841 2807 2002 2852 actum

225 2883 283 2932 de
305 2883 516 2948 publico.

290 2967 379 3016 Die
405 2965 648 3026 mercurii,
678 2969 738 3015 30
768 2964 976 3029 augusti,
1010 2964 1099 3013 fuit
1121 2967 1435 3030 congregatio
1461 2967 1510 3015 in
1535 2967 1679 3017 domo
1703 2970 2006 3035 Neapolitani

225 3051 306 3115 qui
326 3051 440 3100 fecit
461 3050 652 3115 pulsare
677 3064 964 3114 campanam
998 3048 1058 3097 ad
1090 3051 1402 3114 equitandum
1425 3055 1472 3100 et
1504 3051 1722 3103 interfuit
1747 3070 1856 3103 cum
1876 3071 2010 3104 man-

229 3135 339 3183 tello
363 3150 508 3198 super
522 3134 746 3183 rochetto
773 3149 782 3180 :
813 3133 1136 3181 interfuerunt
1165 3135 1440 3183 octodecim
1474 3137 1765 3197 cardinaleS‚
1792 3139 2015 3189 videlicet

225 3217 582 3281 Neapolitanus,
608 3216 966 3276 UlixbonensiS,
991 3218 1355 3278 Recauatensis,
1388 3236 1427 3267 s.
1460 3221 1705 3270 Praxedis.
1730 3222 2012 3272 Alexandri-

229 3316 338 3359 nus,
364 3316 401 3347 s.
426 3300 608 3359 Crucis,
631 3300 904 3360 GrimanuS,
929 3299 1277 3361 Salernitanus,
1302 3303 1612 3363 Cusentinus,
1628 3307 2010 3368 Caputaquensis

230 3383 562 3442 Bononiensis,
592 3384 651 3432 de
674 3383 850 3443 Flisco,
875 3384 1121 3444 Senensis,
1147 3385 1377 3446 MediceS,
1401 3373 1439 3434 s'.
1468 3387 1711 3455 Severini,
1729 3389 2002 3450 Cesarinus,

230 3467 289 3517 de
313 3466 540 3516 Farnesio
569 3472 617 3516 et
640 3468 893 3518 Alibretto.
932 3467 1102 3517 Habita
1134 3474 1206 3519 est
1224 3470 1368 3535 longa
1395 3470 1699 3521 interlocutio
1724 3466 2004 3524 de'recessu
