2254 3944
355 424 377 458 8
801 430 810 443 ¹
987 421 1220 459 JOHANNIS
1254 423 1552 469 BURCHARDI,
1861 425 2018 465 [Janvier
2038 428 2132 468 1500]

358 524 591 573 reducant
639 523 863 587 imposito
916 528 1079 571 tamen
1123 523 1304 571 eisdem
1348 525 1618 588 peregrinis
1666 529 1713 574 et
1755 525 2027 575 forensibus
2075 543 2130 576 ac

359 607 584 654 Romanis
614 607 662 653 in
694 606 821 654 dicta
854 606 979 654 Urbe
1009 607 1418 655 commorantibus
1454 607 1635 656 dictum
1671 624 1929 656 numerum
1966 609 2134 658 abbre-

359 690 472 737 viari
496 689 761 738 volentibus
786 695 833 736 ut
853 689 1075 737 videlicet
1093 691 1334 753 peregrini
1358 695 1402 738 et
1425 691 1642 740 forenses
1666 696 1903 754 quartam,
1929 693 2131 741 Romani

358 789 471 821 vero
503 777 548 821 et
578 773 624 820 in
646 773 774 821 dicta
799 772 924 821 Urbe
949 777 1304 821 commorantes
1338 779 1382 821 et
1410 775 1678 824 residentes
1702 779 1918 824 octavam
1947 780 2132 839 partem

360 858 482 920 ejus,
533 857 662 919 quod
696 872 783 920 pro
827 872 993 904 eorum
1046 857 1169 904 victu
1219 857 1405 917 diebus,
1452 874 1544 921 que
1597 859 1665 906 eis
1713 858 2130 920 abbreviabuntur,

360 945 672 1004 exponerent,
712 940 759 987 in
797 956 944 1002 capsa
982 940 1430 1003 penitentiariorum
1469 943 1795 1005 predictorum
1838 958 1925 1007 pro
1966 958 2134 991 eorum

359 1023 668 1087 eleemosyna
714 1028 916 1087 ponant,
965 1023 1013 1070 in
1060 1024 1462 1072 restaurationem
1513 1030 1559 1073 et
1604 1026 1963 1090 reparationem
2008 1026 2134 1075 dicte

356 1107 555 1155 basilice
593 1124 630 1155 s,
673 1107 797 1155 Petri
829 1107 1150 1155 convertendo
1185 1111 1232 1155 et
1266 1108 1303 1154 si
1341 1108 1419 1170 qui
1469 1112 1610 1155 erunt
1652 1109 1772 1157 adeo
1809 1125 2047 1173 pauperes
2085 1115 2137 1158 ut

359 1190 717 1255 eleemosynam
741 1190 932 1253 elargiri
954 1195 1213 1253 nequeant,
1244 1206 1327 1237 eos
1350 1190 1408 1238 ab
1431 1190 1561 1238 omni
1581 1191 1835 1254 largitione
1857 1192 2134 1256 hujusmodi

358 1274 636 1332 liberand03
671 1283 718 1321 et
751 1274 862 1336 quia
897 1289 1004 1321 eam
1042 1274 1187 1337 aliqui
1220 1290 1277 1321 ex
1314 1273 1452 1320 dictis
1487 1275 1733 1333 Romanis,
1774 1290 1933 1334 senes,
1956 1275 2138 1323 valetu-

359 1356 547 1415 dinarii,
573 1357 746 1416 claudi,
771 1351 967 1415 infirmi,
999 1362 1047 1403 et
1076 1356 1351 1405 inimicitias
1375 1372 1543 1420 graves
1567 1362 1613 1404 et
1635 1357 1929 1420 periculosas
1950 1358 2138 1406 haben-

360 1444 446 1500 tes,
479 1441 559 1502 qui
591 1441 813 1488 basilicas
843 1440 1087 1503 predictas
1118 1443 1164 1487 et
1198 1439 1428 1487 ecclesias
1461 1440 1653 1487 visitare
1685 1456 1783 1488 non
1816 1445 2034 1504 possunt,
2067 1441 2136 1490 eis

358 1526 408 1570 ut
427 1523 636 1584 aliquam
667 1523 739 1569 vel
770 1523 951 1585 aliquas
974 1539 1032 1570 ex
1054 1523 1282 1585 predictis
1313 1523 1522 1570 basilicis
1545 1529 1592 1571 et
1624 1524 1861 1583 ecclesiis,
1895 1525 1967 1572 vel
1994 1540 2138 1588 paro-

359 1606 539 1654 chiales
570 1606 657 1653 sub
692 1606 931 1668 quibusvis
965 1605 1164 1668 degunt,
1199 1606 1432 1653 visitando
1461 1606 1606 1653 etiam
1634 1608 1683 1654 in
1717 1608 1904 1655 minore
1934 1623 2137 1656 numero

358 1693 543 1752 septem
578 1688 781 1747 dierum,
817 1704 914 1736 non
950 1693 1207 1737 teneantur
1238 1689 1299 1737 ad
1328 1690 1471 1737 aliam
1509 1690 1855 1749 visitationem,
1889 1695 1937 1738 et
1967 1691 2046 1753 qui
2081 1706 2139 1739 ex

360 1772 429 1818 eis
461 1772 657 1819 domum
689 1772 782 1819 sive
818 1787 1061 1819 cameram
1096 1772 1226 1820 exire
1263 1788 1360 1820 non
1391 1777 1615 1836 possunt,
1647 1773 1854 1821 sufficiat
1885 1773 2040 1821 solum
2070 1773 2138 1821 eis

359 1855 626 1902 orationem
655 1854 946 1902 dominicam
969 1859 1014 1903 et
1043 1854 1382 1904 salutationem
1402 1855 1673 1919 angelicam
1702 1861 1772 1904 tot
1792 1856 1974 1904 vicibus
2000 1861 2047 1905 et
2067 1861 2137 1905 tot

359 1938 526 1986 diebus
549 1942 664 2000 quot
691 1937 804 2000 ipsis
829 1938 1179 2000 penitentiariis
1211 1938 1448 1986 videbitur
1474 1937 1636 1987 dicere
1665 1946 1712 1986 et
1738 1940 1963 1999 recitare,
1989 1940 2136 1987 missa

357 2026 520 2068 tamen
559 2036 645 2083 per
680 2021 810 2084 ipsos
845 2021 906 2068 ad
946 2020 1122 2068 dictam
1159 2036 1372 2084 capsam,
1409 2020 1636 2069 videlicet
1670 2026 1840 2069 octava
1866 2026 2002 2085 parte
2035 2023 2139 2086 ejus

359 2103 488 2167 quod
539 2107 835 2167 exponerent
886 2103 1055 2151 diebus
1097 2104 1177 2166 qui
1215 2104 1283 2151 eis
1323 2103 1749 2163 abbreviabuntur,
1806 2109 1949 2168 prout
1996 2119 2140 2169 supra

358 2188 539 2236 dictum
587 2194 676 2246 est,
728 2186 1051 2235 concedentes
1100 2187 1228 2249 quod
1275 2202 1511 2250 pauperes
1564 2191 1725 2236 tamen
1773 2188 1892 2235 nihil
1942 2188 2133 2236 mittere

358 2274 628 2319 teneantur.
665 2273 863 2319 Necnon
893 2269 1115 2317 volumus
1151 2270 1333 2332 aliquas
1367 2270 1703 2334 eleemosynas
1743 2286 1830 2333 pro
1867 2271 2136 2318 animarum

358 2355 697 2402 defunctorum
730 2353 879 2401 salute
914 2353 1103 2415 elargiri
1134 2352 1278 2400 etiam
1309 2356 1500 2416 tempus
1538 2353 1828 2416 predictum,
1867 2354 1977 2401 data
2013 2354 2139 2401 elee-

357 2454 573 2503 mosyna,
598 2437 655 2484 de
682 2452 776 2499 qua
809 2436 924 2499 ipsis
958 2436 1307 2499 penitentiariis
1342 2435 1582 2484 videbitur
1613 2452 1700 2499 pro
1733 2451 1903 2484 eorum
1937 2436 2135 2484 arbitrio

358 2521 536 2586 (habito
562 2525 725 2567 tamen
755 2519 815 2567 ad
848 2519 1148 2567 conditiones
1179 2524 1226 2566 et
1256 2519 1509 2581 qualitates
1542 2534 1862 2582 personarum
1895 2518 2136 2583 respectu)

356 2603 663 2651 abbreviandi
687 2602 759 2649 vel
783 2606 937 2650 totum
963 2601 1237 2649 remittendi
1262 2617 1317 2649 ac
1345 2618 1490 2665 super
1512 2602 1919 2664 irregularitatem
1946 2601 2136 2664 quovis-

355 2687 499 2734 modo
541 2686 684 2733 etiam
721 2685 769 2732 in
808 2685 1072 2745 ordinibus,
1110 2688 1422 2748 preterquam
1458 2684 1732 2732 homicidiis
1766 2683 2047 2732 voluntariis
2085 2688 2134 2731 et

355 2770 562 2833 bigamie
604 2773 869 2827 contract0‚
909 2784 1001 2815 nec
1042 2783 1187 2830 super
1232 2767 1567 2825 matrimoniis,
1626 2767 1835 2814 scienter
1885 2766 1959 2813 vel
2000 2766 2136 2828 igno-

355 2858 532 2912 ranter,
572 2854 619 2900 in
651 2853 1032 2916 quibuscumque
1073 2850 1503 2913 consanguinitatis
1542 2852 1590 2896 et
1623 2848 1866 2896 affinitatis
1905 2848 2131 2912 gradibus

356 2937 499 2983 etiam
524 2936 882 2999 multiplicibus,
910 2951 938 2982 a
962 2934 1172 2982 secundo
1198 2938 1361 2982 tamen
1387 2933 1536 2996 gradu
1561 2931 1886 2990 inferioribus,
1915 2936 2133 2980 contrac-

355 3019 431 3075 tis,
477 3020 691 3078 occultis,
748 3023 908 3067 tamen
945 3018 1087 3066 etiam
1130 3017 1309 3065 carnali
1343 3016 1516 3080 copula
1547 3015 1820 3074 subsecuta,
1871 3019 1919 3063 et
1952 3015 2001 3062 in
2039 3014 2132 3062 illis

357 3117 607 3149 remanere
636 3102 766 3151 licite
792 3102 994 3165 possint,
1022 3101 1208 3165 prolem
1241 3104 1512 3164 susceptam
1543 3102 1588 3146 et
1623 3098 1980 3161 suscipiendam
2013 3097 2134 3160 legi-

356 3185 521 3232 timam
545 3185 868 3244 decernendo,
897 3185 1060 3248 previa
1086 3188 1247 3232 tamen
1274 3185 1332 3231 ab
1359 3181 1866 3231 excommunicationis
1894 3180 2133 3228 sententia

357 3283 500 3331 quam
525 3268 717 3330 proprie
749 3272 1063 3316 occurrerunt
1103 3267 1402 3316 absolutione
1434 3263 1769 3329 dispensandi;
1803 3277 1992 3310 necnon
2022 3266 2131 3310 vota

357 3366 661 3414 quecumque
686 3366 774 3413 per
802 3351 1086 3398 confitentes
1119 3352 1187 3398 eis
1222 3351 1396 3398 emissa
1428 3346 1881 3414 (Hierosolimitana,
1912 3349 1958 3393 et
1983 3345 2133 3393 conti-

359 3433 519 3481 nentie
555 3448 610 3480 ac
644 3433 891 3495 religionis
926 3434 1045 3480 votis
1083 3434 1313 3482 duntaxat
1354 3431 1582 3497 exceptis)
1621 3428 1966 3488 commutandi,
2008 3427 2133 3475 facta

359 3518 519 3562 tamen
552 3529 697 3577 super
730 3514 804 3560 his
841 3513 1000 3561 debita
1040 3515 1388 3577 compositione
1423 3515 1557 3577 juxta
1593 3511 1848 3576 qualitates
1887 3516 1934 3561 et
1965 3510 2131 3560 condi-
