<?xml version="1.0" encoding="UTF-8"?>
<!DOCTYPE html PUBLIC "-//W3C//DTD XHTML 1.0 Transitional//EN"
    "http://www.w3.org/TR/xhtml1/DTD/xhtml1-transitional.dtd">
<html xmlns="http://www.w3.org/1999/xhtml" xml:lang="en" lang="en">
 <head>
  <title>
</title>
<meta http-equiv="Content-Type" content="text/html;charset=utf-8" />
  <meta name='ocr-system' content='tesseract 3.04.00' />
  <meta name='ocr-capabilities' content='ocr_page ocr_carea ocr_par ocr_line ocrx_word'/>
</head>
<body>
  <div class='ocr_page' id='page_1' title='image "./diariumsivererum03burcuoft_0223.png"; bbox 0 0 2228 3938; ppageno 0'>
   <div class='ocr_carea' id='block_1_1' title="bbox 152 369 1931 417">
    <p class='ocr_par' dir='ltr' id='par_1_1' title="bbox 152 369 1931 417">
     <span class='ocr_line' id='line_1_1' title="bbox 152 369 1931 417; baseline 0 -10"><span class='ocrx_word' id='word_1_1' title='bbox 152 375 237 417; x_wconf 79' lang='lat' dir='ltr'>[Mai</span> <span class='ocrx_word' id='word_1_2' title='bbox 262 376 353 414; x_wconf 85' lang='lat'>1501]</span> <span class='ocrx_word' id='word_1_3' title='bbox 598 373 765 409; x_wconf 70' lang='lat' dir='ltr'>RERUM</span> <span class='ocrx_word' id='word_1_4' title='bbox 800 369 1098 408; x_wconf 75' lang='lat' dir='ltr'>URBANARUM</span> <span class='ocrx_word' id='word_1_5' title='bbox 1127 369 1476 407; x_wconf 71' lang='lat' dir='ltr'>COMMENTARH.</span> <span class='ocrx_word' id='word_1_6' title='bbox 1867 373 1931 407; x_wconf 61' lang='lat'>1⁷11</span> 
     </span>
    </p>
   </div>
   <div class='ocr_carea' id='block_1_2' title="bbox 152 472 1976 3201">
    <p class='ocr_par' dir='ltr' id='par_1_2' title="bbox 152 472 1961 2285">
     <span class='ocr_line' id='line_1_2' title="bbox 152 472 1933 539; baseline -0.002 -14"><span class='ocrx_word' id='word_1_7' title='bbox 152 477 490 527; x_wconf 86' lang='lat' dir='ltr'>Cesenatensis</span> <span class='ocrx_word' id='word_1_8' title='bbox 517 475 702 539; x_wconf 88' lang='lat' dir='ltr'>accepit</span> <span class='ocrx_word' id='word_1_9' title='bbox 725 472 929 538; x_wconf 79' lang='lat' dir='ltr'>pluviale</span> <span class='ocrx_word' id='word_1_10' title='bbox 959 472 1160 520; x_wconf 86' lang='lat' dir='ltr'>rubeum</span> <span class='ocrx_word' id='word_1_11' title='bbox 1196 476 1242 520; x_wconf 91' lang='lat' dir='ltr'>et</span> <span class='ocrx_word' id='word_1_12' title='bbox 1274 472 1471 520; x_wconf 82' lang='lat' dir='ltr'>mitram</span> <span class='ocrx_word' id='word_1_13' title='bbox 1504 474 1776 538; x_wconf 80' lang='lat' dir='ltr'>simplicem</span> <span class='ocrx_word' id='word_1_14' title='bbox 1806 475 1933 523; x_wconf 85' lang='lat' dir='ltr'>intra</span> 
     </span>
     <span class='ocr_line' id='line_1_3' title="bbox 156 554 1935 621; baseline -0.001 -13"><span class='ocrx_word' id='word_1_15' title='bbox 156 560 425 609; x_wconf 90' lang='lat' dir='ltr'>cancellum</span> <span class='ocrx_word' id='word_1_16' title='bbox 450 574 506 607; x_wconf 90' lang='lat' dir='ltr'>ac</span> <span class='ocrx_word' id='word_1_17' title='bbox 531 558 658 606; x_wconf 90' lang='lat' dir='ltr'>illius</span> <span class='ocrx_word' id='word_1_18' title='bbox 683 560 889 621; x_wconf 86' lang='lat' dir='ltr'>portam,</span> <span class='ocrx_word' id='word_1_19' title='bbox 915 559 960 602; x_wconf 86' lang='lat' dir='ltr'>et</span> <span class='ocrx_word' id='word_1_20' title='bbox 990 554 1142 602; x_wconf 87' lang='lat' dir='ltr'>altare</span> <span class='ocrx_word' id='word_1_21' title='bbox 1170 555 1390 603; x_wconf 88' lang='lat' dir='ltr'>ascendit</span> <span class='ocrx_word' id='word_1_22' title='bbox 1417 557 1475 603; x_wconf 90' lang='lat' dir='ltr'>ad</span> <span class='ocrx_word' id='word_1_23' title='bbox 1507 559 1686 621; x_wconf 88' lang='lat' dir='ltr'>Papam</span> <span class='ocrx_word' id='word_1_24' title='bbox 1715 559 1764 605; x_wconf 91' lang='lat' dir='ltr'>et</span> <span class='ocrx_word' id='word_1_25' title='bbox 1792 573 1935 606; x_wconf 89' lang='lat' dir='ltr'>oscu-</span> 
     </span>
     <span class='ocr_line' id='line_1_4' title="bbox 154 638 1935 708; baseline -0.002 -16"><span class='ocrx_word' id='word_1_26' title='bbox 154 644 282 692; x_wconf 80' lang='lat' dir='ltr'>latus</span> <span class='ocrx_word' id='word_1_27' title='bbox 312 644 385 691; x_wconf 85' lang='lat' dir='ltr'>est</span> <span class='ocrx_word' id='word_1_28' title='bbox 418 658 576 708; x_wconf 82' lang='lat' dir='ltr'>genua</span> <span class='ocrx_word' id='word_1_29' title='bbox 609 640 752 700; x_wconf 82' lang='lat' dir='ltr'>illius,</span> <span class='ocrx_word' id='word_1_30' title='bbox 795 642 861 697; x_wconf 91' lang='lat' dir='ltr'>et,</span> <span class='ocrx_word' id='word_1_31' title='bbox 904 638 1082 686; x_wconf 89' lang='lat' dir='ltr'>omissa</span> <span class='ocrx_word' id='word_1_32' title='bbox 1115 638 1349 701; x_wconf 89' lang='lat' dir='ltr'>petitione</span> <span class='ocrx_word' id='word_1_33' title='bbox 1388 640 1756 699; x_wconf 70' lang='lat' dir='ltr'>benedictionis,</span> <span class='ocrx_word' id='word_1_34' title='bbox 1798 641 1935 705; x_wconf 91' lang='lat' dir='ltr'>petiit</span> 
     </span>
     <span class='ocr_line' id='line_1_5' title="bbox 158 719 1936 790; baseline -0.002 -16"><span class='ocrx_word' id='word_1_35' title='bbox 158 726 482 790; x_wconf 77' lang='lat' dir='ltr'>indulgentias</span> <span class='ocrx_word' id='word_1_36' title='bbox 503 730 550 774; x_wconf 92' lang='lat' dir='ltr'>et</span> <span class='ocrx_word' id='word_1_37' title='bbox 574 727 700 788; x_wconf 88' lang='lat' dir='ltr'>Papa</span> <span class='ocrx_word' id='word_1_38' title='bbox 720 721 959 771; x_wconf 86' lang='lat' dir='ltr'>concessit</span> <span class='ocrx_word' id='word_1_39' title='bbox 982 721 1384 770; x_wconf 89' lang='lat' dir='ltr'>interessentibus</span> <span class='ocrx_word' id='word_1_40' title='bbox 1405 726 1452 771; x_wconf 93' lang='lat' dir='ltr'>et</span> <span class='ocrx_word' id='word_1_41' title='bbox 1473 723 1735 786; x_wconf 82' lang='lat' dir='ltr'>plenarias3</span> <span class='ocrx_word' id='word_1_42' title='bbox 1761 719 1936 787; x_wconf 87' lang='lat' dir='ltr'>quibus</span> 
     </span>
     <span class='ocr_line' id='line_1_6' title="bbox 158 804 1936 870; baseline -0.002 -12"><span class='ocrx_word' id='word_1_43' title='bbox 158 810 354 870; x_wconf 84' lang='lat' dir='ltr'>habitis,</span> <span class='ocrx_word' id='word_1_44' title='bbox 386 808 633 858; x_wconf 88' lang='lat' dir='ltr'>descendit</span> <span class='ocrx_word' id='word_1_45' title='bbox 663 807 724 855; x_wconf 89' lang='lat' dir='ltr'>ad</span> <span class='ocrx_word' id='word_1_46' title='bbox 756 805 994 870; x_wconf 79' lang='lat' dir='ltr'>pulpitum</span> <span class='ocrx_word' id='word_1_47' title='bbox 1022 804 1291 867; x_wconf 88' lang='lat' dir='ltr'>predictum</span> <span class='ocrx_word' id='word_1_48' title='bbox 1321 808 1369 854; x_wconf 91' lang='lat' dir='ltr'>et</span> <span class='ocrx_word' id='word_1_49' title='bbox 1399 806 1514 855; x_wconf 85' lang='lat' dir='ltr'>fecit</span> <span class='ocrx_word' id='word_1_50' title='bbox 1545 807 1817 856; x_wconf 90' lang='lat' dir='ltr'>orationem</span> <span class='ocrx_word' id='word_1_51' title='bbox 1851 808 1936 855; x_wconf 90' lang='lat' dir='ltr'>de-</span> 
     </span>
     <span class='ocr_line' id='line_1_7' title="bbox 161 886 1936 953; baseline -0.002 -13"><span class='ocrx_word' id='word_1_52' title='bbox 161 893 510 940; x_wconf 78' lang='lat' dir='ltr'>nunciatoria&#39;m</span> <span class='ocrx_word' id='word_1_53' title='bbox 540 889 718 939; x_wconf 88' lang='lat' dir='ltr'>federis</span> <span class='ocrx_word' id='word_1_54' title='bbox 751 889 878 936; x_wconf 86' lang='lat' dir='ltr'>inter</span> <span class='ocrx_word' id='word_1_55' title='bbox 910 890 1106 951; x_wconf 91' lang='lat' dir='ltr'>Papam,</span> <span class='ocrx_word' id='word_1_56' title='bbox 1143 903 1311 951; x_wconf 88' lang='lat' dir='ltr'>regem</span> <span class='ocrx_word' id='word_1_57' title='bbox 1347 886 1557 953; x_wconf 78' lang='lat' dir='ltr'>Ungarie</span> <span class='ocrx_word' id='word_1_58' title='bbox 1591 894 1638 937; x_wconf 90' lang='lat' dir='ltr'>et</span> <span class='ocrx_word' id='word_1_59' title='bbox 1669 890 1936 937; x_wconf 88' lang='lat' dir='ltr'>dominium</span> 
     </span>
     <span class='ocr_line' id='line_1_8' title="bbox 161 971 1938 1038; baseline -0.002 -13"><span class='ocrx_word' id='word_1_60' title='bbox 161 979 460 1038; x_wconf 82' lang='lat' dir='ltr'>Venetorum</span> <span class='ocrx_word' id='word_1_61' title='bbox 495 974 599 1023; x_wconf 91' lang='lat' dir='ltr'>initi</span> <span class='ocrx_word' id='word_1_62' title='bbox 629 978 793 1022; x_wconf 86' lang='lat' dir='ltr'>contra</span> <span class='ocrx_word' id='word_1_63' title='bbox 823 974 1020 1029; x_wconf 88' lang='lat' dir='ltr'>Turcas,</span> <span class='ocrx_word' id='word_1_64' title='bbox 1058 974 1105 1019; x_wconf 92' lang='lat' dir='ltr'>et</span> <span class='ocrx_word' id='word_1_65' title='bbox 1134 986 1231 1018; x_wconf 90' lang='lat' dir='ltr'>non</span> <span class='ocrx_word' id='word_1_66' title='bbox 1263 971 1390 1020; x_wconf 87' lang='lat' dir='ltr'>venit</span> <span class='ocrx_word' id='word_1_67' title='bbox 1423 973 1484 1019; x_wconf 84' lang='lat' dir='ltr'>ad</span> <span class='ocrx_word' id='word_1_68' title='bbox 1524 973 1938 1035; x_wconf 86' lang='lat' dir='ltr'>specificationem</span> 
     </span>
     <span class='ocr_line' id='line_1_9' title="bbox 164 1054 1942 1123; baseline -0.002 -16"><span class='ocrx_word' id='word_1_69' title='bbox 164 1059 502 1123; x_wconf 86' lang='lat' dir='ltr'>capitulorum,</span> <span class='ocrx_word' id='word_1_70' title='bbox 530 1057 761 1106; x_wconf 87' lang='lat' dir='ltr'>neclecta</span> <span class='ocrx_word' id='word_1_71' title='bbox 783 1058 891 1102; x_wconf 91' lang='lat' dir='ltr'>sunt</span> <span class='ocrx_word' id='word_1_72' title='bbox 913 1054 1139 1118; x_wconf 86' lang='lat' dir='ltr'>capitula.</span> <span class='ocrx_word' id='word_1_73' title='bbox 1166 1054 1323 1101; x_wconf 89' lang='lat' dir='ltr'>Finita</span> <span class='ocrx_word' id='word_1_74' title='bbox 1344 1055 1582 1115; x_wconf 85' lang='lat' dir='ltr'>oratione,</span> <span class='ocrx_word' id='word_1_75' title='bbox 1610 1057 1942 1120; x_wconf 72' lang='lat' dir='ltr'>pronunciavit</span> 
     </span>
     <span class='ocr_line' id='line_1_10' title="bbox 165 1137 1942 1204; baseline 0 -17"><span class='ocrx_word' id='word_1_76' title='bbox 165 1142 267 1190; x_wconf 80' lang='lat' dir='ltr'>sine</span> <span class='ocrx_word' id='word_1_77' title='bbox 287 1158 421 1190; x_wconf 88' lang='lat' dir='ltr'>mora</span> <span class='ocrx_word' id='word_1_78' title='bbox 443 1139 768 1204; x_wconf 75' lang='lat' dir='ltr'>indulgentias</span> <span class='ocrx_word' id='word_1_79' title='bbox 791 1138 982 1185; x_wconf 88' lang='lat' dir='ltr'>habitas</span> <span class='ocrx_word' id='word_1_80' title='bbox 1004 1153 1032 1185; x_wconf 88' lang='lat' dir='ltr'>a</span> <span class='ocrx_word' id='word_1_81' title='bbox 1057 1139 1202 1200; x_wconf 86' lang='lat' dir='ltr'>Papa,</span> <span class='ocrx_word' id='word_1_82' title='bbox 1231 1137 1311 1200; x_wconf 89' lang='lat' dir='ltr'>qui</span> <span class='ocrx_word' id='word_1_83' title='bbox 1336 1138 1565 1186; x_wconf 88' lang='lat' dir='ltr'>adstatim</span> <span class='ocrx_word' id='word_1_84' title='bbox 1592 1144 1723 1188; x_wconf 89' lang='lat' dir='ltr'>stans</span> <span class='ocrx_word' id='word_1_85' title='bbox 1747 1139 1795 1186; x_wconf 91' lang='lat' dir='ltr'>in</span> <span class='ocrx_word' id='word_1_86' title='bbox 1820 1139 1942 1187; x_wconf 89' lang='lat' dir='ltr'>solio</span> 
     </span>
     <span class='ocr_line' id='line_1_11' title="bbox 166 1220 1947 1287; baseline -0.001 -15"><span class='ocrx_word' id='word_1_87' title='bbox 166 1224 269 1273; x_wconf 90' lang='lat' dir='ltr'>sine</span> <span class='ocrx_word' id='word_1_88' title='bbox 307 1224 448 1272; x_wconf 85' lang='lat' dir='ltr'>mitra</span> <span class='ocrx_word' id='word_1_89' title='bbox 491 1223 672 1287; x_wconf 82' lang='lat' dir='ltr'>incepit</span> <span class='ocrx_word' id='word_1_90' title='bbox 715 1220 1000 1285; x_wconf 83' lang='lat' dir='ltr'>intelligibili</span> <span class='ocrx_word' id='word_1_91' title='bbox 1045 1236 1162 1268; x_wconf 89' lang='lat' dir='ltr'>voce</span> <span class='ocrx_word' id='word_1_92' title='bbox 1212 1220 1276 1267; x_wconf 85' lang='lat' dir='ltr'>Te</span> <span class='ocrx_word' id='word_1_93' title='bbox 1315 1220 1477 1268; x_wconf 76' lang='lat' dir='ltr'>Deum</span> <span class='ocrx_word' id='word_1_94' title='bbox 1519 1221 1771 1269; x_wconf 76' lang='lat' dir='ltr'>laudamus</span> <span class='ocrx_word' id='word_1_95' title='bbox 1817 1222 1947 1285; x_wconf 90' lang='lat' dir='ltr'>quod</span> 
     </span>
     <span class='ocr_line' id='line_1_12' title="bbox 167 1303 1947 1370; baseline -0.002 -15"><span class='ocrx_word' id='word_1_96' title='bbox 167 1311 390 1356; x_wconf 88' lang='lat' dir='ltr'>cantores</span> <span class='ocrx_word' id='word_1_97' title='bbox 418 1305 662 1370; x_wconf 89' lang='lat' dir='ltr'>prosecuti</span> <span class='ocrx_word' id='word_1_98' title='bbox 688 1308 797 1352; x_wconf 90' lang='lat' dir='ltr'>sunt</span> <span class='ocrx_word' id='word_1_99' title='bbox 818 1304 877 1352; x_wconf 91' lang='lat' dir='ltr'>ad</span> <span class='ocrx_word' id='word_1_100' title='bbox 901 1304 1066 1351; x_wconf 87' lang='lat' dir='ltr'>finem.</span> <span class='ocrx_word' id='word_1_101' title='bbox 1097 1306 1199 1359; x_wconf 82' lang='lat' dir='ltr'>Quo</span> <span class='ocrx_word' id='word_1_102' title='bbox 1227 1303 1381 1363; x_wconf 87' lang='lat' dir='ltr'>sinito,</span> <span class='ocrx_word' id='word_1_103' title='bbox 1414 1306 1544 1368; x_wconf 88' lang='lat' dir='ltr'>Papa</span> <span class='ocrx_word' id='word_1_104' title='bbox 1569 1305 1726 1353; x_wconf 90' lang='lat' dir='ltr'>adhuc</span> <span class='ocrx_word' id='word_1_105' title='bbox 1753 1305 1801 1352; x_wconf 91' lang='lat' dir='ltr'>in</span> <span class='ocrx_word' id='word_1_106' title='bbox 1826 1305 1947 1353; x_wconf 93' lang='lat' dir='ltr'>solio</span> 
     </span>
     <span class='ocr_line' id='line_1_13' title="bbox 168 1386 1951 1452; baseline -0.002 -14"><span class='ocrx_word' id='word_1_107' title='bbox 168 1394 302 1438; x_wconf 86' lang='lat' dir='ltr'>stans</span> <span class='ocrx_word' id='word_1_108' title='bbox 326 1390 443 1437; x_wconf 88' lang='lat' dir='ltr'>dixit</span> <span class='ocrx_word' id='word_1_109' title='bbox 470 1390 615 1437; x_wconf 81' lang='lat' dir='ltr'>Pater</span> <span class='ocrx_word' id='word_1_110' title='bbox 635 1395 792 1435; x_wconf 78' lang='lat' dir='ltr'>noster</span> <span class='ocrx_word' id='word_1_111' title='bbox 813 1391 858 1435; x_wconf 91' lang='lat' dir='ltr'>et</span> <span class='ocrx_word' id='word_1_112' title='bbox 879 1387 1144 1435; x_wconf 86' lang='lat' dir='ltr'>versiculos</span> <span class='ocrx_word' id='word_1_113' title='bbox 1170 1403 1227 1434; x_wconf 89' lang='lat' dir='ltr'>ac</span> <span class='ocrx_word' id='word_1_114' title='bbox 1247 1386 1366 1434; x_wconf 90' lang='lat' dir='ltr'>duas</span> <span class='ocrx_word' id='word_1_115' title='bbox 1388 1387 1632 1436; x_wconf 89' lang='lat' dir='ltr'>orationes</span> <span class='ocrx_word' id='word_1_116' title='bbox 1654 1404 1746 1452; x_wconf 88' lang='lat' dir='ltr'>que</span> <span class='ocrx_word' id='word_1_117' title='bbox 1769 1389 1951 1437; x_wconf 89' lang='lat' dir='ltr'>haben-</span> 
     </span>
     <span class='ocr_line' id='line_1_14' title="bbox 170 1470 1947 1537; baseline -0.001 -16"><span class='ocrx_word' id='word_1_118' title='bbox 170 1479 244 1521; x_wconf 89' lang='lat' dir='ltr'>tur</span> <span class='ocrx_word' id='word_1_119' title='bbox 265 1474 312 1521; x_wconf 92' lang='lat' dir='ltr'>in</span> <span class='ocrx_word' id='word_1_120' title='bbox 342 1472 655 1521; x_wconf 88' lang='lat' dir='ltr'>ceremoniali</span> <span class='ocrx_word' id='word_1_121' title='bbox 680 1471 728 1518; x_wconf 89' lang='lat' dir='ltr'>in</span> <span class='ocrx_word' id='word_1_122' title='bbox 752 1470 1083 1535; x_wconf 85' lang='lat' dir='ltr'>publicatione</span> <span class='ocrx_word' id='word_1_123' title='bbox 1104 1470 1283 1519; x_wconf 85' lang='lat' dir='ltr'>sederis</span> <span class='ocrx_word' id='word_1_124' title='bbox 1302 1470 1407 1519; x_wconf 92' lang='lat' dir='ltr'>initi</span> <span class='ocrx_word' id='word_1_125' title='bbox 1427 1475 1596 1519; x_wconf 88' lang='lat' dir='ltr'>contra</span> <span class='ocrx_word' id='word_1_126' title='bbox 1619 1471 1838 1519; x_wconf 87' lang='lat' dir='ltr'>infideles</span> <span class='ocrx_word' id='word_1_127' title='bbox 1854 1471 1916 1537; x_wconf 81' lang='lat'>(1)</span> <span class='ocrx_word' id='word_1_128' title='bbox 1938 1488 1947 1530; x_wconf 88' lang='lat'>;</span> 
     </span>
     <span class='ocr_line' id='line_1_15' title="bbox 169 1553 1949 1620; baseline -0.002 -15"><span class='ocrx_word' id='word_1_129' title='bbox 169 1557 344 1620; x_wconf 90' lang='lat' dir='ltr'>quibus</span> <span class='ocrx_word' id='word_1_130' title='bbox 371 1556 530 1616; x_wconf 89' lang='lat' dir='ltr'>dictis,</span> <span class='ocrx_word' id='word_1_131' title='bbox 559 1555 694 1603; x_wconf 84' lang='lat' dir='ltr'>dedit</span> <span class='ocrx_word' id='word_1_132' title='bbox 719 1553 1107 1602; x_wconf 88' lang='lat' dir='ltr'>benedictionem</span> <span class='ocrx_word' id='word_1_133' title='bbox 1135 1553 1314 1617; x_wconf 93' lang='lat' dir='ltr'>populo</span> <span class='ocrx_word' id='word_1_134' title='bbox 1336 1570 1473 1602; x_wconf 90' lang='lat' dir='ltr'>more</span> <span class='ocrx_word' id='word_1_135' title='bbox 1495 1554 1653 1614; x_wconf 83' lang='lat' dir='ltr'>solito,</span> <span class='ocrx_word' id='word_1_136' title='bbox 1682 1554 1949 1612; x_wconf 88' lang='lat' dir='ltr'>descendit,</span> 
     </span>
     <span class='ocr_line' id='line_1_16' title="bbox 171 1635 1948 1699; baseline -0.002 -11"><span class='ocrx_word' id='word_1_137' title='bbox 171 1643 219 1687; x_wconf 84' lang='lat' dir='ltr'>et</span> <span class='ocrx_word' id='word_1_138' title='bbox 247 1640 375 1688; x_wconf 86' lang='lat' dir='ltr'>facta</span> <span class='ocrx_word' id='word_1_139' title='bbox 405 1639 626 1687; x_wconf 89' lang='lat' dir='ltr'>oratione</span> <span class='ocrx_word' id='word_1_140' title='bbox 660 1640 770 1684; x_wconf 86' lang='lat' dir='ltr'>ante</span> <span class='ocrx_word' id='word_1_141' title='bbox 802 1637 970 1694; x_wconf 84' lang='lat' dir='ltr'>altare,</span> <span class='ocrx_word' id='word_1_142' title='bbox 1007 1636 1195 1699; x_wconf 89' lang='lat' dir='ltr'>accepit</span> <span class='ocrx_word' id='word_1_143' title='bbox 1222 1635 1449 1694; x_wconf 85' lang='lat' dir='ltr'>thiaram,</span> <span class='ocrx_word' id='word_1_144' title='bbox 1484 1636 1632 1684; x_wconf 87' lang='lat' dir='ltr'>exivit</span> <span class='ocrx_word' id='word_1_145' title='bbox 1662 1637 1948 1697; x_wconf 81' lang='lat' dir='ltr'>cancellum,</span> 
     </span>
     <span class='ocr_line' id='line_1_17' title="bbox 172 1718 1954 1782; baseline 0 -14"><span class='ocrx_word' id='word_1_146' title='bbox 172 1722 290 1769; x_wconf 71' lang='lat' dir='ltr'>vidit</span> <span class='ocrx_word' id='word_1_147' title='bbox 309 1722 490 1770; x_wconf 87' lang='lat' dir='ltr'>ferrum</span> <span class='ocrx_word' id='word_1_148' title='bbox 512 1721 682 1768; x_wconf 86' lang='lat' dir='ltr'>lancee</span> <span class='ocrx_word' id='word_1_149' title='bbox 707 1719 902 1776; x_wconf 78' lang='lat' dir='ltr'>Christi,</span> <span class='ocrx_word' id='word_1_150' title='bbox 931 1718 1106 1765; x_wconf 90' lang='lat' dir='ltr'>deinde</span> <span class='ocrx_word' id='word_1_151' title='bbox 1131 1718 1318 1765; x_wconf 82' lang='lat' dir='ltr'>vultum</span> <span class='ocrx_word' id='word_1_152' title='bbox 1344 1718 1495 1782; x_wconf 89' lang='lat' dir='ltr'>ipsius</span> <span class='ocrx_word' id='word_1_153' title='bbox 1522 1719 1714 1768; x_wconf 78' lang='lat' dir='ltr'>[Domini</span> <span class='ocrx_word' id='word_1_154' title='bbox 1742 1724 1790 1768; x_wconf 92' lang='lat' dir='ltr'>et</span> <span class='ocrx_word' id='word_1_155' title='bbox 1812 1720 1954 1768; x_wconf 89' lang='lat' dir='ltr'>rediit</span> 
     </span>
     <span class='ocr_line' id='line_1_18' title="bbox 174 1801 1953 1868; baseline -0.001 -16"><span class='ocrx_word' id='word_1_156' title='bbox 174 1804 234 1852; x_wconf 88' lang='lat' dir='ltr'>ad</span> <span class='ocrx_word' id='word_1_157' title='bbox 267 1804 499 1868; x_wconf 85' lang='lat' dir='ltr'>palatium</span> <span class='ocrx_word' id='word_1_158' title='bbox 532 1819 667 1851; x_wconf 84' lang='lat' dir='ltr'>more</span> <span class='ocrx_word' id='word_1_159' title='bbox 701 1805 952 1850; x_wconf 86' lang='lat' dir='ltr'>consueto.</span> <span class='ocrx_word' id='word_1_160' title='bbox 992 1804 1043 1848; x_wconf 90' lang='lat' dir='ltr'>ln</span> <span class='ocrx_word' id='word_1_161' title='bbox 1075 1816 1183 1849; x_wconf 91' lang='lat' dir='ltr'>sero</span> <span class='ocrx_word' id='word_1_162' title='bbox 1214 1801 1400 1865; x_wconf 87' lang='lat' dir='ltr'>pulsata</span> <span class='ocrx_word' id='word_1_163' title='bbox 1431 1807 1503 1850; x_wconf 88' lang='lat' dir='ltr'>est</span> <span class='ocrx_word' id='word_1_164' title='bbox 1531 1818 1764 1867; x_wconf 87' lang='lat' dir='ltr'>campana</span> <span class='ocrx_word' id='word_1_165' title='bbox 1797 1804 1953 1868; x_wconf 86' lang='lat' dir='ltr'>major</span> 
     </span>
     <span class='ocr_line' id='line_1_19' title="bbox 177 1885 1954 1952; baseline -0.001 -16"><span class='ocrx_word' id='word_1_166' title='bbox 177 1887 413 1952; x_wconf 87' lang='lat' dir='ltr'>Capitolii,</span> <span class='ocrx_word' id='word_1_167' title='bbox 448 1892 495 1936; x_wconf 95' lang='lat' dir='ltr'>et</span> <span class='ocrx_word' id='word_1_168' title='bbox 524 1887 636 1935; x_wconf 88' lang='lat' dir='ltr'>facti</span> <span class='ocrx_word' id='word_1_169' title='bbox 669 1902 758 1950; x_wconf 87' lang='lat' dir='ltr'>per</span> <span class='ocrx_word' id='word_1_170' title='bbox 787 1885 965 1933; x_wconf 87' lang='lat' dir='ltr'>Urbem</span> <span class='ocrx_word' id='word_1_171' title='bbox 998 1885 1152 1948; x_wconf 86' lang='lat' dir='ltr'>ignes.</span> <span class='ocrx_word' id='word_1_172' title='bbox 1184 1885 1540 1933; x_wconf 91' lang='lat' dir='ltr'>Proclamatum</span> <span class='ocrx_word' id='word_1_173' title='bbox 1571 1886 1669 1934; x_wconf 91' lang='lat' dir='ltr'>sive</span> <span class='ocrx_word' id='word_1_174' title='bbox 1703 1887 1954 1934; x_wconf 85' lang='lat' dir='ltr'>bannitum</span> 
     </span>
     <span class='ocr_line' id='line_1_20' title="bbox 177 1967 1957 2034; baseline -0.001 -15"><span class='ocrx_word' id='word_1_175' title='bbox 177 1971 263 2029; x_wconf 84' lang='lat' dir='ltr'>fuit</span> <span class='ocrx_word' id='word_1_176' title='bbox 285 1971 344 2018; x_wconf 91' lang='lat' dir='ltr'>de</span> <span class='ocrx_word' id='word_1_177' title='bbox 367 1971 595 2019; x_wconf 89' lang='lat' dir='ltr'>mandato</span> <span class='ocrx_word' id='word_1_178' title='bbox 619 1971 702 2018; x_wconf 89' lang='lat' dir='ltr'>SS.</span> <span class='ocrx_word' id='word_1_179' title='bbox 730 1971 785 2016; x_wconf 94' lang='lat' dir='ltr'>D.</span> <span class='ocrx_word' id='word_1_180' title='bbox 810 1971 866 2015; x_wconf 89' lang='lat' dir='ltr'>N.</span> <span class='ocrx_word' id='word_1_181' title='bbox 889 1971 1018 2031; x_wconf 85' lang='lat' dir='ltr'>Pape</span> <span class='ocrx_word' id='word_1_182' title='bbox 1039 1967 1230 2031; x_wconf 90' lang='lat' dir='ltr'>publice</span> <span class='ocrx_word' id='word_1_183' title='bbox 1248 1983 1337 2031; x_wconf 91' lang='lat' dir='ltr'>per</span> <span class='ocrx_word' id='word_1_184' title='bbox 1357 1968 1554 2027; x_wconf 89' lang='lat' dir='ltr'>Urbem,</span> <span class='ocrx_word' id='word_1_185' title='bbox 1581 1970 1660 2018; x_wconf 93' lang='lat' dir='ltr'>die</span> <span class='ocrx_word' id='word_1_186' title='bbox 1677 1970 1800 2034; x_wconf 90' lang='lat' dir='ltr'>jovis</span> <span class='ocrx_word' id='word_1_187' title='bbox 1823 1974 1848 2019; x_wconf 89' lang='lat'><strong>3</strong></span> <span class='ocrx_word' id='word_1_188' title='bbox 1873 1987 1957 2018; x_wconf 89' lang='lat' dir='ltr'>seu</span> 
     </span>
     <span class='ocr_line' id='line_1_21' title="bbox 177 2051 1960 2118; baseline 0.001 -17"><span class='ocrx_word' id='word_1_189' title='bbox 177 2054 366 2102; x_wconf 83' lang='lat' dir='ltr'>veneris</span> <span class='ocrx_word' id='word_1_190' title='bbox 403 2058 431 2101; x_wconf 77' lang='lat'>4</span> <span class='ocrx_word' id='word_1_191' title='bbox 462 2054 644 2101; x_wconf 91' lang='lat' dir='ltr'>mensis</span> <span class='ocrx_word' id='word_1_192' title='bbox 675 2052 813 2116; x_wconf 90' lang='lat' dir='ltr'>junii,</span> <span class='ocrx_word' id='word_1_193' title='bbox 855 2051 984 2114; x_wconf 86' lang='lat' dir='ltr'>quod</span> <span class='ocrx_word' id='word_1_194' title='bbox 1023 2067 1192 2099; x_wconf 89' lang='lat' dir='ltr'>omnes</span> <span class='ocrx_word' id='word_1_195' title='bbox 1229 2051 1415 2099; x_wconf 89' lang='lat' dir='ltr'>banditi</span> <span class='ocrx_word' id='word_1_196' title='bbox 1454 2068 1539 2100; x_wconf 90' lang='lat' dir='ltr'>seu</span> <span class='ocrx_word' id='word_1_197' title='bbox 1579 2054 1836 2118; x_wconf 86' lang='lat' dir='ltr'>proscripti</span> <span class='ocrx_word' id='word_1_198' title='bbox 1874 2071 1960 2118; x_wconf 85' lang='lat' dir='ltr'>per</span> 
     </span>
     <span class='ocr_line' id='line_1_22' title="bbox 176 2135 1961 2200; baseline 0.001 -15"><span class='ocrx_word' id='word_1_199' title='bbox 176 2137 440 2187; x_wconf 89' lang='lat' dir='ltr'>homicidia</span> <span class='ocrx_word' id='word_1_200' title='bbox 471 2137 546 2185; x_wconf 92' lang='lat' dir='ltr'>vel</span> <span class='ocrx_word' id='word_1_201' title='bbox 578 2137 700 2184; x_wconf 88' lang='lat' dir='ltr'>furta</span> <span class='ocrx_word' id='word_1_202' title='bbox 728 2140 808 2183; x_wconf 90' lang='lat' dir='ltr'>aut</span> <span class='ocrx_word' id='word_1_203' title='bbox 837 2150 1143 2198; x_wconf 86' lang='lat' dir='ltr'>quecumque</span> <span class='ocrx_word' id='word_1_204' title='bbox 1174 2135 1268 2182; x_wconf 86' lang='lat' dir='ltr'>alia</span> <span class='ocrx_word' id='word_1_205' title='bbox 1302 2135 1477 2184; x_wconf 86' lang='lat' dir='ltr'>delicta</span> <span class='ocrx_word' id='word_1_206' title='bbox 1505 2143 1705 2200; x_wconf 90' lang='lat' dir='ltr'>possent</span> <span class='ocrx_word' id='word_1_207' title='bbox 1727 2137 1880 2186; x_wconf 83' lang='lat' dir='ltr'>libere</span> <span class='ocrx_word' id='word_1_208' title='bbox 1914 2143 1961 2186; x_wconf 90' lang='lat' dir='ltr'>et</span> 
     </span>
     <span class='ocr_line' id='line_1_23' title="bbox 177 2219 1762 2285; baseline -0.005 -16"><span class='ocrx_word' id='word_1_209' title='bbox 177 2220 375 2285; x_wconf 89' lang='lat' dir='ltr'>impune</span> <span class='ocrx_word' id='word_1_210' title='bbox 403 2220 463 2268; x_wconf 88' lang='lat' dir='ltr'>ad</span> <span class='ocrx_word' id='word_1_211' title='bbox 495 2220 675 2268; x_wconf 81' lang='lat' dir='ltr'>Urbem</span> <span class='ocrx_word' id='word_1_212' title='bbox 703 2219 886 2267; x_wconf 84' lang='lat' dir='ltr'>venire.</span> <span class='ocrx_word' id='word_1_213' title='bbox 1757 2281 1762 2283; x_wconf 18' lang='grc' dir='ltr'>Π</span> 
     </span>
    </p>

    <p class='ocr_par' dir='ltr' id='par_1_3' title="bbox 179 2288 1968 3031">
     <span class='ocr_line' id='line_1_24' title="bbox 247 2288 1963 2369; baseline 0 -16"><span class='ocrx_word' id='word_1_214' title='bbox 247 2305 472 2358; x_wconf 83' lang='lat' dir='ltr'>Sabbato,</span> <span class='ocrx_word' id='word_1_215' title='bbox 504 2308 529 2352; x_wconf 82' lang='lat'>5</span> <span class='ocrx_word' id='word_1_216' title='bbox 559 2303 737 2357; x_wconf 86' lang='lat' dir='ltr'>mensis</span> <span class='ocrx_word' id='word_1_217' title='bbox 759 2302 899 2366; x_wconf 88' lang='lat' dir='ltr'>junii,</span> <span class='ocrx_word' id='word_1_218' title='bbox 937 2301 1095 2365; x_wconf 85' lang='lat' dir='ltr'>vigilia</span> <span class='ocrx_word' id='word_1_219' title='bbox 1120 2302 1385 2361; x_wconf 81' lang='lat' dir='ltr'>Trinitatis,</span> <span class='ocrx_word' id='word_1_220' title='bbox 1424 2288 1618 2352; x_wconf 86' lang='lat' dir='ltr'>fuerunt</span> <span class='ocrx_word' id='word_1_221' title='bbox 1646 2320 1845 2368; x_wconf 78' lang='lat' dir='ltr'>vespere</span> <span class='ocrx_word' id='word_1_222' title='bbox 1868 2312 1963 2369; x_wconf 85' lang='lat' dir='ltr'>&#39;pa-</span> 
     </span>
     <span class='ocr_line' id='line_1_25' title="bbox 180 2384 1961 2452; baseline -0.001 -16"><span class='ocrx_word' id='word_1_223' title='bbox 180 2387 312 2452; x_wconf 88' lang='lat' dir='ltr'>pales</span> <span class='ocrx_word' id='word_1_224' title='bbox 350 2388 398 2435; x_wconf 90' lang='lat' dir='ltr'>in</span> <span class='ocrx_word' id='word_1_225' title='bbox 438 2387 625 2450; x_wconf 87' lang='lat' dir='ltr'>capella</span> <span class='ocrx_word' id='word_1_226' title='bbox 663 2386 846 2449; x_wconf 88' lang='lat' dir='ltr'>majore</span> <span class='ocrx_word' id='word_1_227' title='bbox 892 2384 1082 2448; x_wconf 88' lang='lat' dir='ltr'>palatii,</span> <span class='ocrx_word' id='word_1_228' title='bbox 1132 2387 1262 2449; x_wconf 89' lang='lat' dir='ltr'>Papa</span> <span class='ocrx_word' id='word_1_229' title='bbox 1305 2389 1550 2449; x_wconf 87' lang='lat' dir='ltr'>presente.</span> <span class='ocrx_word' id='word_1_230' title='bbox 1604 2386 1743 2436; x_wconf 86' lang='lat' dir='ltr'>Circa</span> <span class='ocrx_word' id='word_1_231' title='bbox 1790 2388 1961 2436; x_wconf 87' lang='lat' dir='ltr'>horam</span> 
     </span>
     <span class='ocr_line' id='line_1_26' title="bbox 179 2468 1965 2535; baseline 0.001 -17"><span class='ocrx_word' id='word_1_232' title='bbox 179 2475 398 2534; x_wconf 88' lang='lat' dir='ltr'>quartam</span> <span class='ocrx_word' id='word_1_233' title='bbox 419 2471 577 2518; x_wconf 88' lang='lat' dir='ltr'>noctis</span> <span class='ocrx_word' id='word_1_234' title='bbox 600 2468 863 2535; x_wconf 84' lang='lat' dir='ltr'>sequentis,</span> <span class='ocrx_word' id='word_1_235' title='bbox 891 2468 1185 2531; x_wconf 83' lang='lat' dir='ltr'>gubernator</span> <span class='ocrx_word' id='word_1_236' title='bbox 1206 2469 1346 2516; x_wconf 89' lang='lat' dir='ltr'>Urbis</span> <span class='ocrx_word' id='word_1_237' title='bbox 1368 2485 1476 2517; x_wconf 91' lang='lat' dir='ltr'>cum</span> <span class='ocrx_word' id='word_1_238' title='bbox 1503 2473 1646 2534; x_wconf 83' lang='lat' dir='ltr'>gente</span> <span class='ocrx_word' id='word_1_239' title='bbox 1666 2487 1754 2519; x_wconf 88' lang='lat' dir='ltr'>sua.</span> <span class='ocrx_word' id='word_1_240' title='bbox 1773 2471 1965 2520; x_wconf 88' lang='lat' dir='ltr'>intravit</span> 
     </span>
     <span class='ocr_line' id='line_1_27' title="bbox 181 2550 1963 2621; baseline 0.002 -21"><span class='ocrx_word' id='word_1_241' title='bbox 181 2554 595 2601; x_wconf 88' lang='lat' dir='ltr'>monasterium...</span> <span class='ocrx_word' id='word_1_242' title='bbox 631 2552 692 2617; x_wconf 74' lang='lat'>(2)</span> <span class='ocrx_word' id='word_1_243' title='bbox 724 2553 782 2600; x_wconf 93' lang='lat' dir='ltr'>de</span> <span class='ocrx_word' id='word_1_244' title='bbox 812 2550 1040 2621; x_wconf 86' lang='lat' dir='ltr'>mandato</span> <span class='ocrx_word' id='word_1_245' title='bbox 1072 2553 1202 2614; x_wconf 83' lang='lat' dir='ltr'>Pape</span> <span class='ocrx_word' id='word_1_246' title='bbox 1224 2551 1299 2599; x_wconf 89' lang='lat' dir='ltr'>cui</span> <span class='ocrx_word' id='word_1_247' title='bbox 1335 2568 1363 2598; x_wconf 87' lang='lat' dir='ltr'>a</span> <span class='ocrx_word' id='word_1_248' title='bbox 1392 2551 1602 2615; x_wconf 90' lang='lat' dir='ltr'>quodam</span> <span class='ocrx_word' id='word_1_249' title='bbox 1636 2554 1963 2617; x_wconf 82' lang='lat' dir='ltr'>significatum</span> 
     </span>
     <span class='ocr_line' id='line_1_28' title="bbox 183 2633 1968 2698; baseline 0.002 -15"><span class='ocrx_word' id='word_1_250' title='bbox 183 2637 340 2685; x_wconf 85' lang='lat' dir='ltr'>fuerat</span> <span class='ocrx_word' id='word_1_251' title='bbox 364 2635 617 2684; x_wconf 90' lang='lat' dir='ltr'>duodecim</span> <span class='ocrx_word' id='word_1_252' title='bbox 639 2633 884 2698; x_wconf 86' lang='lat' dir='ltr'>apostolos</span> <span class='ocrx_word' id='word_1_253' title='bbox 907 2637 1163 2696; x_wconf 84' lang='lat' dir='ltr'>argenteos</span> <span class='ocrx_word' id='word_1_254' title='bbox 1194 2634 1439 2682; x_wconf 84' lang='lat' dir='ltr'>inauratos</span> <span class='ocrx_word' id='word_1_255' title='bbox 1468 2639 1515 2683; x_wconf 84' lang='lat' dir='ltr'>et&#39;</span> <span class='ocrx_word' id='word_1_256' title='bbox 1546 2636 1697 2684; x_wconf 88' lang='lat' dir='ltr'>multa</span> <span class='ocrx_word' id='word_1_257' title='bbox 1721 2637 1814 2684; x_wconf 87' lang='lat' dir='ltr'>alia</span> <span class='ocrx_word' id='word_1_258' title='bbox 1839 2638 1968 2686; x_wconf 86' lang='lat' dir='ltr'>bona</span> 
     </span>
     <span class='ocr_line' id='line_1_29' title="bbox 185 2716 1963 2782; baseline 0.001 -15"><span class='ocrx_word' id='word_1_259' title='bbox 185 2720 308 2782; x_wconf 86' lang='lat' dir='ltr'>Rmi.</span> <span class='ocrx_word' id='word_1_260' title='bbox 347 2722 403 2767; x_wconf 92' lang='lat' dir='ltr'>D.</span> <span class='ocrx_word' id='word_1_261' title='bbox 447 2717 710 2767; x_wconf 90' lang='lat' dir='ltr'>Cardinalis</span> <span class='ocrx_word' id='word_1_262' title='bbox 742 2716 934 2764; x_wconf 80' lang='lat' dir='ltr'>Ascanii</span> <span class='ocrx_word' id='word_1_263' title='bbox 971 2717 1251 2764; x_wconf 84' lang='lat' dir='ltr'>conservari</span> <span class='ocrx_word' id='word_1_264' title='bbox 1298 2717 1345 2763; x_wconf 90' lang='lat' dir='ltr'>in</span> <span class='ocrx_word' id='word_1_265' title='bbox 1384 2718 1680 2766; x_wconf 91' lang='lat' dir='ltr'>monasterio</span> <span class='ocrx_word' id='word_1_266' title='bbox 1724 2719 1963 2782; x_wconf 89' lang='lat' dir='ltr'>predicto,</span> 
     </span>
     <span class='ocr_line' id='line_1_30' title="bbox 185 2800 1966 2868; baseline 0.001 -17"><span class='ocrx_word' id='word_1_267' title='bbox 185 2807 328 2868; x_wconf 88' lang='lat' dir='ltr'>prout</span> <span class='ocrx_word' id='word_1_268' title='bbox 362 2806 489 2866; x_wconf 89' lang='lat' dir='ltr'>Pape</span> <span class='ocrx_word' id='word_1_269' title='bbox 522 2803 678 2850; x_wconf 82' lang='lat' dir='ltr'>suerat</span> <span class='ocrx_word' id='word_1_270' title='bbox 709 2800 1007 2858; x_wconf 83' lang='lat' dir='ltr'>nunciatum,</span> <span class='ocrx_word' id='word_1_271' title='bbox 1045 2803 1091 2847; x_wconf 92' lang='lat' dir='ltr'>et</span> <span class='ocrx_word' id='word_1_272' title='bbox 1124 2803 1270 2857; x_wconf 87' lang='lat' dir='ltr'>tanta,</span> <span class='ocrx_word' id='word_1_273' title='bbox 1310 2801 1440 2863; x_wconf 89' lang='lat' dir='ltr'>quod</span> <span class='ocrx_word' id='word_1_274' title='bbox 1471 2800 1530 2848; x_wconf 87' lang='lat' dir='ltr'>ab</span> <span class='ocrx_word' id='word_1_275' title='bbox 1556 2801 1638 2848; x_wconf 89' lang='lat' dir='ltr'>illa</span> <span class='ocrx_word' id='word_1_276' title='bbox 1667 2801 1790 2850; x_wconf 88' lang='lat' dir='ltr'>hora</span> <span class='ocrx_word' id='word_1_277' title='bbox 1813 2820 1966 2867; x_wconf 91' lang='lat' dir='ltr'>usque</span> 
     </span>
     <span class='ocr_line' id='line_1_31' title="bbox 186 2883 1967 2950; baseline 0.001 -16"><span class='ocrx_word' id='word_1_278' title='bbox 186 2887 245 2934; x_wconf 89' lang='lat' dir='ltr'>ad</span> <span class='ocrx_word' id='word_1_279' title='bbox 271 2891 487 2935; x_wconf 86' lang='lat' dir='ltr'>octavam</span> <span class='ocrx_word' id='word_1_280' title='bbox 512 2886 681 2933; x_wconf 88' lang='lat' dir='ltr'>horam</span> <span class='ocrx_word' id='word_1_281' title='bbox 706 2884 861 2932; x_wconf 86' lang='lat' dir='ltr'>noctis</span> <span class='ocrx_word' id='word_1_282' title='bbox 887 2883 1132 2931; x_wconf 87' lang='lat' dir='ltr'>caretterii</span> <span class='ocrx_word' id='word_1_283' title='bbox 1165 2899 1262 2930; x_wconf 88' lang='lat' dir='ltr'>non</span> <span class='ocrx_word' id='word_1_284' title='bbox 1293 2887 1546 2932; x_wconf 84' lang='lat' dir='ltr'>cessarunt</span> <span class='ocrx_word' id='word_1_285' title='bbox 1580 2885 1706 2933; x_wconf 90' lang='lat' dir='ltr'>bona</span> <span class='ocrx_word' id='word_1_286' title='bbox 1736 2885 1967 2950; x_wconf 88' lang='lat' dir='ltr'>hujusce-</span> 
     </span>
     <span class='ocr_line' id='line_1_32' title="bbox 189 2966 1463 3031; baseline -0.002 -14"><span class='ocrx_word' id='word_1_287' title='bbox 189 2970 320 3018; x_wconf 90' lang='lat' dir='ltr'>modi</span> <span class='ocrx_word' id='word_1_288' title='bbox 345 2969 403 3017; x_wconf 93' lang='lat' dir='ltr'>de</span> <span class='ocrx_word' id='word_1_289' title='bbox 429 2969 725 3018; x_wconf 82' lang='lat' dir='ltr'>monasterio</span> <span class='ocrx_word' id='word_1_290' title='bbox 755 2971 949 3031; x_wconf 83' lang='lat' dir='ltr'>portare</span> <span class='ocrx_word' id='word_1_291' title='bbox 975 2966 1034 3014; x_wconf 88' lang='lat' dir='ltr'>ad</span> <span class='ocrx_word' id='word_1_292' title='bbox 1059 2966 1290 3029; x_wconf 86' lang='lat' dir='ltr'>palatium</span> <span class='ocrx_word' id='word_1_293' title='bbox 1320 2969 1463 3031; x_wconf 85' lang='lat' dir='ltr'>Pape.</span> 
     </span>
    </p>

    <p class='ocr_par' dir='ltr' id='par_1_4' title="bbox 191 3050 1976 3201">
     <span class='ocr_line' id='line_1_33' title="bbox 256 3050 1973 3122; baseline -0.001 -19"><span class='ocrx_word' id='word_1_294' title='bbox 256 3053 514 3103; x_wconf 89' lang='lat' dir='ltr'>Dominica</span> <span class='ocrx_word' id='word_1_295' title='bbox 554 3052 797 3116; x_wconf 86' lang='lat' dir='ltr'>sequenti,</span> <span class='ocrx_word' id='word_1_296' title='bbox 851 3051 973 3097; x_wconf 90' lang='lat' dir='ltr'>festo</span> <span class='ocrx_word' id='word_1_297' title='bbox 1010 3050 1281 3110; x_wconf 86' lang='lat' dir='ltr'>Trinitatis,</span> <span class='ocrx_word' id='word_1_298' title='bbox 1326 3051 1412 3098; x_wconf 89' lang='lat' dir='ltr'>fuit</span> <span class='ocrx_word' id='word_1_299' title='bbox 1455 3052 1602 3100; x_wconf 87' lang='lat' dir='ltr'>missa</span> <span class='ocrx_word' id='word_1_300' title='bbox 1647 3053 1878 3122; x_wconf 24' lang='lat' dir='ltr'>solem-nis</span> <span class='ocrx_word' id='word_1_301' title='bbox 1925 3054 1973 3102; x_wconf 89' lang='lat' dir='ltr'>in</span> 
     </span>
     <span class='ocr_line' id='line_1_34' title="bbox 191 3133 1976 3201; baseline 0.001 -16"><span class='ocrx_word' id='word_1_302' title='bbox 191 3137 376 3201; x_wconf 87' lang='lat' dir='ltr'>capella</span> <span class='ocrx_word' id='word_1_303' title='bbox 399 3136 674 3201; x_wconf 89' lang='lat' dir='ltr'>supradicta</span> <span class='ocrx_word' id='word_1_304' title='bbox 701 3151 846 3199; x_wconf 86' lang='lat' dir='ltr'>quam</span> <span class='ocrx_word' id='word_1_305' title='bbox 874 3133 1130 3182; x_wconf 85' lang='lat' dir='ltr'>celebravit</span> <span class='ocrx_word' id='word_1_306' title='bbox 1159 3137 1324 3181; x_wconf 89' lang='lat' dir='ltr'>Rmus.</span> <span class='ocrx_word' id='word_1_307' title='bbox 1358 3137 1414 3182; x_wconf 93' lang='lat' dir='ltr'>D.</span> <span class='ocrx_word' id='word_1_308' title='bbox 1441 3136 1699 3185; x_wconf 89' lang='lat' dir='ltr'>cardinalis</span> <span class='ocrx_word' id='word_1_309' title='bbox 1727 3137 1976 3186; x_wconf 81' lang='lat' dir='ltr'>Arboreu-</span> 
     </span>
    </p>
   </div>
   <div class='ocr_carea' id='block_1_3' title="bbox 197 3305 1972 3414">
    <p class='ocr_par' dir='ltr' id='par_1_5' title="bbox 197 3305 1972 3414">
     <span class='ocr_line' id='line_1_35' title="bbox 243 3305 1972 3354; baseline 0 -12"><span class='ocrx_word' id='word_1_310' title='bbox 243 3308 281 3344; x_wconf 87' lang='lat'>1.</span> <span class='ocrx_word' id='word_1_311' title='bbox 314 3321 333 3340; x_wconf 91' lang='lat'>«</span> <span class='ocrx_word' id='word_1_312' title='bbox 351 3307 482 3343; x_wconf 88' lang='lat' dir='ltr'>Eadem</span> <span class='ocrx_word' id='word_1_313' title='bbox 498 3307 685 3344; x_wconf 84' lang='lat' dir='ltr'>confirmat</span> <span class='ocrx_word' id='word_1_314' title='bbox 700 3308 830 3343; x_wconf 79' lang='lat' dir='ltr'>Petrus</span> <span class='ocrx_word' id='word_1_315' title='bbox 849 3306 1051 3354; x_wconf 79' lang='lat' dir='ltr'>Delphinus</span> <span class='ocrx_word' id='word_1_316' title='bbox 1069 3306 1103 3341; x_wconf 88' lang='lat' dir='ltr'>in</span> <span class='ocrx_word' id='word_1_317' title='bbox 1117 3305 1246 3342; x_wconf 85' lang='lat' dir='ltr'>litteris</span> <span class='ocrx_word' id='word_1_318' title='bbox 1258 3307 1304 3342; x_wconf 84' lang='lat' dir='ltr'>ad</span> <span class='ocrx_word' id='word_1_319' title='bbox 1314 3306 1481 3343; x_wconf 84' lang='lat' dir='ltr'>abbatem</span> <span class='ocrx_word' id='word_1_320' title='bbox 1499 3319 1530 3344; x_wconf 88' lang='lat' dir='ltr'>s.</span> <span class='ocrx_word' id='word_1_321' title='bbox 1543 3309 1720 3344; x_wconf 77' lang='lat' dir='ltr'>Jucunda·</span> <span class='ocrx_word' id='word_1_322' title='bbox 1738 3308 1873 3344; x_wconf 82' lang='lat' dir='ltr'>missis.</span> <span class='ocrx_word' id='word_1_323' title='bbox 1892 3310 1972 3343; x_wconf 74' lang='lat' dir='ltr'>Pet.</span> 
     </span>
     <span class='ocr_line' id='line_1_36' title="bbox 197 3364 1971 3414; baseline -0.001 -12"><span class='ocrx_word' id='word_1_324' title='bbox 197 3367 291 3410; x_wconf 63' lang='lat' dir='ltr'>Del,</span> <span class='ocrx_word' id='word_1_325' title='bbox 307 3365 330 3402; x_wconf 91' lang='lat' dir='ltr'>l.</span> <span class='ocrx_word' id='word_1_326' title='bbox 346 3365 410 3411; x_wconf 88' lang='lat' dir='ltr'>VI,</span> <span class='ocrx_word' id='word_1_327' title='bbox 425 3377 482 3414; x_wconf 88' lang='lat' dir='ltr'>ep.</span> <span class='ocrx_word' id='word_1_328' title='bbox 501 3367 663 3403; x_wconf 89' lang='lat' dir='ltr'><strong>LXXIX.</strong></span> <span class='ocrx_word' id='word_1_329' title='bbox 681 3381 700 3400; x_wconf 89' lang='lat'>»</span> <span class='ocrx_word' id='word_1_330' title='bbox 722 3365 917 3414; x_wconf 78' lang='lat' dir='ltr'>Raynaldi,</span> <span class='ocrx_word' id='word_1_331' title='bbox 936 3369 963 3402; x_wconf 88' lang='lat' dir='ltr'>t.</span> <span class='ocrx_word' id='word_1_332' title='bbox 981 3365 1098 3410; x_wconf 91' lang='lat' dir='ltr'>XXX,</span> <span class='ocrx_word' id='word_1_333' title='bbox 1114 3377 1150 3414; x_wconf 94' lang='lat' dir='ltr'>p.</span> <span class='ocrx_word' id='word_1_334' title='bbox 1172 3366 1254 3403; x_wconf 80' lang='lat'><strong>334.</strong></span> <span class='ocrx_word' id='word_1_335' title='bbox 1273 3366 1346 3402; x_wconf 87' lang='lat' dir='ltr'>Sur</span> <span class='ocrx_word' id='word_1_336' title='bbox 1364 3371 1458 3403; x_wconf 83' lang='lat' dir='ltr'>cette</span> <span class='ocrx_word' id='word_1_337' title='bbox 1480 3366 1632 3403; x_wconf 85' lang='lat' dir='ltr'>alliance</span> <span class='ocrx_word' id='word_1_338' title='bbox 1650 3371 1750 3403; x_wconf 87' lang='lat' dir='ltr'>entre</span> <span class='ocrx_word' id='word_1_339' title='bbox 1766 3365 1798 3402; x_wconf 88' lang='lat' dir='ltr'>le</span> <span class='ocrx_word' id='word_1_340' title='bbox 1812 3377 1918 3414; x_wconf 85' lang='lat' dir='ltr'>pape,</span> <span class='ocrx_word' id='word_1_341' title='bbox 1939 3364 1971 3401; x_wconf 87' lang='lat' dir='ltr'>le</span> 
     </span>
    </p>
   </div>
   <div class='ocr_carea' id='block_1_4' title="bbox 196 3423 1967 3521">
    <p class='ocr_par' dir='ltr' id='par_1_6' title="bbox 196 3423 1967 3521">
     <span class='ocr_line' id='line_1_37' title="bbox 196 3423 1967 3474; baseline -0.001 -12"><span class='ocrx_word' id='word_1_342' title='bbox 196 3425 248 3462; x_wconf 88' lang='lat' dir='ltr'>roi</span> <span class='ocrx_word' id='word_1_343' title='bbox 265 3426 310 3461; x_wconf 93' lang='lat' dir='ltr'>de</span> <span class='ocrx_word' id='word_1_344' title='bbox 331 3425 540 3473; x_wconf 85' lang='lat' dir='ltr'>Hongrieet</span> <span class='ocrx_word' id='word_1_345' title='bbox 559 3425 595 3462; x_wconf 85' lang='lat' dir='ltr'>la</span> <span class='ocrx_word' id='word_1_346' title='bbox 612 3424 829 3474; x_wconf 86' lang='lat' dir='ltr'>Seigneurie</span> <span class='ocrx_word' id='word_1_347' title='bbox 843 3425 888 3460; x_wconf 90' lang='lat' dir='ltr'>de</span> <span class='ocrx_word' id='word_1_348' title='bbox 906 3423 1041 3460; x_wconf 86' lang='lat' dir='ltr'>Venise</span> <span class='ocrx_word' id='word_1_349' title='bbox 1057 3429 1182 3461; x_wconf 88' lang='lat' dir='ltr'>contre</span> <span class='ocrx_word' id='word_1_350' title='bbox 1197 3425 1248 3461; x_wconf 87' lang='lat' dir='ltr'>les</span> <span class='ocrx_word' id='word_1_351' title='bbox 1269 3425 1400 3470; x_wconf 87' lang='lat' dir='ltr'>Tures,</span> <span class='ocrx_word' id='word_1_352' title='bbox 1415 3437 1498 3473; x_wconf 82' lang='lat' dir='ltr'>voy.</span> <span class='ocrx_word' id='word_1_353' title='bbox 1519 3427 1715 3469; x_wconf 88' lang='lat' dir='ltr'>Sanut0‚-t.</span> <span class='ocrx_word' id='word_1_354' title='bbox 1735 3424 1794 3468; x_wconf 89' lang='lat' dir='ltr'>IV,</span> <span class='ocrx_word' id='word_1_355' title='bbox 1816 3424 1885 3461; x_wconf 86' lang='lat' dir='ltr'>col.</span> <span class='ocrx_word' id='word_1_356' title='bbox 1908 3426 1967 3461; x_wconf 81' lang='lat'>41.</span> 
     </span>
     <span class='ocr_line' id='line_1_38' title="bbox 245 3482 1414 3521; baseline 0 0"><span class='ocrx_word' id='word_1_357' title='bbox 245 3487 278 3521; x_wconf 73' lang='lat'>2.</span> <span class='ocrx_word' id='word_1_358' title='bbox 309 3484 357 3520; x_wconf 90' lang='lat' dir='ltr'>Le</span> <span class='ocrx_word' id='word_1_359' title='bbox 380 3495 460 3520; x_wconf 88' lang='lat' dir='ltr'>nom</span> <span class='ocrx_word' id='word_1_360' title='bbox 481 3484 530 3519; x_wconf 80' lang='lat' dir='ltr'>(lu</span> <span class='ocrx_word' id='word_1_361' title='bbox 552 3487 754 3520; x_wconf 80' lang='lat' dir='ltr'>monastere</span> <span class='ocrx_word' id='word_1_362' title='bbox 767 3486 823 3520; x_wconf 85' lang='lat' dir='ltr'>est</span> <span class='ocrx_word' id='word_1_363' title='bbox 842 3495 887 3519; x_wconf 91' lang='lat' dir='ltr'>en</span> <span class='ocrx_word' id='word_1_364' title='bbox 908 3482 1014 3518; x_wconf 86' lang='lat' dir='ltr'>blanc</span> <span class='ocrx_word' id='word_1_365' title='bbox 1034 3483 1126 3519; x_wconf 86' lang='lat' dir='ltr'>dans</span> <span class='ocrx_word' id='word_1_366' title='bbox 1147 3487 1228 3519; x_wconf 79' lang='lat' dir='ltr'>tous</span> <span class='ocrx_word' id='word_1_367' title='bbox 1249 3483 1299 3520; x_wconf 90' lang='lat' dir='ltr'>les</span> <span class='ocrx_word' id='word_1_368' title='bbox 1320 3496 1414 3521; x_wconf 88' lang='lat' dir='ltr'>mss.</span> 
     </span>
    </p>
   </div>
  </div>
 </body>
</html>
