2228 3938
272 388 344 426 246
871 386 1104 423 JOHANNIS
1139 385 1435 431 BURCHARDI,
1820 385 1928 426 [Anat
1950 387 2044 427 1503]

342 491 430 539 Die
451 489 618 537 martis
642 492 718 547 22,
749 489 838 536 fuit
861 494 1035 551 quarta
1060 489 1371 553 congregatio
1403 489 1451 536 in
1485 488 1713 547 Minerva,
1749 487 2049 537 0111110111]οἁ

275 577 389 620 runt
417 572 662 620 sexdecim
697 571 986 630 cardinaleS,
1025 572 1249 620 videlicet
1283 571 1644 634 Neapolitanus,
1681 570 2043 630 Recanatensis,

276 654 514 718 episcopi3
541 653 914 712 Alexandrinus,
943 669 980 701 S.
1011 655 1191 713 Crucis,
1225 655 1498 712 Grimanus,
1534 653 1839 712 Arborensis,
1867 655 2049 701 (1110011-

276 739 423 796 tinus,
448 737 800 785 Salernitanus.
833 738 1229 799 GaputaquensiS,
1261 738 1462 796 Fliscus,
1491 737 1823 800 Legionensis,
1852 736 2051 800 presby-

276 821 395 879 teri,
427 820 672 878 Senensis,
716 819 943 877 Medices,
995 837 1033 867 s.
1081 820 1314 879 Severini,
1365 820 1636 879 Cesarinus,
1684 819 1742 866 de
1790 819 2047 877 Alibretto,

277 903 488 962 diaconi,
533 906 581 951 et
625 903 815 951 duravit
868 903 927 950 ab
966 903 1087 951 hora
1141 904 1428 952 duodecima
1465 919 1616 967 usque
1651 903 1730 950 'ad
1767 902 2049 966 viges1mam

279 986 561 1044 secundam,
601 1001 766 1033 coram
791 986 964 1049 quibus
999 986 1307 1048 Pandulphus
1344 986 1560 1032 notarius
1592 985 1709 1048 legit
1738 984 2053 1032 constitutum

279 1069 640 1133 procurationis
661 1085 749 1133 per
769 1069 943 1116 ducem
963 1069 1144 1116 factum
1163 1070 1222 1116 de
1245 1069 1506 1132 prestando
1526 1069 1805 1131 juramento
1828 1067 2051 1130 collegIO.

282 1155 381 1209 Que
407 1153 684 1200 constitutio
710 1157 959 1216 acceptata
983 1152 1091 1211 suit;
1121 1153 1294 1200 deinde
1316 1156 1511 1199 vocatus
1538 1154 1595 1199 D.
1622 1151 1853 1214 Agabitus
1879 1165 2058 1214 procu-

226 1223 229 1224 7
279 1239 414 1283 rator
437 1236 517 1299 qui
535 1235 713 1299 juravit
734 1236 782 1283 in
803 1236 963 1283 forma
985 1251 1072 1299 per
1097 1251 1179 1283 eos
1202 1235 1472 1298 composita
1498 1250 1590 1297 que
1616 1234 1701 1281 fuit
1724 1235 1771 1281 in
1800 1238 1955 1282 totum
1977 1233 2058 1280 illa

283 1334 429 1382 quam
452 1319 547 1365 dux
569 1319 690 1366 alias
707 1319 881 1382 juravit
899 1322 1046 1382 Pape,
1073 1318 1308 1382 etjuravit
1327 1318 1485 1365 adhuc
1507 1318 1636 1381 quod
1660 1317 1941 1365 defenderet
1965 1316 2060 1364 col-

280 1402 462 1466 legium
489 1405 535 1449 et
553 1402 766 1465 singulas
787 1418 1019 1465 personas
1042 1406 1088 1450 et
1111 1402 1236 1449 cives
1258 1401 1444 1449 nobiles
1476 1404 1717 1448 Romanos
1752 1403 1800 1447 et
1825 1400 2057 1463 populum

283 1489 331 1533 et
353 1489 566 1534 servaret
584 1486 756 1533 domos
780 1485 1115 1544 cardinalium,
1148 1489 1263 1543 etc.⁷
1299 1485 1348 1531 in
1372 1485 1525 1532 forma
1552 1484 1728 1547 ampla.
1757 1486 1941 1530 Extunc
1964 1482 2060 1530 col-

282 1569 463 1632 legium
497 1568 798 1616 confirmavit
828 1573 875 1615 et
909 1569 967 1614 de
996 1583 1117 1615 novo
1153 1567 1398 1615 constituit
1424 1568 1614 1624 ducem,
1639 1566 1885 1613 humiliter
1909 1568 1962 1613 ut
1991 1565 2057 1613 ita

282 1653 466 1700 faceret
488 1656 754 1715 petentem,
781 1651 1084 1714 capitaneum
1106 1651 1319 1698 Ecclesie
1343 1666 1494 1713 usque
1518 1651 1577 1696 ad
1600 1649 1888 1696 electionem
1914 1648 2058 1695 futuri

284 1735 544 1799 pontificis,
582 1750 692 1782 cum
730 1734 953 1782 omnibus
982 1734 1249 1782 honoribus
1285 1738 1331 1780 et
1362 1732 1605 1790 oneribus,
1645 1747 1755 1779 cum
1783 1730 2060 1779 conditione

284 1820 412 1883 quod
438 1835 524 1883 per
544 1822 698 1867 totum
719 1820 846 1866 hanc
868 1818 995 1865 diem
1015 1817 1110 1863 dux
1125 1816 1389 1864 ratificaret
1407 1815 1682 1879 hujusmodi
1710 1814 2061 1878 prestationem

281 1903 575 1967 juramenti,
603 1906 650 1950 et
675 1903 753 1950 ille
780 1902 837 1949 de
872 1916 994 1949 novo
1016 1900 1214 1964 juravit,
1246 1903 1293 1946 et
1318 1902 1509 1946 curaret
1535 1898 1664 1961 quod
1687 1897 1811 1944 infra
1835 1902 1931 1945 tres
1957 1897 2060 1944 dies

285 2002 454 2035 omnes
480 1985 821 2034 contestabiles
844 1988 889 2032 et
910 1984 1069 2046 capita
1091 1983 1404 2045 squadrarum
1424 1984 1641 2045 prestent
1662 1981 1945 2029 fidelitatem
1967 1980 2064 2028 col-

283 2070 411 2134 legio
438 2070 486 2117 in
507 2069 729 2117 manibus
752 2067 1073 2116 commissarii
1098 2082 1184 2129 per
1209 2066 1466 2128 collegium
1496 2064 1768 2112 ordinandi.
1799 2067 2058 2111 Decretum

285 2155 373 2201 fuit
408 2154 572 2201 facere
619 2152 847 2200 conclave
881 2151 930 2198 in
971 2154 1130 2198 castro
1171 2166 1209 2196 s.
1252 2148 1441 2212 Angeli,
1488 2147 1702 2195 omnium
1736 2146 2055 2194 cardinalium

285 2251 542 2284 consensU.

350 2323 406 2367 R.
433 2323 484 2368 P.
514 2322 571 2368 D.
600 2319 854 2383 episcopus
879 2318 1089 2366 Nolanus
1112 2322 1159 2364 et
1179 2316 1439 2373 Marianus,
1470 2314 1596 2361 filius
1621 2312 1863 2360 Francisci
1888 2312 2057 2377 [Usus-

284 2404 467 2468 maris],
492 2403 824 2467 obligaverunt
848 2417 897 2450 se
914 2402 962 2448 in
984 2401 1192 2448 solidum
1216 2400 1274 2447 de
1303 2397 1683 2462 representando
1709 2396 1849 2444 toties
1869 2395 2058 2458 quoties

284 2487 516 2535 Jacobum
537 2486 812 2544 Varanello,
833 2486 1056 2532 abbatem
1079 2485 1138 2531 de
1158 2483 1325 2531 Gaieta
1343 2485 1389 2529 et
1405 2481 1724 2539 Bernardum,
1750 2479 1975 2526 abbatem
1996 2478 2056 2526 de

284 2570 501 2629 Alviano,
525 2570 574 2617 in
601 2573 759 2618 castro
777 2585 815 2617 s,
834 2568 1005 2631 Angeli
1021 2567 1346 2615 incarceratos
1363 2564 1568 2629 collegio
1591 2566 1636 2611 et
1659 2563 1822 2611 futuro
1843 2561 2056 2626 pontifici

287 2654 373 2702 sub
385 2670 510 2718 pena
522 2653 728 2701 duorum
744 2652 875 2700 mille
892 2652 1175 2699 ducatorum
1191 2667 1200 2709 ;
1226 2654 1272 2698 et
1288 2649 1453 2697 datum
1465 2647 1554 2695 fuit
1567 2647 1847 2694 mandatum
1862 2660 1950 2708 per
1965 2643 2062 2692 col-

285 2737 467 2800 legium
498 2738 556 2784 de
593 2736 842 2784 liberando
874 2750 974 2794 000,
1014 2737 1062 2782 01
1091 2734 1285 2781 fuerunt
1315 2732 1483 2779 eadem
1519 2731 1596 2777 die
1629 2730 1688 2777 de
1721 2735 1879 2776 castro
1907 2727 2058 2774 libere

286 2820 501 2867 demissi.
531 2822 588 2867 D.
617 2821 826 2866 Bovarus
864 2822 909 2865 et
941 2818 1150 2865 Jacobus
1186 2815 1443 2863 Alberinus
1479 2813 1751 2875 obligarunt
1787 2826 1837 2857 se
1873 2810 1922 2857 in
1946 2808 2059 2855 soli—

286 2904 401 2951 dum
424 2903 482 2951 de
512 2901 896 2966 representando
928 2901 1069 2949 toties
1095 2899 1281 2963 quoties
1315 2898 1478 2945 futuro
1500 2894 1714 2959 pontifici
1763 2896 1810 2940 et
1854 2891 2059 2954 collegio

285 3027 309 3063 li
329 3027 468 3075 piaccia
487 3025 727 3062 conservarla.
751 3026 883 3061 Nostro
907 3025 1063 3072 Signore
1085 3023 1119 3059 in
1140 3026 1270 3070 questa
1289 3023 1378 3058 hora
1398 3023 1416 3056 0
1434 3021 1573 3067 portato
1596 3017 1627 3051 111
1651 3017 1723 3051 San
1746 3014 1869 3051 Pietro
1887 3026 1895 3050 :
1920 3017 1938 3050 0
1959 3014 2058 3050 brut-

285 3086 441 3133 tissimo,
462 3085 587 3121 inflato
609 3097 627 3121 e
655 3097 783 3132 negro.
807 3085 846 3120 El
871 3084 955 3132 Sig.
983 3085 1084 3119 Duca
1104 3094 1178 3118 non
1198 3085 1216 3117 0
1237 3081 1270 3116 111
1295 3079 1450 3117 Castello
1471 3077 1602 3125 perche
1622 3087 1695 3111 non
1724 3075 1757 3111 10
1777 3075 1825 3110 ha
1843 3073 1981 3112 voluto.
2005 3074 2060 3110 Ha

286 3146 456 3181 mandato
488 3156 510 3180 a
541 3144 735 3181 Colonnesi
757 3155 828 3178 11110
860 3143 893 3178 di
916 3141 1037 3189 questi
1074 3140 1167 3176 della
1194 3139 1293 3176 Valle
1326 3139 1390 3174 che
1416 3135 1601 3182 venghino
1634 3133 1694 3170 alli
1721 3133 1796 3169 loro
1818 3132 1927 3175 Stati,
1957 3137 1993 3170 et
2013 3133 2059 3169 ha

285 3204 444 3241 mandati
463 3203 547 3240 tutti
577 3202 601 3238 li
631 3202 862 3249 contrasegni
884 3201 974 3237 delle
995 3201 1141 3237 sorteze.
1170 3197 1295 3242 Questi
1316 3195 1462 3244 Signori
1484 3193 1603 3231 Orsini
1624 3193 1746 3229 hanno
1776 3191 1835 3239 gia
1859 3191 1957 3239 presi
1975 3191 2058 3228 tutti

286 3264 309 3299 li
328 3264 403 3300 loro
424 3263 530 3300 Stati.
553 3262 594 3298 In
614 3262 730 3310 quest'
752 3262 838 3297 bora
859 3260 942 3296 tutti
963 3260 986 3295 li
1004 3258 1176 3295 cardinali
1201 3268 1292 3293 sono
1314 3255 1435 3292 andati
1454 3254 1523 3290 alla
1541 3253 1702 3290 MInerva
1727 3263 1792 3299 per
1811 3251 1885 3287 sare
1906 3262 2058 3298 congre-

240 3355 247 3362 .
286 3324 432 3370 gatione
452 3325 488 3359 et
514 3322 710 3371 provedere
730 3319 797 3356 alle
830 3331 913 3356 cose
947 3319 982 3354 di
1013 3318 1142 3354 Roma.
1164 3315 1302 3353 Valete.
1329 3329 1345 3347 >v
1369 3314 1493 3360 (Arch.
1523 3314 1699 3356 Fiorcnt„
1721 3312 1859 3347 Lettere
1885 3313 1922 3346 αἱ
1949 3310 1990 3347 Xi
2018 3311 2059 3346 di

285 3384 405 3427 Βαίἱα,
424 3395 461 3419 n.
493 3383 552 3426 74,
571 3381 659 3420 clas.
694 3381 740 3427 X,
763 3380 847 3416 dist.
880 3380 915 3421 4,
949 3391 985 3414 n.
1021 3380 1079 3420 75,
1102 3389 1123 3413 a
1151 3389 1182 3412 0.
1205 3377 1304 3418 293.)
1337 3375 1430 3422 Voy.
1461 3374 1494 3410 la
1525 3374 1607 3421 dep.
1640 3373 1683 3408 de
1717 3371 1950 3414 Giustiniani,
1975 3375 2010 3407 et
2039 3373 2060 3407 a

286 3442 508 3490 l'appendice
525 3449 566 3477 n⁰
587 3443 643 3486 15,
666 3439 822 3477 l'ext'rait
839 3439 945 3475 d'une
968 3439 1069 3474 lettre
1091 3437 1260 3473 adressee
1281 3437 1325 3471 de
1340 3434 1511 3471 Florence
1531 3436 1553 3470 a
1572 3432 1677 3478 Luigi
1701 3430 1872 3468 Mannelli
1893 3430 1929 3466 di
1953 3431 2056 3467 Mon-

285 3501 417 3548 tepaldi
441 3513 505 3549 par
524 3513 572 3537 un
594 3500 727 3538 certain
750 3499 942 3543 Giovanni,
965 3509 1028 3534 son
1052 3497 1135 3534 ami.
1645 3503 1649 3507 ’
