2228 3938
147 431 398 475 [Juiuet1502]
592 434 759 472 RERUM
791 431 1095 471 URBANARUM
1120 430 1471 470 COMMENTARII.
1854 431 1926 472 217

210 536 354 585 Aliud
377 553 388 585 ε

340 638 416 687 Ne
437 638 599 687 dicas:
619 638 683 685 sit
697 645 823 685 terra
843 636 970 698 levis,
992 652 1077 684 nec
1095 638 1304 701 sparqite
1319 637 1487 701 flores,-

468 723 721 782 Nummos,
745 722 787 769 si
801 717 1009 786 requiem
1029 722 1096 769 mi
1116 722 1228 770 dare
1249 722 1332 781 vis,
1354 737 1571 770 numera.

210 806 352 855 Aliud
378 822 388 854 :

338 907 462 956 Siste
481 890 630 955 viator
648 907 735 954 iter
754 923 771 954 :
790 907 932 970 cujus
954 908 1037 955 tibi
1057 890 1224 968 dicere,
1245 889 1449 956 sednon

468 991 667 1048 Audeo‚·
690 1006 802 1062 nam
822 991 944 1039 nulli
949 992 1136 1055 prestiti
1149 1007 1233 1055 eqo
1255 992 1491 1057 officium.

339 1074 451 1123 Non
474 1075 684 1146 Mutina,
714 1082 771 1124 ut
781 1075 918 1145 fama
939 1083 1021 1134 est,
1042 1075 1238 1123 Phariis
1258 1092 1365 1124 sum
1389 1083 1533 1124 natus
1553 1076 1602 1123 in
1623 1076 1715 1123 oris
1725 1093 1741 1129 ‚·

477 1158 582 1206 Vita
600 1158 746 1228 docet,
771 1166 866 1206 tota
886 1167 1039 1207 mente
1063 1159 1240 1208 Bovem
1263 1160 1401 1208 colui.

206 1242 348 1292 Aliud
377 1258 387 1289 ε
591 1308 598 1313 .
1432 1308 1435 1310 v

339 1343 453 1393 Non
473 1343 629 1390 minor
650 1343 700 1391 in
719 1343 900 1391 tumulo
920 1351 989 1392 est
1010 1343 1221 1409 Baptiste
1239 1347 1367 1412 fetor
1388 1354 1579 1409 opertus
1600 1364 1616 1393 .-

468 1426 635 1475 Tristis
657 1426 770 1475 oclor
794 1428 967 1488 carnis,
994 1429 1170 1479 tristior
1195 1438 1264 1478 est
1282 1430 1527 1478 scelerum.

208 1512 352 1562 Aliud
379 1529 388 1560 :

338 1615 450 1664 Non
475 1619 638 1676 miror,
662 1616 872 1677 Mutine,
896 1617 937 1663 si
956 1622 1218 1664 monstrum
1238 1615 1522 1681 informe(1)
1547 1623 1780 1665 necarunt

464 1697 625 1747 Julius
644 1708 687 1748 et
711 1701 839 1747 rabie
857 1699 1035 1747 Sextus
1054 1699 1267 1764 estifera.
1699 1712 1702 1713 ’

340 1780 561 1830 Rusticus
580 1783 655 1831 hic
679 1791 726 1832 et
743 1799 914 1831 avarus
934 1779 1065 1841 erat‚·
1087 1799 1238 1847 qenus
1262 1782 1362 1831 odit
1381 1798 1578 1830 avarum

476 1865 655 1927 Julius,
684 1874 890 1931 aqrestes
906 1865 968 1931 (2)
993 1861 1170 1914 Sextus
1190 1875 1236 1914 et
1258 1867 1357 1930 ipse
1377 1866 1515 1914 viros.

207 1949 350 1999 Aliud
375 1966 385 1997 :

467 2032 644 2081 Illuscit
662 2035 843 2099 superis
864 2034 960 2083 dies
979 2034 1235 2096 secundus,-

473 2117 606 2164 Tunc
633 2133 740 2165 cum
761 2119 954 2181 spiritus
975 2119 1072 2182 ipse
1096 2117 1305 2166 membra
1331 2118 1487 2182 liquit,

451 2199 524 2248 Et
539 2197 697 2263 major
717 2202 916 2249 tenebris
943 2201 1131 2250 tenebra
1150 2201 1214 2267 (3)
1239 2201 1397 2250 oborta
1416 2209 1500 2259 est,

416 2349 421 2351 α
468 2283 599 2332 Nam
620 2292 752 2348 coqet
774 2283 897 2332 nova
917 2285 1203 2348 publicanus
1224 2285 1320 2333 orci

465 2368 636 2416 Manes
654 2368 860 2432 pendere
880 2369 968 2417 diis
986 2368 1045 2435 (4)
1070 2369 1241 2417 tributa
1264 2369 1438 2436 furvis.

161 2462 164 2465 ’
205 2447 348 2499 Aliud
376 2468 386 2499 :

340 2552 470 2610 Quid
487 2553 594 2617 eqi?
612 2560 743 2616 rapto
769 2552 941 2613 vivens,
965 2554 1192 2618 spoliatus
1215 2555 1390 2602 amictu

259 2632 264 2639 “
343 2634 575 2696 Functus,
601 2635 843 2695 militibus,
871 2637 987 2701 feda
1017 2638 1186 2701 rapina
1209 2638 1304 2703 sui.

164 2804 166 2806 .
213 2735 360 2785 Aliud
382 2752 392 2784 ε

471 2818 718 2879 Mortales,
744 2821 869 2868 nillil
885 2830 955 2869 est
975 2821 1103 2885 quoa'
1119 2822 1364 2869 horreatis

473 2902 609 2950 Dum
631 2904 744 2963 viai,
769 2905 926 2968 spoliis
936 2906 1253 2969 pecuniaque,

474 2986 739 3046 Facultate,
767 3004 948 3048 cruore,
975 2996 1120 3037 morte
1143 2997 1294 3037 vestra

476 3068 706 3128 Letabar,·
727 3071 863 3119 moclo
886 3071 1139 3120 Tartarum
1155 3073 1306 3120 subivi
1325 3089 1339 3120 .·

199 3246 232 3281 ί.
253 3244 353 3282 Telle
371 3249 427 3283 est
445 3245 480 3283 la
498 3245 606 3293 lec-on
619 3247 684 3284 des
703 3259 799 3302 mss.
819 3248 875 3285 Le'
896 3251 994 3286 texte
1013 3249 1201 3295 d’Eceard‚
1220 3249 1288 3287 col.
1310 3250 1419 3292 2140,
1441 3249 1565 3286 donne
1587 3263 1607 3282 «
1623 3250 1773 3294 infame.
1789 3262 1808 3281 »

154 3362 171 3398 f
193 3304 274 3398 24.Οὲ
293 3304 469 3400 ῒρέῖῖεεε
487 3320 522 3353 »,
538 3307 632 3344 daus
646 3307 808 3345 Eccard:
830 3307 884 3345 les
898 3319 987 3346 mss.
1007 3309 1172 3347 donnent
1193 3325 1211 3344 «
1225 3311 1395 3356 agrestis.
1415 3323 1435 3342 »
1450 3308 1572 3356 Chigi,
1595 3307 1619 3345 f.
1645 3309 1728 3352 415,
1750 3319 1785 3345 v.
1804 3308 1934 3354 13737,

199 3421 235 3457 3.
257 3390 307 3457 L’e
327 3421 502 3470 singulier
519 3423 656 3462 inusite
676 3426 720 3463 de
740 3421 910 3473 ieneb'roe,
938 3439 1062 3472 arum,
1076 3433 1134 3466 est
1147 3428 1193 3466 ici
1212 3428 1393 3481 employe,
1422 3427 1516 3465 ainsi
1538 3438 1609 3474 que
1629 3426 1682 3463 les
1702 3426 1800 3463 deux
1820 3437 1934 3477 quan-

154 3480 240 3517 titfes
254 3479 438 3528 qu‘admet
456 3493 498 3518 ce
518 3487 606 3522 mot.

203 3541 237 3588 4.
261 3540 313 3577 En
334 3552 405 3578 une
425 3541 577 3603 syllabe,
