2228 3938
324 343 369 375 9<
935 345 1164 382 JOHANNIS
1200 343 1493 384 BURCHARDl,
1823 345 1980 385 [Janvier
2002 347 2095 386 1501]

322 458 442 505 opus
487 443 894 506 indulgentiarum
938 447 1215 511 hujusmodi
1261 445 1590 495 commutandi
1638 448 1687 491 et
1729 444 1822 492 alia
1861 444 2088 504 faciendi,

323 526 517 588 regendi
545 528 593 573 et
625 528 911 589 exequendi,
945 546 1035 593 que
1069 546 1157 594 per
1184 529 1301 578 alias
1330 532 1517 577 nostras
1546 527 1733 575 litteras
1761 527 1950 576 dilectis
1982 528 2092 576 filiis

322 610 673 671 penitentiariis
709 610 757 658 in
784 612 955 660 eadem
993 613 1189 661 basilica
1218 614 1265 661 b.
1295 611 1423 660 Petri
1457 610 1700 674 deputatis
1729 626 1817 674 per
1847 626 1934 659 nos
1975 626 2093 659 con-

322 707 460 739 cessa
491 692 701 751 fuerunt,
743 709 933 742 necnon
969 695 1112 743 etiam
1147 696 1195 742 in
1225 696 1351 743 dicta
1385 693 1511 742 Urbe
1547 708 1692 757 super
1731 693 1857 742 male
1900 694 2090 754 ablatis,

319 775 534 835 incertiS,
576 776 650 824 vel
688 792 775 840 per
814 778 1104 827 usurariam·
1133 778 1431 842 pravitatem,
1479 776 1680 839 quesitis
1728 777 1874 826 etiam
1924 778 2086 838 certis,

319 859 509 921 quando
546 859 795 909 fenerator
830 862 890 909 ab
926 861 1019 909 alio
1057 862 1333 911 feneratore
1371 861 1647 919 extorserit,
1689 865 1736 908 et
1772 861 1875 924 ipse
1914 877 2084 910 usuras

318 943 575 991 restituere
599 947 795 1007 paratus
813 961 909 992 non
935 948 1061 993 esset
1080 945 1154 994 vel
1178 945 1319 993 alicui
1343 945 1526 1008 private
1549 944 1752 992 ecclesie
1774 945 2084 1003 deberentur,

316 1025 364 1072 in.
408 1026 577 1089 quibus
612 1032 791 1076 tamem
826 1032 1042 1076 Romana
1079 1028 1285 1078 ecclesia
1326 1027 1588 1076 succedere
1625 1030 1809 1091 posset,
1844 1043 1900 1075 ac
1941 1027 2088 1076 etiam

316 1108 455 1157 bonis
496 1126 588 1173 que
631 1111 691 1158 ad
741 1111 1013 1174 aliquorum
1055 1128 1228 1159 manus
1271 1110 1602 1174 pervenissent
1646 1114 1693 1158 et
1735 1110 1817 1158 illa
1852 1110 2089 1159 habentes

316 1191 488 1253 quibus
527 1194 716 1241 restitui
749 1194 976 1253 debeant,
1017 1195 1242 1258 ignorant
1278 1194 1352 1242 vel
1389 1193 1611 1241 dubitant
1649 1208 1924 1256 quanquam
1961 1193 2088 1242 male

314 1274 473 1323 ablata
497 1292 586 1339 per
620 1292 703 1324 eos
731 1292 826 1324 non
857 1277 1080 1336 existant,
1118 1278 1203 1325 sed
1234 1278 1354 1325 alias
1384 1277 1465 1324 illa
1497 1277 1556 1324 ad
1589 1292 1672 1324 eos
1703 1276 2013 1339 pervenerint
2041 1281 2088 1324 ct

314 1358 536 1406 similiter
561 1360 620 1407 de
645 1360 722 1407 his
747 1377 840 1423 que
862 1361 1156 1424 pauperibus
1173 1363 1220 1408 et
1245 1360 1349 1409 aliis
1374 1360 1465 1424 piis
1481 1359 1602 1407 locis
1627 1360 1676 1406 in
1700 1375 1877 1423 genere
1903 1359 2084 1423 absque

313 1441 407 1488 ulla
453 1442 652 1505 speciali
692 1443 1098 1491 determinatione
1140 1437 1310 1491 relicta
1349 1442 1545 1490 fuerunt
1589 1446 1683 1490 tam
1726 1458 1814 1506 pro
1852 1442 2084 1505 preterito

311 1539 455 1586 quam
478 1524 640 1572 futuro
671 1525 977 1588 temporibus
1008 1525 1353 1589 componendi,
1385 1525 1453 1573 ita
1480 1529 1533 1573 ut
1560 1525 1716 1573 soluta
1746 1524 1907 1587 aliqua
1928 1540 2083 1588 quan-

311 1606 447 1653 titate
483 1622 569 1669 pro
599 1607 694 1654 hoc
730 1612 898 1655 sancto
936 1602 1157 1671 opere'in
1193 1608 1350 1671 capsis
1375 1607 1606 1671 predictis
1638 1624 1665 1654 a
1688 1607 1987 1670 reliquorum
2012 1609 2081 1655 sic

310 1689 593 1737 relictorum
611 1692 659 1738 et
674 1690 798 1738 male
825 1691 1113 1751 ablatorum,
1135 1707 1191 1739 ac
1215 1708 1302 1755 per
1325 1691 1597 1739 usurariam
1613 1691 1897 1755 pravitatem
1923 1694 2082 1747 extor-

311 1776 496 1831 torum,
540 1789 626 1821 seu
662 1790 754 1837 que
793 1774 853 1822 ad
901 1790 982 1822 eos
1021 1775 1115 1822 alia
1152 1780 1473 1839 pervenerunt
1511 1779 1558 1823 et
1594 1774 1671 1823 cui
1718 1791 1776 1822 ea
1822 1776 2078 1823 restituere

308 1855 535 1916 debeant,
565 1857 795 1920 ignorant
818 1857 893 1904 vel
918 1858 1158 1917 dubitant,
1178 1861 1230 1906 ut
1253 1858 1521 1922 prefertur,
1539 1857 1854 1916 restitutioni,
1874 1858 2078 1906 absoluti

309 1940 516 1987 existant
542 1943 589 1987 et
614 1940 737 1988 ultra
766 1941 1026 1988 restituere
1058 1941 1257 1988 minime
1287 1944 1559 2001 teneantur,
1590 1942 1658 1988 eis
1684 1941 1984 1989 concedendi
2014 1941 2080 1988 si—

308 2022 467 2070 monie
493 2023 543 2070 in
558 2023 808 2071 ordinibus
820 2023 894 2071 vel
915 2023 1167 2072 beneficiis
1191 2025 1450 2072 commisse
1474 2024 1582 2071 labe
1605 2024 1812 2087 pollutos
1839 2024 1899 2071 ad
1920 2023 2077 2088 ipsum

306 2122 425 2169 opus
450 2106 799 2154 contribuentis
831 2123 859 2154 a
890 2107 1098 2155 simonia
1126 2107 1425 2171 hujusmodi,
1470 2110 1517 2154 et
1547 2123 1575 2154 a
1606 2107 1827 2154 censuris
1860 2110 1909 2154 et
1939 2106 2077 2170 penis

308 2189 653 2238 ecclesiasticis
688 2206 808 2253 quas
846 2193 1049 2253 propter
1085 2207 1143 2238 ea
1177 2191 1487 2238 incurrerunt
1517 2190 1813 2238 absolvendi.
1847 2192 1905 2237 Et
1932 2205 2078 2253 super

306 2272 687 2337 irregularitate,
708 2274 746 2320 si
771 2289 916 2336 quam
933 2274 1150 2321 censuris
1167 2274 1351 2321 eisdem
1366 2273 1520 2337 ligati,
1546 2273 1717 2321 missas
1742 2276 1789 2320 et
1805 2273 1897 2321 alia
1918 2273 2076 2320 divina

306 2357 466 2404 officia
491 2358 604 2421 (non
630 2362 793 2404 tamen
817 2357 866 2404 in
897 2360 1230 2421 contemptum
1262 2356 1483 2421 clavium)
1513 2357 1808 2404 celebrando
1839 2360 1922 2404 aut
1956 2356 2074 2404 alias

305 2440 474 2488 divinis
503 2457 554 2488 se
586 2441 927 2499 immiscendo,
969 2457 1050 2488 seu
1092 2440 1208 2488 alias
1248 2439 1613 2503 quomodolibet
1651 2440 1798 2488 etiam
1836 2439 2076 2487 beneficia

305 2523 637 2571 ecclesiastica
668 2524 1021 2587 premissorum
1052 2525 1306 2573 occasione
1337 2524 1413 2572 vel
1446 2523 1566 2571 alias
1596 2523 1757 2571 debite
1790 2522 2072 2587 occupando

306 2611 616 2671 preterquam
641 2607 828 2655 ratione
854 2607 1103 2656 homicidii
1134 2607 1393 2655 voluntarii
1424 2611 1471 2656 et
1501 2606 1712 2671 bigamie
1743 2606 2074 2654 contraxerint

304 2690 611 2754 disponendi,
639 2706 904 2754 omnesque
929 2690 1250 2738 inhabilitatis
1264 2696 1312 2738 et
1325 2689 1523 2738 infamie
1540 2689 1782 2738 maculam
1799 2689 1895 2738 sive
1908 2692 2072 2737 notam

303 2774 475 2821 exinde
512 2774 880 2837 provenientem
909 2773 1152 2832 abolendi,
1186 2778 1233 2822 et
1265 2777 1315 2821 ut
1360 2773 1409 2835 in
1436 2773 1503 2820 sic
1549 2772 1785 2835 susceptis
1821 2770 2070 2819 ordinibus

303 2857 603 2915 ministrare,
641 2860 688 2904 et
718 2857 787 2904 sle
817 2857 1006 2919 quesita
1036 2856 1275 2904 beneficia
1306 2854 1754 2916 ecclesiasticaque
1792 2856 1986 2902 extunc
2010 2853 2068 2902 de

306 2936 429 2988 novo
455 2940 632 2988 collata
671 2939 741 2986 eis
772 2942 1018 2997 censeant,
1063 2941 1112 2986 et
1144 2945 1402 3002 perceptos
1431 2953 1489 2986 ex
1520 2938 1588 2985 eis
1624 2937 1807 2986 fructus
1837 2938 1984 2986 etiam
2009 2953 2068 2985 ex

303 3023 490 3071 ratione
515 3022 788 3070 amissionis
811 3022 1044 3070 horarum
1070 3021 1415 3069 canonicarum
1440 3018 1773 3069 etdivinorum
1798 3020 2066 3068 officiorum

301 3107 428 3154 facta
449 3105 608 3168 aliqua
629 3104 980 3168 compositione
997 3119 1107 3152 cum
1125 3104 1194 3151 eis
1215 3104 1262 3152 in
1285 3119 1407 3168 opus
1420 3104 1565 3168 hujus
1581 3104 1712 3152 modi
1731 3106 2066 3153 convertentes

299 3190 509 3237 retinere
545 3188 751 3248 valeant,
781 3188 850 3235 eis
887 3188 1185 3236 concedendi
1219 3188 1267 3235 in
1298 3187 1403 3236 foro
1435 3186 1731 3236 conscientie
1760 3188 1992 3236 duntaxat
2018 3192 2065 3235 et

299 3288 626 3336 quoscumque
642 3271 721 3334 qui
739 3271 903 3334 quavis
919 3271 1049 3319 licita
1061 3271 1134 3318 vel
1153 3267 1320 3319 illicita
1338 3270 1627 3334 cognatione
1643 3270 1947 3335 provenienti
1965 3269 2065 3318 affi-

296 3355 464 3413 nitate,
486 3353 905 3417 consanguinitate
922 3370 978 3400 cx
995 3353 1282 3417 cognatione
1299 3353 1565 3402 carnalivel
1580 3353 1839 3417 spirituali,
1857 3352 2062 3416 simplici

297 3442 379 3486 aut
403 3437 656 3501 multiplici
679 3436 830 3500 gradu
853 3453 907 3485 ac
930 3449 1235 3499 quocumque
1253 3436 1444 3500 publice
1470 3437 1754 3496 honestatis,
1775 3435 1959 3500 justitie
1976 3434 2062 3482 im-
