2228 3938
184 327 289 368 [Aout
311 330 400 369 1301}
614 330 782 368 RERUM
815 329 1115 368 URBANARUM
1145 330 1495 370 COMMENTARII.
1891 337 1959 374 159

252 451 274 475 «
304 432 481 481 Facule
511 431 689 491 ilibre,
728 494 730 496 Υ
923 447 1124 480 uumero
1160 449 1231 491 cc,
1355 433 1448 483 libr
1454 472 1748 484 ........
1899 453 1954 486 cc

252 535 272 556 «
302 516 476 564 Facule
502 515 661 564 medie
683 515 826 573 libre,
854 534 857 537 ’
1000 535 1021 558 »
1116 545 1118 548 -
1159 532 1231 574 cc,
1392 539 1413 561 »
1483 557 1750 567 .......
1936 536 1962 568 c

255 619 276 640 «
301 599 477 648 Facule
500 615 550 648 1v
574 599 842 657 unciarum,
1000 619 1021 641 »
1159 606 1242 659 11¹³,
1393 621 1414 644 »
1473 639 1746 652 .......
1807 620 1956 653 οΧιιιι

252 702 274 726 «
302 683 512 731 Candele
537 683 597 731 de
622 699 688 730 xx
706 697 794 746 pro
817 682 957 742 libra,
999 703 1020 725 »
1400 705 1420 727 »
1485 724 1752 734 .......
1898 704 1962 736 xx

246 767 301 813 Et
337 765 423 814 fuit
457 765 748 815 abundantia
780 766 840 814 de
877 766 1102 814 omnibus
1139 783 1227 831 pro
1261 772 1421 817 castro
1456 768 1640 818 doloris
1677 771 1808 834 quod
1843 771 1958 820 fecit

181 848 414 912 magister
443 850 814 898 Bartholomeus
844 849 1039 910 Floreti,
1079 850 1313 914 lignarius
1349 852 1532 916 palatii.
1571 853 1726 902 Soluti
1766 854 1960 904 fuerunt

180 931 343 981 ducati
367 932 564 998 triginta
583 933 642 981 de
667 933 875 982 carlenis
899 938 947 982 et
970 934 1130 998 pictor
1146 934 1260 982 fecit
1279 935 1521 998 picturam
1545 936 1604 985 de
1621 937 1795 985 decem
1809 938 1960 986 armis

178 1031 267 1079 pro
291 1015 482 1075 ducato,
516 1032 603 1081 pro
629 1016 816 1066 honore
841 1033 945 1066 suo.
976 1017 1084 1065 Fuit
1114 1021 1277 1066 tamen
1311 1023 1568 1067 contentus
1598 1020 1727 1084 quod
1754 1020 1803 1068 in
1830 1021 1961 1070 solu-

180 1098 310 1147 tione
335 1099 664 1148 defalcaretur
684 1103 873 1149 tantum
895 1103 1131 1164 quantum
1157 1101 1374 1164 placeret
1395 1102 1706 1152 solutoribuS.

244 1184 404 1246 Supra
424 1186 638 1231 castrum
659 1184 839 1232 doloris
858 1184 1015 1248 posite
1035 1185 1232 1233 fuerunt
1250 1186 1453 1234 candele
1480 1190 1686 1250 quatuor
1707 1188 1962 1237 unciarum

178 1280 384 1315 numero
409 1267 757 1333 quadraginta3
784 1268 1089 1317 funestorum
1113 1269 1311 1318 fuerunt
1331 1286 1538 1319 numero
1559 1278 1757 1321 centum
1775 1277 1823 1322 et
1848 1290 1963 1337 qua-

178 1349 447 1398 tuordecim
476 1350 557 1415 qui
582 1351 811 1400 sederunt
834 1352 885 1400 in
908 1352 1002 1401 illis
1030 1353 1217 1401 duabus
1248 1354 1444 1418 capellis
1471 1355 1610 1419 juxta
1633 1361 1847 1405 castrum
1872 1356 1961 1405 do-

175 1430 310 1492 loris,
349 1433 583 1483 altaribus
621 1435 813 1484 illorum
854 1436 1051 1485 renibus
1086 1436 1236 1485 versis
1274 1442 1322 1485 et
1360 1437 1543 1501 aliquot
1582 1443 1692 1487 ante
1726 1439 1860 1487 illam
1899 1440 1959 1488 ad

179 1513 423 1564 sinistram
447 1517 690 1579 intrantiS,
714 1519 780 1568 ita
798 1523 964 1568 tamen
988 1520 1118 1583 quod
1143 1520 1399 1568 transitum
1424 1521 1737 1570 cardinalium
1761 1527 1808 1571 et
1826 1526 1959 1571 cete-

178 1611 344 1647 rorum
382 1601 463 1664 qui
502 1602 630 1651 inter
671 1618 755 1651 eos
800 1608 847 1652 et
883 1606 1096 1651 castrum
1134 1603 1314 1651 doloris
1356 1608 1461 1652 erat
1502 1621 1600 1653 non
1646 1605 1955 1670 impedirent.

178 1679 470 1731 Custodibus
500 1700 611 1734 cere
641 1685 751 1734 dedi
782 1686 924 1735 aliam
955 1686 1192 1745 cedulam,
1225 1687 1360 1751 juxta
1389 1704 1534 1752 quam
1566 1689 1742 1738 darent
1776 1690 1959 1739 faculas

180 1767 229 1813 et
251 1764 485 1815 intortitia
502 1767 788 1818 officialibus
815 1769 903 1818 sub
924 1769 1001 1818 his
1023 1770 1202 1818 verbis
1613 1783 1615 1785 “

249 1869 270 1892 «
297 1852 401 1898 Una
422 1851 547 1900 libra
564 1852 749 1902 incensi
773 1870 862 1917 pro
884 1854 1096 1903 turibulo

246 1953 268 1976 «
297 1934 523 1984 Sacristie
545 1939 672 2000 Pape
697 1937 986 1986 intortitium
1007 1954 1155 1986 unum
1182 1955 1227 1986 ιν
1250 1939 1357 1987 libr.

246 2037 268 2059 «
293 2019 496 2082 Regenti
519 2020 803 2069 cancellarie
881 2042 902 2065 »
1063 2042 1084 2064 »
1195 2043 1216 2065 »
1312 2043 1333 2064 »

245 2119 267 2143 «
296 2101 490 2150 Custodi
515 2103 737 2167 ejusdem
884 2126 903 2147 »
1067 2126 1088 2149 »
1200 2127 1220 2149 υ
1317 2127 1337 2149 »

245 2205 267 2228 «
296 2186 501 2235 Ol'alUI'O
886 2209 906 2232 »
1070 2211 1090 2234 υ
1201 2211 1221 2233 ))
1317 2211 1338 2233 ν)

246 2289 268 2312 «
296 2269 621 2319 Servientibus
644 2287 892 2321 armorum
909 2273 1146 2322 intortitia
1166 2274 1261 2323 duo
1286 2291 1330 2322 1v
1351 2274 1586 2323 librarum

247 2373 270 2397 «
296 2352 490 2402 Eisdem
512 2354 826 2405 servientibus
847 2357 1028 2405 faculas
1048 2395 1486 2407 ...........
1576 2374 1671 2406 xxv

249 2458 271 2480 «
297 2437 579 2486 Cantoribus
604 2439 790 2503 capelle
817 2442 946 2504 Pape
970 2440 1153 2490 faculas
1181 2479 1488 2490 ........
1559 2458 1670 2491 xxvi

246 2541 268 2564 «
296 2521 535 2584 Magistris
569 2521 777 2570 ostiariis
804 2523 986 2571 faculas
1001 2561 1488 2573 ............
1593 2543 1670 2575 xv¹

249 2625 271 2647 «
297 2604 582 2653 Cursoribus
608 2607 735 2670 Pape
758 2606 970 2654 faculaS.
1004 2645 1013 2654 .
1046 2645 1056 2654 .
1091 2646 1100 2655 .
1134 2644 1144 2654 .
1177 2645 1187 2655 .
1221 2645 1230 2654 .
1264 2646 1273 2656 .
1306 2647 1314 2656 .
1349 2646 1358 2655 .
1392 2647 1401 2656 .
1436 2648 1444 2656 .
1480 2618 1490 2657 ζ
1587 2626 1670 2659 xix
1749 2623 1764 2654 1
1786 2608 1896 2656 libr.

248 2710 270 2733 «
298 2690 583 2738 Custodibus
619 2676 755 2754 po'rte
790 2691 962 2749 ferree,
1003 2690 1158 2754 prime
1195 2697 1354 2756 porte,
1393 2692 1490 2741 sive

179 2757 240 2821 ad
260 2778 504 2833 catenam,
530 2774 711 2823 faculas
742 2811 1488 2825 ..................
1596 2792 1665 2824 vu

249 2878 270 2902 «
299 2858 589 2907 Custodibus
615 2859 724 2907 ostii
747 2858 875 2907 horti
898 2859 1072 2908 secreti
1096 2859 1281 2908 faculas
1306 2897 1488 2908 .....
1630 2875 1662 2907 11

249 2961 271 2986 «
296 2941 500 2991 Cuilibet
518 2942 848 3007 parafrenario
873 2944 956 2992 SS.
979 2946 1037 2991 D.
1063 2945 1120 2992 N.
1146 2948 1195 2992 et
1221 2943 1541 2992 cardinalium
1569 2949 1665 2992 tres
1691 2959 1778 3007 pro
1807 2943 1963 3007 quoli-

182 3022 291 3083 bet3
319 3041 467 3074 unam
491 3026 650 3074 medie
678 3026 818 3086 libre,
847 3042 940 3090 que
970 3032 1172 3091 possunt
1196 3027 1298 3075 dari
1327 3027 1512 3076 decano
1542 3043 1712 3076 eorum
1745 3044 1832 3092 pro
1863 3042 1965 3075 om-

183 3106 356 3157 nibus:
394 3114 441 3158 et
474 3111 613 3159 datur
648 3111 805 3160 solum
841 3110 1184 3174 parafrenariis
1216 3110 1533 3160 cardinalium
1577 3110 1878 3175 presentium
1915 3110 1963 3158 in

185 3191 309 3239 Urbe
331 3197 379 3242 et
399 3209 498 3242 non
519 3195 807 3244 absentium.
840 3215 862 3239 »
1195 3209 1198 3211 ’

250 3274 371 3322 Dedi
394 3276 540 3326 etiam
566 3278 788 3327 cedulam
819 3295 906 3343 pro
938 3277 1232 3343 paramentis
1259 3277 1309 3326 in
1334 3278 1521 3343 capella
1553 3280 1679 3343 Pape
1707 3276 1965 3334 habendis,

182 3354 460 3419 hujusmodi
486 3361 683 3422 tenoris,
711 3362 950 3412 videlicet.

254 3461 274 3483 «
305 3440 591 3493 Paramenta
624 3447 788 3495 omnia
818 3462 906 3511 pro
935 3446 1209 3496 celebrante
1243 3451 1291 3510 et
1323 3446 1530 3496 diacono
1559 3451 1604 3494 et
1637 3445 1959 3494 subdiacono:
