2202 3918
282 370 352 406 388
877 369 1111 406 JOHANNIS
1145 368 1440 414 BURCHARDI,
1589 368 1591 370 ’
1858 369 1943 423 [Ma-i
1965 371 2057 410 1505]

349 471 531 530 Martis,
567 474 594 518 6
619 471 750 530 maii,
786 470 1072 535 inceperunt
1097 472 1292 520 visitare
1320 471 1608 530 cardinaleS,
1637 486 1844 534 quorum
1876 470 2059 534 primus

284 556 372 604 fuit
402 553 764 618 Neapolitanus.

348 636 593 695 Mercurii,
626 642 649 684 7
676 637 808 696 maii,
850 638 938 686 fuit
962 639 1306 688 consistorium
1342 642 1603 697 secretum,
1628 638 1675 685 in
1699 654 1813 702 quo,
1847 638 1909 686 ad
1931 637 2061 686 rela*

287 722 469 769 tionem
513 721 637 768 Rmi.
688 721 946 769 cardinalis
995 722 1252 770 Gurcensis
1297 722 1614 770 confirmatus
1652 721 1741 769 fuit
1782 722 1964 770 electus
2003 722 2063 769 ad

287 803 545 854 ecclesiam
567 820 608 852 s.
634 804 889 869 Augustini
913 807 969 852 D.
998 807 1035 853 N
1045 842 1135 854 .....
1148 844 1157 865 ,
1188 810 1235 854 et
1262 805 1391 853 idem
1413 804 1655 868 prefectus
1679 805 1728 851 in
1760 805 2061 869 episcopum.

353 886 563 946 Sabbati,
593 890 650 935 10
673 887 805 948 maii,
830 887 991 952 vigilia
1013 891 1340 949 Pentecostes,
1368 903 1567 952 vespere
1587 887 1787 951 papales
1808 888 1858 935 in
1879 875 2068 952 capella

287 970 475 1034 majori,
500 973 727 1033 presente
753 973 897 1034 Papa.

354 1052 606 1101 Dominica
638 1056 969 1113 Pentecostes,
1000 1058 1051 1102 11
1089 1055 1221 1114 maii,
1248 1054 1335 1103 fuit
1364 1055 1513 1102 missa
1533 1055 1582 1103 in
1618 1054 1818 1103 basilica
1842 1073 1880 1104 s.
1916 1055 2063 1115 Petri,

290 1152 433 1199 quam
465 1136 724 1185 celebravit
757 1138 1015 1185 cardinalis
1053 1155 1090 1186 s.
1133 1138 1343 1202 Georgii,
1380 1141 1511 1202 Papa
1541 1144 1794 1202 presente3
1830 1139 1911 1202 qui
1939 1139 2068 1187 venit

290 1221 379 1267 sub
403 1236 556 1284 regno
578 1237 665 1284 per
686 1223 903 1269 oratores
926 1224 1138 1270 Venetos
1160 1222 1248 1269 sub
1272 1221 1423 1284 qlorz'a
1449 1222 1498 1268 in
1530 1222 1744 1282 excelsis;
1769 1221 1879 1269 dedi
1903 1221 2067 1269 locum

289 1302 417 1350 inter
446 1303 743 1363 assistentes,
770 1303 828 1351 de
850 1304 1080 1351 mandato
1098 1306 1244 1367 Pape,
1271 1306 1326 1351 D.
1353 1304 1514 1352 Cesari
1537 1304 1694 1352 electo
1720 1304 1915 1362 PisanO,
1940 1308 1988 1353 et
2009 1304 2067 1352 de

293 1385 519 1433 mandato
567 1386 787 1450 ejusdem
828 1389 958 1450 Pape
997 1387 1095 1434 dixi
1133 1386 1334 1451 singulis
1374 1387 1702 1434 cardinalibus
1740 1387 1867 1450 quod
1906 1387 2068 1435 nullus

290 1467 498 1515 debebat
519 1468 756 1517 interesse
779 1469 998 1517 comedie
1021 1485 1113 1531 que
1135 1469 1210 1517 die
1236 1469 1452 1517 crastina
1470 1468 1633 1517 fienda
1655 1473 1784 1516 esset
1804 1469 1854 1516 in
1873 1469 2070 1532 Sapien-

289 1551 356 1598 tia
380 1567 465 1614 pro
490 1551 675 1599 honore
698 1552 891 1615 collegii
907 1552 1248 1611 cardinalium;
1274 1553 1403 1615 quod
1422 1552 1596 1616 singuli
1611 1551 1882 1599 cardinales
1901 1552 2069 1599 obser-

289 1637 534 1682 vaverunt.
564 1636 850 1682 Sermonem
886 1634 999 1683 fecit
1024 1637 1080 1683 D.
1115 1635 1361 1682 Johannes
1389 1635 1675 1682 Franciscus
1706 1634 1765 1682 de
1798 1635 2064 1694 Placentia,

292 1717 586 1765 secretarius
609 1733 647 1765 S.
681 1719 807 1765 Petri
834 1718 895 1765 ad
914 1717 1120 1767 Vincula
1145 1717 1422 1776 cardinalis,
1453 1721 1501 1765 et
1527 1717 1651 1765 bene
1675 1719 1805 1780 Papa
1829 1717 2070 1766 concessit

292 1799 641 1863 indulgentiam
657 1800 827 1848 decem
845 1816 1102 1859 annorum,
1125 1816 1267 1864 quam
1283 1800 1575 1864 publicando
1593 1799 1708 1847 dixit
1729 1799 1898 1848 decem
1914 1815 2066 1847 annos

292 1882 351 1930 de
372 1898 484 1930 vera
497 1882 789 1945 penitentia;
811 1883 957 1930 voluit
972 1884 1239 1931 concedere
1255 1882 1522 1946 plenariam
1540 1882 1892 1946 indulgentiam
1915 1884 2064 1946 Papa,

292 1965 383 2012 nisi
406 1966 734 2013 Bernardinus
765 1967 969 2013 Gutterii
1004 1967 1348 2030 impedivisset,
1381 1966 1641 2015 asserendo
1676 1982 1775 2014 non
1806 1981 1912 2014 esse
1949 1981 2069 2014 con-

294 2051 504 2095 suetum.

360 2133 508 2190 Lune,
559 2134 615 2178 12
659 2131 797 2190 maii,
841 2132 1046 2180 recessit
1087 2148 1145 2179 ex
1193 2132 1320 2181 Urbe
1364 2135 1420 2181 D.
1466 2133 1700 2181 Antonius
1742 2131 2064 2190 Justinianus,

295 2213 521 2276 antiquus
546 2218 713 2262 orator
740 2218 1055 2273 Venetorum,
1088 2218 1136 2263 et
1160 2215 1410 2275 mercurii,
1441 2215 1490 2263 in
1518 2231 1677 2274 mane,
1712 2215 1772 2263 de
1795 2218 1905 2263 octo
1935 2214 2070 2262 novis

296 2297 592 2357 oratoribus,
634 2302 971 2346 remanserunt
1009 2300 1065 2345 D.
1107 2297 1283 2346 Paulus
1323 2297 1524 2346 Pisanus
1562 2300 1611 2346 et
1649 2300 1707 2345 D.
1749 2297 2070 2362 Hieronymus

296 2382 511 2427 Donatus
535 2380 584 2427 in
611 2381 749 2428 curia
768 2396 858 2444 pro
880 2381 1089 2444 negotiis
1110 2380 1387 2428 Communis
1407 2384 1725 2431 Venetorum.

361 2463 610 2521 Mercurii,
659 2467 714 2511 14
759 2464 896 2523 maii,
937 2465 985 2512 in
1033 2470 1224 2512 secreto
1265 2464 1578 2524 consistorio,
1618 2463 1836 2528 deputati
1878 2463 2076 2511 fuerunt

297 2546 463 2594 RRmi.
490 2549 592 2595 DD.
620 2563 658 2595 s,
694 2548 924 2607 Severini,
957 2564 995 2594 s.
1024 2548 1254 2595 Praxedis
1285 2550 1333 2595 et
1360 2547 1691 2596 Salernitanus
1713 2547 1772 2608 ad
1797 2546 2076 2595 reforman-

297 2629 408 2676 dam
430 2630 724 2678 excessivam
750 2631 1047 2679 taxationem
1066 2631 1284 2679 omnium
1307 2631 1590 2679 officialium
1614 2645 1814 2678 romane
1841 2630 1993 2688 curie,
2029 2632 2078 2677 et

298 2712 357 2759 ad
394 2712 611 2761 debitum
645 2714 843 2762 modum
881 2715 1137 2775 reducere,
1177 2717 1378 2779 propter
1416 2713 1663 2778 querelam
1703 2713 1908 2762 oratoris
1946 2713 2077 2778 regis

300 2796 619 2845 Francorum.

368 2880 595 2939 Sabbato,
620 2884 694 2939 17,
712 2880 874 2944 vigilia
887 2881 1151 2941 Trinitatis,
1178 2882 1374 2930 fuerunt
1388 2895 1588 2944 vespere
1609 2878 1870 2944 papalesin
1893 2877 2080 2941 capella

303 2962 497 3025 majori,
535 2965 664 3026 Papa
704 2967 947 3026 presente,
985 2965 1101 3012 etin
1138 2964 1382 3012 dominica
1422 2962 1661 3026 sequenti,
1694 2961 1841 3009 missa
1875 2960 2074 3019 ibidem,

303 3061 447 3108 quam
479 3045 741 3093 celebravit
776 3046 1033 3094 cardinalis
1063 3047 1375 3096 Arborensis.
1402 3048 1689 3094 Sermonem
1715 3043 1826 3091 fecit
1848 3044 2081 3106 magister

304 3128 528 3175 Nicolaus
564 3128 624 3175 de
664 3130 815 3186 Luca,
857 3129 1044 3176 ordinis
1085 3131 1342 3178 Minorum.
1384 3128 1539 3176 Finita
1581 3126 1745 3186 missa,
1786 3126 2080 3190 interrogavi

307 3212 487 3273 Papam
527 3211 586 3258 de
623 3210 700 3259 via
734 3211 1059 3273 processionis
1096 3212 1320 3275 Corporis
1357 3209 1536 3258 Christi
1570 3211 1617 3256 et
1650 3209 1793 3267 hora;
1834 3209 2083 3272 respondit

307 3293 434 3354 quod
461 3309 611 3356 usque
646 3293 706 3340 ad
737 3293 936 3340 domum
973 3293 1231 3341 cardinalis
1255 3293 1493 3351 Elnensis,
1533 3292 1656 3340 hora
1680 3306 1826 3351 nona,
1867 3296 1914 3341 et
1954 3291 2083 3355 quod

307 3375 377 3422 via
404 3380 660 3424 ornaretur
687 3376 859 3440 pannis
886 3392 975 3439 per
998 3377 1287 3437 cardinales,
1315 3391 1448 3425 more
1472 3375 1632 3423 solito.

373 3460 554 3519 Martis,
581 3464 641 3508 20
670 3460 801 3519 maii,
827 3459 1050 3508 intimata
1073 3461 1160 3509 suit
1183 3477 1269 3525 per
1293 3464 1394 3509 tres
1420 3459 1615 3508 cedulas
1639 3452 1797 3524 sigillo
1819 3459 1946 3507 Rmi.
1973 3475 2083 3508 car—
